3030 4864
676 343 680 352 .
757 275 822 344 tu

290 459 417 528 Deinde
439 459 473 524 in
494 457 673 524 desertiora
694 458 766 527 toea
785 461 946 545 venimus,
961 465 996 526 et
1017 460 1137 544 ineepit
1158 460 1250 544 nepio
1271 459 1375 543 magb

205 584 247 632 ae
265 568 370 650 magis
391 564 521 630 deserta
550 573 585 629 et
606 565 757 630 inhabilis
779 568 858 632 lieri.
900 568 938 630 lu
961 569 1064 631 ionum
1087 573 1194 628 antem
1216 559 1375 646 quendam

205 671 366 752 venimus,
380 670 414 734 in
435 687 499 753 quo
522 670 691 736 videbatur
709 673 815 736 subse
828 689 1005 737 eoneursns
1027 671 1196 736 multarum
1210 683 1375 749 aquarum,

205 778 300 860 quest
322 775 413 838 laeua
433 775 479 838 ibi
501 775 634 858 misser,
656 786 688 842 et
717 778 764 844 ibi
785 787 875 842 erarn
897 776 1156 841 multae-foveae
1177 789 1316 855 magonae
1336 787 1378 834 ex
1494 811 1495 826 r

205 899 362 964 aquarum
385 879 524 946 deeursu
546 881 669 965 laetae,
691 889 727 945 et
753 883 829 948 lieet
856 884 946 966 regio
970 883 1015 946 ibi
1043 889 1131 944 esset
1157 879 1270 963 plana,
1291 883 1377 940 terra

206 995 315 1051 tamen
335 994 406 1050 erat
433 984 677 1071 distortissimo,
699 995 731 1050 et
753 990 918 1072 oportebat
951 1005 1013 1050 nos
1037 987 1109 1051 sine
1138 981 1377 1050 intermissione

205 1089 387 1154 esmndere
407 1096 442 1154 et
464 1090 663 1156 deseendere
683 1109 757 1155 eum
779 1110 896 1177 magna
923 1093 1034 1176 latigo.
1068 1090 1167 1154 Porro
1188 1091 1222 1151 in
1244 1083 1377 1150 meridie

207 1213 319 1260 veram
343 1198 506 1280 regionem
527 1205 646 1262 vastae
668 1195 852 1277 solitudinis
873 1200 1055 1282 attigimus,
1077 1197 1110 1260 in
1138 1213 1203 1280 qna
1233 1191 1377 1275 prolaeta

207 1319 274 1364 non
301 1300 462 1363 habitavit
489 1285 587 1366 berno
615 1320 678 1366 nee
710 1303 854 1365 habitare
885 1311 1002 1384 potest.
1055 1300 1107 1364 De
1132 1299 1265 1384 planitie
1292 1295 1377 1358 eninr

209 1412 364 1469 montana
384 1405 592 1470 aseendirnus
611 1407 645 1468 in
665 1414 782 1470 terram
805 1407 885 1470 solis
907 1406 1074 1469 ardoribus
1095 1405 1242 1470 adustam
1263 1411 1295 1465 et
1317 1417 1378 1484 pe·

209 1511 297 1574 nitus
318 1509 568 1593 intruetuoaam,
597 1512 759 1574 montibus
790 1511 972 1600 seepnlosis
1000 1519 1033 1574 et
1054 1509 1190 1574 collibus
1222 1506 1377 1586 arenosis,

209 1607 405 1678 torrentibus
425 1613 556 1677 saxosis
574 1621 607 1677 et
634 1614 838 1678 horribilibus
864 1614 1002 1697 plenam.
1045 1615 1242 1678 Intrantibus
1268 1619 1378 1676 antem

202 1717 320 1808 *nobis*
336 1715 541 1782 solitudinem
574 1719 745 1785 babuimus
776 1719 904 1783 obviam
944 1720 1156 1794 karravanam
1190 1719 1210 1781 ’a
1246 1736 1275 1779 e.
1317 1733 1381 1779 ex·

194 1823 344 1918 *ercitum
376 1822 539 1887 bominum
571 1843 643 1890 euru
666 1825 798 1889 camelis
823 1834 856 1889 et
887 1826 989 1889 asinis
1011 1831 1044 1887 et
1078 1823 1288 1888 vebo-enter
1318 1837 1382 1884 ex·

209 1928 358 2012 pavimus
389 1929 552 2013 timentes,
584 1947 642 1993 eos
672 1948 748 1995 esse
778 1932 921 1998 latrones
950 1931 1057 1996 eremi.
1096 1928 1163 1993 Sed
1195 1945 1268 1992 eum
1297 1941 1381 1988 enn-

209 2033 426 2117 venissemus,
440 2031 547 2098 nullns
568 2037 728 2100 se'movit
749 2046 861 2101 eontra
882 2056 943 2103 uos
965 2045 1000 2100 et
1012 2053 1093 2102 'eum
1115 2033 1244 2100 silentio
1266 2031 1380 2094 ambae

213 2146 339 2203 turmae
369 2155 409 2202 se
446 2138 587 2203 invieenr
621 2143 869 2223 pertransibant.
922 2141 1030 2210 Valde
1066 2143 1151 2206 enim
1182 2132 1382 2203 tornitnlost

212 2244 332 2308 inimus
371 2243 411 2306 ed
445 2245 718 2330 quorumcumque
747 2248 1056 2311 contravenientium
1088 2253 1270 2328 aspectum,
1305 2239 1380 2323 qnia

211 2349 313 2413 muita
333 2347 418 2410 mala
439 2348 568 2412 inerunt
593 2349 688 2413 nobis
712 2351 894 2436 praedieta,
916 2369 999 2435 qnae
1020 2351 1149 2434 passuri
1170 2363 1318 2410 munaus
1339 2343 1380 2405 ab

210 2451 374 2515 Arabibus
394 2471 453 2534 per
474 2453 650 2518 desertum.
694 2455 774 2519 Post
794 2455 857 2521 hoo
876 2457 911 2520 in
932 2441 1091 2539 quendam
1120 2451 1297 2514 distrietnm
1318 2465 1381 2509 ve-

211 2557 318 2621 nimus
345 2565 377 2619 et
406 2557 545 2641 alonge
572 2561 710 2622 tentoria
731 2560 798 2642 (b)
826 2567 860 2622 et
886 2555 1094 2622 tabernaenla
1114 2553 1258 2618 vidimus
1283 2569 1380 2614 seeus

211 2663 298 2727 vlam
311 2670 464 2747 nostram,
478 2665 597 2748 quibes
618 2661 701 2726 visis
716 2644 895 2727 enutriatati
916 2662 1036 2726 inimus
1049 2669 1082 2724 et
1104 2659 1145 2724 ad
1158 2655 1380 2730 nrstbrendara

211 2765 449 2832 tribulationem
470 2785 531 2832 uos
551 2767 825 2852 praeparavimus,
844 2787 908 2830 nou
927 2767 1011 2830 enim
1033 2775 1084 2829 eet
1104 2767 1150 2830 ibi
1170 2764 1262 2827 loeus
1283 2779 1383 2846 prae-

211 2871 347 2956 parandi
375 2889 414 2960 se
436 2872 478 2935 ad
503 2871 726 2937 defensionem
756 2873 809 2936 vel
835 2873 877 2938 ad
911 2871 1171 2955 repugnandum,
1191 2867 1250 2931 sed
1276 2867 1382 2930 solnm

213 2976 255 3041 ad
273 2977 435 3060 patienter
454 2978 677 3042 sustinendum
704 2988 736 3042 et
757 2977 798 3041 ad
821 2975 1105 3042 suoeumbendnnr.
1135 2972 1218 3038 cnm
1240 2991 1318 3057 ergo
1339 2969 1382 3034 ad

211 3081 271 3146 illa
290 3085 428 3146 tentoria
439 3083 656 3164 venbsemns,
670 3083 800 3148 stabant
820 3082 951 3166 quidem
973 3087 1050 3144 ante
1063 3080 1200 3144 tentoria
1220 3080 1283 3143 viri
1298 3078 1383 3160 nigri

213 3188 388 3253 orientales
408 3203 482 3251 euna
502 3189 638 3273 laneeis,
656 3190 759 3273 parati
781 3187 822 3251 ad
842 3206 881 3253 se
905 3185 1160 3269 defendendum,
1181 3203 1246 3248 non
1268 3181 1310 3246 ad
1329 3179 1384 3244 in·

213 3291 408 3376 vadendum,
431 3301 545 3372 etuas
566 3291 793 3378 respiciebant,
814 3306 876 3352 nee
895 3291 1029 3357 verbnm
1051 3309 1150 3354 unum
1171 3290 1385 3374 loquebantur

213 3396 319 3461 nobis.
362 3395 520 3461 Celeriter
541 3417 619 3483 ergn
651 3415 709 3462 eos
728 3413 814 3462 eum
842 3395 971 3460 silentio
998 3397 1266 3479 pertransivimus
1301 3411 1384 3462 eob-

214 3500 295 3565 tenti
324 3499 366 3564 de
385 3519 494 3566 eorum
512 3504 636 3588 quiete,
658 3505 745 3568 slent
767 3511 800 3566 et
824 3501 889 3584 ipsi
910 3499 952 3564 de
982 3507 1109 3584 uestra,
1130 3502 1160 3562 si
1190 3497 1322 3584 quidem
1350 3505 1384 3560 et

214 3605 278 3689 ipsi
300 3605 521 3670 formidabant.

211 3711 214 3718 '
299 3709 335 3774 le
357 3725 514 3794 prooessu
536 3709 682 3776 ulteriori
702 3711 853 3774 mutunus
874 3710 907 3772 iu
928 3725 1061 3793 eampos
1082 3709 1217 3774 adustos
1234 3716 1269 3772 et
1281 3707 1385 3791 latos,

215 3835 274 3901 per
293 3833 377 3901 quoe
396 3815 439 3879 ad
458 3831 609 3900 magnum
630 3818 768 3898 spatium
780 3817 913 3900 patebat
933 3816 1091 3898 inspeetio
1111 3815 1240 3879 deserti.
1272 3815 1313 3878 itt
1331 3813 1387 3875 vi·

216 3921 323 3987 dimus
344 3923 377 3986 iu
399 3921 509 3986 multis
528 3923 610 3987 loeis
631 3939 731 4005 prope
752 3930 786 3985 et
805 3907 903 4005 longe
924 3940 945 3984 a
973 3920 1066 3985 nobis
1093 3921 1199 3984 lnrnos
1228 3921 1322 4005 quasi
1344 3917 1386 3980 ab

216 4027 347 4114 ignibus
368 4029 594 4110 aseendentes,
616 4027 658 4092 de
679 4013 798 4112 quibus
817 4029 976 4126 perterriti
997 4028 1133 4109 ibimus,
1155 4030 1231 4112 quia
1251 4025 1387 4111 putavi-

217 4151 300 4217 mus,
327 4135 421 4218 ignes
449 4131 523 4200 illos
542 4149 617 4198 esse
643 4133 840 4197 exereituum
863 4139 896 4195 et
924 4139 1100 4196 turmarum
1124 4132 1274 4194 Arabum.
1318 4123 1388 4188 Sed

217 4237 354 4304 (latinns
381 4233 464 4306 dirlit
483 4239 595 4325 nobis,
623 4249 655 4304 et
677 4239 876 4323 experientia
907 4255 968 4302 nos
990 4237 1127 4321 edoenit,
1149 4233 1234 4320 qnod
1267 4233 1299 4297 in
1322 4227 1389 4296 titia

100 4407 103 4414 .
221 4339 302 4407 loeis
338 4363 400 4409 nee
432 4345 528 4413 borno
558 4365 619 4412 nee
650 4347 736 4433 ignis
758 4354 858 4432 esset,
886 4343 946 4411 sed
976 4343 1066 4410 venti
1095 4343 1212 4408 bernes
1242 4337 1390 4402 turbines
