2954 4914
499 1031 580 1116 llic
609 1023 745 1140 incipit
769 1033 1046 1148 peregrinatio

199 1271 319 1338 terrae
341 1267 512 1352 sanctae,
537 1284 642 1357 quarn
665 1259 834 1336 soccum
858 1259 913 1334 illi
937 1259 1122 1360 peregrini
1143 1281 1210 1358 per
1233 1265 1375 1332 terram

197 1381 333 1481 ipsam,
359 1379 419 1476 qui
442 1377 614 1452 volebant
638 1378 862 1480 peregrinari
888 1377 935 1454 ad
958 1389 1114 1454 montem
1137 1377 1256 1478 Synai
1285 1385 1376 1480 post

255 1499 405 1574 aliorum
432 1497 703 1600 peregrinorum
725 1521 912 1579 recessum
938 1523 962 1573 a
987 1497 1195 1576 Jerusalem
1221 1507 1261 1574 et
1286 1525 1314 1576 a

647 1625 748 1694 terra
769 1627 908 1694 sancta.
940 1701 945 1712 ,

282 1799 386 1886 (221
395 1800 445 1884 Α)
467 1795 641 1864 vicesima
662 1801 766 1882 tertia,
779 1817 864 1881 quae
882 1807 939 1862 est
949 1803 1054 1864 saneti
1064 1801 1262 1883 Apollinaris
1281 1819 1371 1864 mar·

86 1961 88 1971 .
199 1908 296 1990 tyris,
318 1906 372 1969 (lie
399 1913 620 1968 convenerunt
652 1922 748 1966 mane
768 1906 801 1969 in
824 1913 931 1969 morito
951 1903 1042 1988 Syou
1065 1907 1227 1987 peregrini
1247 1908 1370 1968 montis

200 2009 304 2093 synai
343 2017 375 2071 et
406 2011 563 2074 accersito
604 2016 697 2091 patre
746 2009 910 2072 Gordiano
948 2015 983 2070 et
1014 2010 1114 2074 fratre
1143 2009 1297 2072 Jobanne
1329 2009 1370 2072 de

168 2124 178 2155 ²
200 2115 336 2180 Prussia
356 2123 389 2178 et
420 2117 559 2180 caeteris
578 2115 724 2195 patribus
744 2122 926 2176 conventus
961 2129 1019 2177 eos
1039 2123 1236 2196 rogaverunt
1257 2113 1371 2176 multis

200 2223 364 2306 precibus,
385 2228 546 2303 quatenus
568 2217 673 2280 locum
692 2219 724 2281 in
746 2225 909 2302 conventu
931 2221 981 2282 eis
1002 2219 1170 2300 assignare
1193 2217 1370 2300 dignaren-

202 2335 269 2407 tur,
290 2327 323 2388 in
344 2345 408 2408 quo
437 2343 568 2390 manere
589 2328 780 2408 posseutlet
802 2324 961 2406 hospitari
982 2323 1119 2406 interim,
1142 2322 1228 2404 quod
1256 2331 1368 2388 esseut

202 2433 345 2492 mansuri
366 2431 399 2490 iu
421 2428 612 2492 Jerusalem.
646 2428 761 2492 Patres
782 2436 891 2490 autem
921 2446 988 2488 rem
1010 2427 1097 2489 illam
1128 2429 1255 2490 omniuo
1277 2426 1366 2488 diffi-

203 2532 368 2596 enitebant
393 2538 427 2592 et
447 2534 637 2614 gravamus
669 2532 769 2599 muna
795 2532 1009 2617 assignabant
1016 2577 1026 2614 ,
1048 2540 1177 2613 propter
1199 2549 1283 2615 quae
1310 2549 1366 2594 eos

202 2637 237 2698 iu
271 2642 434 2698 conventu
466 2636 585 2699 bebere
617 2657 682 2699 nou
713 2645 857 2718 possent.
910 2635 1035 2698 Milites
1072 2637 1134 2698 boe
1162 2635 1271 2698 audite
1310 2651 1366 2696 eos

139 2813 142 2820 Δ
205 2757 283 2800 auro
305 2735 345 2798 ad
367 2738 429 2799 hcc
450 2736 607 2800 inclinare
627 2741 841 2823 conabantur,
873 2748 906 2802 ct
927 2739 1092 2822 productis
1108 2741 1217 2803 multis
1239 2738 1366 2802 ducatis

204 2859 289 2904 unus
312 2859 369 2904 eos
391 2841 505 2907 obtulit
536 2841 627 2907 trani
655 2837 797 2908 Johauui
838 2845 967 2910 dicens:
1000 2847 1061 2911 bos
1092 2863 1225 2926 aureos,
1257 2845 1364 2925 frater,

92 2949 105 2962 “
205 2948 350 3031 accipite,
373 2955 405 3010 et
424 2946 606 3030 hospitium,
629 2965 835 3033 quaesumus,
855 2948 931 3012 date
952 2956 987 3011 et
1007 2950 1225 3031 provisionem
1248 2965 1364 3030 preeu-

205 3063 289 3136 rate,
313 3063 345 3116 et
376 3054 453 3118 durn
475 3053 564 3116 aurei
585 3051 633 3114 itit
654 3055 812 3116 consumti
834 3054 970 3136 fuerint,
1000 3054 1081 3117 alios
1103 3054 1257 3115 dabimus.
1299 3049 1365 3113 Sed

205 3179 266 3224 nee
287 3159 336 3224 sie
356 3161 579 3244 profecerunt,
600 3177 712 3222 aurum
734 3158 819 3220 enim
842 3159 988 3239 aooipere
1012 3163 1198 3240 renuerunt,
1220 3139 1264 3217 'et
1283 3155 1364 3219 mili-

204 3269 292 3329 tibus
314 3265 562 3348 responderunt:
586 3281 673 3346 ecee,
696 3261 815 3324 domini
836 3261 961 3326 milites-
972 3263 1145 3348 peregrini,
1172 3261 1364 3344 experientia

206 3369 304 3450 longa
335 3369 439 3431 edocti
462 3368 625 3449 [snmus]‚
660 3367 776 3430 melius
798 3375 849 3430 est
875 3384 938 3430 vos
966 3377 1060 3434 extra
1075 3385 1233 3449 manere,
1272 3365 1363 3448 quam

206 3471 392 3553 nobiseum3
411 3468 694 3553 juvabimus-ergo
715 3489 777 3534 vos
801 3479 895 3549 ffirtra
915 3471 1000 3552 apud
1028 3471 1165 3553 aliquem
1188 3470 1363 3534 conducere

207 3572 401 3654 hospitium,
424 3581 457 3633 et
479 3583 657 3638 conventus
679 3577 931 3638 consolationem
952 3593 1081 3657 semper
1107 3575 1147 3638 ad
1169 3593 1284 3638 manus
1305 3575 1362 3638 ba·

207 3675 334 3756 bebitis,
357 3685 391 3738 et
410 3679 441 3738 si
462 3679 534 3759 quis
557 3679 717 3742 intervos
738 3680 917 3749 infirmatus
939 3679 1149 3761 fuerit,illum
1169 3683 1203 3741 in
1224 3688 1360 3742 nostrum

208 3778 439 3844 infirmitorium
462 3800 653 3862 reponemus
682 3793 715 3845 et
738 3802 846 3848 curam
884 3783 954 3865 ejus
983 3803 1056 3846 cum
1078 3787 1214 3848 caritate
1232 3785 1361 3848 babebi-

207 3900 288 3944 mus.
332 3883 375 3944 nt
406 3903 447 3946 nc
480 3887 608 3948 omniuo
643 3886 811 3952 videamur
839 3891 1011 3971 petitiones
1046 3895 1176 3951 vestras
1204 3889 1361 3970 repellere,

207 3986 381 4067 accipimus
403 3989 446 4053 ad
465 4009 542 4074 uos,
565 3993 650 4054 sieut
671 3993 704 4054 in
724 3992 868 4055 adventu
888 4001 999 4056 vestro
1021 3994 1223 4075 accepimus,
1246 3994 1359 4056 socium

207 4097 239 4150 ct
261 4095 534 4176 comperegrinum
558 4095 688 4158 fratrem
709 4095 864 4178 ll'elieem,
878 4097 932 4178 qui
954 4095 1050 4160 debet
1072 4115 1202 4160 manere
1223 4101 1258 4160 in
1277 4097 1359 4177 cella,

206 4211 301 4278 quam
317 4194 432 4279 habet,
456 4206 488 4259 et
508 4200 553 4260 ibi
584 4201 752 4280 quiescere
787 4210 819 4263 et
840 4201 874 4262 iu
895 4201 1065 4264 refectorio
1087 4203 1254 4266 uobiscum
1276 4219 1358 4263 man·

205 4299 324 4365 duearc
344 4309 376 4364 ct
397 4301 522 4383 bibere,
557 4293 710 4384 quamdiu
740 4305 922 4368 manseritis
944 4305 998 4368 bie
1026 4307 1059 4368 in
1091 4307 1224 4370 civitate
1245 4313 1356 4368 sancta

204 4407 277 4471 lloe
298 4405 406 4471 audito
434 4406 596 4491 peregrini
627 4427 646 4474 o
668 4419 783 4492 coepta
804 4409 957 4492 petitione
987 4407 1168 4492 desierunt,
1203 4427 1265 4492 ego
1290 4427 1357 4472 vero
