2954 4914
570 214 585 248 ι

663 275 725 341 lv

84 460 293 542 eernrmpit.
334 443 390 520 ro·
411 458 497 522 sieut
515 457 634 543 rubigo
657 459 742 522 torro
774 458 1037 546 adbaereusvix
1063 461 1206 542 roeetlit,
1236 466 1282 526 ita

89 563 231 628 invidia
251 580 325 626 eum
347 559 539 626 difficultate
560 565 706 628 animam·
719 562 858 655 dimittit
887 561 983 642 Quod
1004 574 1094 648 patet
1114 569 1148 630 in
1170 564 1281 650 Saule,

90 667 376 753 qni-aliquotiens
397 669 626 732 reconciliatus
651 667 768 742 David·
788 671 934 751 promisit
961 673 1186 755 securitatem,
1206 668 1281 738 ‘sed

91 781 220 857 paeto,
248 772 434 855 juramenta
472 783 504 837 et
532 775 694 856 promissa
732 773 841 856 fregit.
897 774 984 837 Nam
1016 775 1109 840 zelus
1139 777 1282 841 invidiae

95 878 180 942 sine
207 877 301 940 modo
332 885 401 961 est,
429 877 516 941 unde
546 877 628 941 Saul
657 878 882 963 investigabat
911 879 1019 950 David
1047 881 1082 944 in
1113 881 1281 946 altissimis

99 983 287 1064 montibus,
319 982 353 1044 in
375 982 638 1065 profundissimis
660 975 818 1064 vallibus,
833 983 873 1046 'in
894 983 1016 1047 intimis
1044 994 1149 1050 terrae
1169 989 1282 1052 visee-
1370 1064 1375 1077 Ι

99 1087 206 1150 ribus.
247 1086 356 1151 David
380 1096 505 1170 autem,
526 1084 749 1160 mirmioordia
769 1096 928 1170 muratus,
943 1088 1075 1172 'ubique
1095 1091 1282 1156 mirabiliter

99 1191 214 1254 evasit
246 1200 280 1254 et
308 1191 343 1253 iu
364 1210 404 1254 ea
435 1201 645 1272 oonsooutus,
669 1202 721 1257 est
741 1193 854 1257 sedem
886 1193 978 1277 regni
1000 1195 1033 1256 in
1064 1195 1214 1278 saecula,
1246 1205 1282 1258 ut

99 1294 226 1360 dieitur
246 1297 276 1360 1.
297 1292 444 1362 naman
466 1298 498 1363 2.

528 1529 650 1610 Vinea
674 1527 858 1658 Engaddi.
951 1637 955 1644 ἡ

193 1715 230 1776 ln
252 1715 460 1798 bis-insuper
481 1717 643 1779 montibus
675 1717 767 1796 stetit
792 1715 960 1799 'quondam
993 1713 1048 1778 llla
1080 1714 1282 1780 nobilissima

103 1820 209 1882 vinea
228 1820 388 1903 Engaddi,
412 1839 496 1903 quae
516 1821 717 1904 germinabat
741 1820 947 1883 carissimum.
964 1817 1151 1882 balsamum.
1184 1821 1281 1884 Hane

62 1900 71 1917 ’
104 1924 241 1987 vineam
260 1924 466 2007 plantaverat
488 1927 522 1987 in
545 1924 617 1988 looo
638 1923 788 2006 nugandi
809 1922 961 1987 Salomon
982 1941 1051 1986 rex.
1094 1924 1181 1987 Nam
1203 1925 1280 1988 Ma·

102 2029 211 2111 gister
231 2021 269 2091 in
282 2029 380 2109 Speo.
394 2030 519 2097 Hister.
541 2047 583 2090 ex
601 2028 806 2108 oreJosephi
824 2025 921 2107 dicit,
943 2024 1029 2108 qnod
1049 2024 1161 2106 regina
1182 2022 1281 2105 Saba,

103 2147 193 2214 quae
227 2133 318 2193 venit
351 2133 384 2193 in
413 2131 595 2194 Jerusalem
624 2131 783 2194 afinibus
816 2138 920 2192 terrae
949 2127 1061 2190 audire
1089 2126 1280 2209 sapientiam

105 2234 403 2316 strennuissime
421 2236 559 2327 babetm
579 2235 610 2305 3.
621 2235 750 2318 Regum
773 2235 833 2314 10„
850 2232 954 2296 attulit
972 2234 1003 2295 ei
1027 2232 1128 2294 multo
1148 2247 1281 2292 munera

107 2340 269 2423 pretiosa,
292 2341 375 2406 inter
396 2357 481 2426 quae
503 2341 615 2405 obtulit
637 2341 667 2402 ei
689 2338 828 2402 radicem
849 2339 999 2416 balsami,
1022 2346 1182 2420 tamquam
1204 2353 1283 2417 pre-

107 2444 320 2510 tiosissimum
342 2464 476 2530 munna,
503 2465 679 2529 quamrex
699 2447 802 2508 monti
833 2429 984 2526 Engad'tli
1006 2443 1159 2524 inseruit,
1181 2447 1216 2518 et
1247 2440 1281 2503 ln

110 2548 209 2611 vinea
230 2562 408 2636 propagata
429 2553 490 2615 luit
522 2548 632 2632 (w
642 2541 707 2634 a).
751 2542 850 2616 lstlu'a
870 2550 989 2611 vineae
1018 2547 1162 2610 meminit
1182 2542 1281 2607 Salo·

110 2670 183 2714 mon
206 2655 239 2714 ln
273 2654 419 2719 Cantiois
453 2655 616 2719 Cautieor.
654 2656 682 2719 1.
706 2653 836 2717 dioens:
872 2653 990 2716 Botrua
1021 2651 1122 2736 Cypri
1143 2649 1281 2714 dilectus

109 2774 200 2819 moos
223 2759 301 2820 mibi
330 2761 363 2821 in
384 2761 493 2824 vineis
522 2757 681 2843 lilugaddl.
723 2760 818 2822 Haeo
838 2759 936 2820 vinea
964 2749 1051 2820 nuno
1074 2765 1124 2819 est
1155 2756 1187 2816 in
1210 2753 1281 2815 Ae-

109 2868 228 2943 gypto,
251 2862 310 2925 sed
334 2865 407 2948 quis
430 2883 499 2928 eam
523 2866 600 2928 hino
630 2862 844 2925 eradicaverit
872 2871 905 2924 et
930 2859 1226 2945 transplantaverit‚
1247 2863 1281 2918 et

111 2963 151 3026 de
170 2966 313 3042 bonitate
333 2967 469 3031 belsami
511 2978 543 3030 et
565 2967 606 3029 de
629 2967 740 3049 oypris
774 2966 899 3030 dioetnr
921 2966 978 3036 fol.
998 2967 1041 3030 68
1061 2967 1098 3029 Ρ.
1122 2966 1162 3026 11.
1195 2961 1281 3043 Legi

111 3069 143 3132 in
164 3067 304 3152 quodam
334 3072 529 3154 peregrinali
558 3071 720 3152 antiquo„
739 3070 825 3152 quod
856 3071 984 3155 quidam
1015 3079 1120 3133 terrae
1140 3074 1281 3132 sanctae

113 3173 273 3256 peregrini
294 3176 455 3257 ennesius
477 3176 510 3238 iu
532 3176 584 3238 his
611 3175 773 3264 montibus
794 3179 1016 3260 evagabantur
1040 3185 1072 3238 et
1090 3175 1123 3238 in
1144 3169 1280 3255 quodam

113 3276 183 3341 loeo
205 3277 397 3342 invenerunt
418 3280 568 3344 surculos
589 3279 742 3364 balsami,
764 3279 824 3342 se‘d
855 3280 945 3366 nullo
966 3281 1106 3344 arbusla.
1149 3277 1282 3340 l‘raeter

113 3381 289 3446 balsamum
319 3385 422 3448 erevit
445 3385 521 3459 olim
546 3387 578 3449 in
601 3385 652 3448 his
675 3385 838 3448 montibus
859 3385 971 3448 vinum
992 3385 1218 3468 praecipuum,
1240 3379 1282 3442 de

115 3483 175 3570 quo
197 3488 371 3553 ereduntur
394 3489 481 3554 filiae
502 3491 589 3555 Loth
611 3489 792 3552 inebriasse
811 3498 935 3572 patrem
957 3508 1069 3572 suum,
1091 3498 1126 3551 nt
1146 3487 1283 3549 habetur

116 3587 231 3654 (lenes.
257 3593 307 3657 19.
349 3596 393 3657 nt
416 3597 446 3657 si
467 3594 564 3658 bodie
586 3603 714 3657 montes
736 3594 787 3666 illi
806 3594 938 3660 colonos
959 3596 1135 3676 baberent,
1157 3592 1281 3654 fruetus

114 3698 359 3778 pretiosissimos
378 3701 411 3763 in
433 3701 525 3782 oo'pia
545 3699 629 3762 ferre
649 3707 793 3781 possent.
819 3719 821 3724 ·

178 3963 188 4031 ,“
308 4019 310 4024 ,
439 3933 643 4033 Regressio
668 3933 703 4007 in
729 3933 947 4010 Jerusalem.

116 4147 118 4156 ι
195 4117 298 4198 lgitnr
319 4133 392 4180 eom
415 4116 523 4180 omnia
544 4113 997 4199 praecedentia*vidissemus,
1021 4109 1151 4175 dorsum
1174 4107 1284 4171 orien-

117 4219 228 4284 talibus
248 4219 330 4282 loeis
352 4219 501 4284 dedimus
546 4230 579 4285 et
611 4228 762 4282 montana
794 4227 906 4284 eontra
925 4217 1110 4284 Jerusalem
1132 4211 1285 4278 aseendi-

121 4341 194 4388 mus.
224 4325 263 4386 ln
288 4323 426 4405 quadam
449 4333 555 4398 autem
576 4341 679 4388 ourva
698 4325 764 4405 via,
776 4324 886 4388 neseio
908 4323 1036 4406 quade
1056 4325 1166 4402 oausa3
1187 4315 1284 4407 mole,

1077 4425 1111 4484 12
