2896 4872
620 195 1085 313 'nan'¹

33 431 235 496 ductores
250 429 352 494 nostri
368 427 549 510 stupebant.
583 427 652 491 Vix
667 429 860 495 euimbomo
877 429 1143 516 crederepossot,
1167 432 1254 516 quad

37 536 315 600 xxbomioos
349 541 441 596 tauto
471 529 687 614 suppellectili
717 545 789 614 per·
805 532 968 600 desertum
1001 547 1112 602 omont
1140 537 1263 620 indigi.¹

47 640 222 722 Oportet
244 642 329 701 euim
352 637 570 719 provisionem
600 636 719 699 babere
747 655 925 723 maguam,
945 651 980 704 nt
1001 660 1066 706 aon
1090 625 1274 724 patiantur

26 743 245 806 defectum
273 754 332 825 per
363 741 457 804 luxit
487 739 577 822 dies,
608 748 644 802 et
668 751 705 802 nt
733 747 977 808 occurrentibus
1004 745 1194 810 bladiauitis
1221 756 1255 810 et

25 847 251 916 -Arabibus'
265 847 310 910 in·
324 845 453 910 deserto
474 845 614 920 babeant
635 839 712 907 da're
732 864 836 927 panes
857 857 889 910 ot
910 851 1114 936 paximatius,
1136 869 1252 918 carnes

52 944 313 1034 fumigatas'et
338 967 482 1034 caseum,
515 950 632 1031 quibus
654 936 743 1012 su'rm
763 969 873 1014 eornm
893 956 1059 1036 mitigetur
1080 962 1114 1017 et
1134 937 1256 1039 nt'pax
1355 953 1358 960 '

53 1059 129 1119 sie
158 1057 201 1120 ab
228 1059 277 1118 eia
300 1061 431 1118 ematur.
473 1052 633 1146 timuibns
654 1071 734 1136 ergo
755 1057 854 1145 rebus
874 1041 996 1128 uostris
1017 1059 1173 1141 eportatis
1194 1060 1254 1124 ad-
1279 1119 1282 1124 ,

57 1161 248 1223 duxerunt
268 1157 433 1222 camelarii
461 1158 602 1222 camelos
622 1158 665 1221 an
686 1158 866 1243 cumulum,
889 1170 921 1224 et
942 1181 1041 1226 nunru
1061 1170 1137 1245 post
1156 1161 1254 1224 alium

65 1267 116 1328 in
134 1273 262 1327 terren
292 1273 534 1346 prosternentes
556 1280 690 1326 ouorare
710 1263 833 1326 bestias
856 1265 1061 1350 inceperunt3
1093 1284 1154 1330 nos
1176 1285 1254 1331 vero
1389 1272 1393 1278 ’

64 1369 131 1432 eis
159 1368 352 1432 adstetimus
381 1377 414 1431 et
436 1367 606 1451 diligenter
627 1355 742 1430 uranus
766 1372 875 1432 eorum
896 1374 1092 1454 aspeximus,
1114 1369 1253 1454 nequid

68 1476 268 1538 furarentur
288 1474 399 1556 uobis,
426 1481 470 1554 et¹
486 1483 522 1537 ut
543 1471 785 1536 addisoeremns
807 1476 901 1537 atia-
923 1494 1057 1542 onerare
1078 1477 1201 1540 bestias
1219 1459 1254 1540 et
1316 1494 1321 1502 ·

69 1578 229 1641 camelos
254 1586 402 1640 tractare
453 1577 605 1640 oneratis
633 1585 740 1640 antem
762 1578 858 1642 xxti
887 1580 1021 1644 camelis
1049 1599 1121 1645 eum
1142 1581 1253 1648 multis

64 1679 250 1746 laboribus
277 1691 311 1744 et
330 1681 450 1764 'litigiis
478 1683 586 1748 vocati
614 1682 733 1744 fuimns
768 1701 827 1766 per
855 1685 1016 1748 asinarius
1044 1685 1087 1748 ad
1118 1702 1251 1768 gregem

73 1789 264 1871 asinorum,
285 1796 320 1849 nt
342 1787 630 1871 quilibetxeligeret
650 1787 714 1850 sibi
734 1787 875 1870 uiuam,
903 1806 966 1869 quo
992 1807 1051 1870 per
1070 1797 1172 1852 totam
1191 1788 1252 1851 de-

75 1900 206 1956 sertum
228 1899 372 1955 uteretur
391 1909 497 1973 nsqtm
517 1893 551 1953 in
573 1892 778 1975 Aegyptum
810 1903 1027 1957 converterant
1048 1903 1161 1960 ,autem
1183 1895 1253 1956 asi·

78 1997 169 2060 uarii
198 1995 282 2058 iuter
305 2013 344 2058 se
373 2015 433 2079 pro
454 2015 563 2058 eornm
585 1983 684 2078 poce,
715 2002 752 2058 nt
780 1996 887 2059 nullus
907 1995 1061 2062 suaderet
1082 1997 1252 2088 peregrino

53 2139 58 2146 ·
81 2099 211 2182 eligere
235 2100 320 2164 boue
341 2100 396 2164 vel
419 2100 507 2164 illum
529 2083 672 2183 asinum,
702 2118 765 2164 neo
792 2100 913 2164 diceret
934 2099 1060 2164 bestiae
1090 2100 1250 2164 deiectum

81 2205 142 2270 vel
162 2206 352 2288 bonitatem,
382 2205 441 2268 sed
463 2207 498 2268 iu
527 2205 675 2268 libertato
696 2224 757 2269 nos
779 2206 991 2287 dimitterent,
1019 2212 1071 2288 ut,
1093 2207 1148 2289 qni
1171 2205 1255 2268 male

84 2311 250 2394 elegisset,
272 2309 340 2374 nou'
357 2310 490 2374 baberet
507 2307 671 2373 'materiam
689 2310 836 2393 litigandi
854 2318 889 2373 et
901 2309 1085 2394 irrenlpandi
1101 2310 1252 2392 aliquem,

81 2433 149 2480 uec
164 2417 317 2499 ‚accipere
336 2423 449 2497 posset
477 2417 630 2478 rationem
651 2419 758 2479 miuns
779 2415 947 2499 saltandi,
977 2436 1073 2499 qnam
1095 2416 1166 2498 illo,
1199 2417 1254 2499 qni

83 2540 160 2585 euru
179 2521 264 2584 bona
283 2521 390 2584 bestia
411 2520 518 2600 inerat
537 2507 705 2603 provisus,
728 2531 761 2584 et
780 2522 916 2604 influe,
937 2526 992 2608 qui
1013 2525 1166 2604 optimam
1187 2520 1254 2583 be-·

85 2628 182 2689 stiam
201 2626 373 2708 elegisset,
402 2609 545 2687 sot'verot
562 2645 622 2708 pro
641 2627 742 2690 sociis
763 2613 923 2693 cortesius
944 2628 999 2690 vel
1020 2626 1160 2708 cibales;
1186 2626 1250 2707 ipsi

86 2731 171 2794 onim
192 2731 322 2794 asinarii
343 2730 505 2812 sciebant,
535 2731 592 2813 qni
612 2728 694 2793 asini
716 2741 807 2794 eraut
827 2733 885 2834 vel
903 2732 980 2796 boni
1000 2731 1054 2794 vel
1077 2731 1169 2810 ruali,
1195 2747 1254 2792 ae-

85 2835 226 2918 qualiter
247 2844 354 2898 tameu
365 2843 459 2899 eraut
474 2835 568 2898 strati
579 2853 700 2897 omues.
723 2834 954 2899 Discurrobrut
964 2855 1042 2919 ergo
1057 2835 1176 2898 domiui
1191 2835 1255 2896 mei

89 2940 209 3003 milites
237 2941 322 3004 iuter
351 2937 461 3030 'asims
493 2948 526 3001 ot
542 2957 639 3002 ¹nnnc
668 2939 758 3003 illum
786 2957 874 3002 nono
907 2943 1007 3003 istum
1017 2939 1195 3001 ‘tentabant
1221 2947 1256 3001 et

90 3043 172 3106 iuter
196 3061 235 3106 se
267 3043 489 3126 disceptabant
515 3051 547 3106 et
569 3061 761 3126 quamquam
781 3042 845 3106 dno
862 3043 918 3105 vel
941 3051 1007 3104 tres
1029 3043 1193 3125 peregrini
1212 3040 1255 3103 ad

90 3165 187 3208 unum
204 3148 328 3209 asinum
347 3148 540 3230 pendebant.
576 3144 670 3223 Quod
690 3165 753 3230 ego
771 3163 918 3229 cerneus,
934 3165 976 3208 ne
993 3147 1131 3230 aliquem
1148 3146 1254 3209 otien-

96 3250 217 3333 derem,
238 3269 310 3315 mea
330 3252 489 3336 eleotiouo
509 3254 633 3316 recessi
659 3253 700 3315 do
720 3271 823 3336 grege
843 3259 879 3314 et
900 3251 1034 3318 ascendi
1054 3270 1114 3333 per
1133 3250 1254 3332 gradus

94 3355 233 3437 lapideos
252 3375 356 3440 usque
377 3339 418 3421 ed
440 3359 557 3422 ostium
580 3359 742 3422 eeclesiae
762 3358 854 3442 Syou
878 3365 910 3420 et
940 3359 974 3425 in
994 3357 1104 3421 limine
1123 3373 1253 3419 sessum

94 3463 217 3544 accepi,
252 3470 287 3525 ot
316 3462 467 3526 deoranur
501 3464 535 3526 in
570 3464 733 3528 asinorum
761 3481 895 3546 gregem
926 3463 1055 3546 respexi
1083 3462 1254 3544 eligentes,

92 3583 170 3648 qnos
191 3565 410 3651 consideravi,
433 3577 464 3630 et
488 3569 522 3630 io
543 3587 596 3631 me
614 3571 687 3651 ipso
705 3568 893 3654 deliberari,
915 3587 1013 3652 qnam
1034 3571 1170 3633 bestiam
1193 3566 1255 3630 oli·

94 3687 167 3752 gere
186 3671 313 3734 vellem.
341 3672 422 3735 Vidi
441 3681 546 3737 auteur
566 3674 650 3736 iuter
670 3675 781 3737 asinos
801 3692 900 3739 uuum
916 3683 1118 3759 magnumst
1136 3672 1254 3753 album,

95 3776 145 3838 eni
163 3795 256 3840 aures
289 3775 533 3862 dependebant,
564 3787 597 3840 et
620 3789 718 3862 capot
745 3797 847 3864 gravo
861 3781 1044 3844 =videbatnr
1073 3779 1194 3842 babere
1222 3783 1255 3837 et

96 3882 227 3961 speeiem
256 3883 369 3966 pigrae
395 3884 520 3948 bestiae
540 3882 758 3967 praeferebat,
789 3881 852 3948 nee
872 3885 988 3968 aliquis
1011 3884 1052 3948 de
1071 3880 1254 3965 peregrinis

96 4003 163 4048 enm
185 3995 319 4070 tangere
348 3989 487 4053 volebat.
531 3991 574 4054 bit
595 3990 636 4052 ed
657 3987 746 4052 illam
768 3989 906 4054 bestiam
928 4009 981 4054 me
1001 3987 1154 4066 limitavi,
1189 3999 1254 4043 nou

97 4092 174 4177 quod
192 4093 311 4178 aliquid
331 4094 408 4158 boui
427 4111 595 4158 noscerem
616 4096 649 4158 in
671 4111 723 4176 ea,
745 4095 805 4158 sed
826 4095 930 4158 solnm
946 4101 984 4158 ut
1002 4090 1139 4155 dominis
1158 4085 1253 4149 uobi-

95 4197 172 4261 libus
189 4199 421 4281 jucunditatem
442 4200 582 4264 iacerem
603 4200 636 4264 iu
659 4219 715 4284 eo,
747 4198 832 4282 quod
853 4199 940 4282 elegi
960 4197 1097 4261 bestiam
1120 4192 1160 4255 ab
1181 4209 1253 4253 om·

96 4303 181 4366 nibus
199 4313 352 4388 spretam.
384 4303 531 4389 Cumque
546 4305 677 4370 nobiles
696 4311 809 4366 omues
829 4319 903 4366 outu
925 4301 1025 4364 multa
1036 4292 1253 4360 sollieitudine
1303 4327 1309 4338 ι
