2948 4876
210 361 333 426 armati.
377 359 483 425 0tlrns
503 367 611 424 antem
633 367 760 443 septem
778 364 812 424 tn
834 355 931 429 suto
950 371 1039 426 serta
1060 365 1235 446 gestabat
1261 363 1425 444 insculp-

211 475 254 550 ta,
276 467 352 549 qnia
371 475 498 549 septem
510 467 703 533 fortissimos
724 471 926 550 pugnatores
939 471 1036 544 unica
1045 468 1152 550 gladii
1163 469 1422 532 fulinationr

136 625 141 632 .
211 579 448 656 prostraverat3
469 571 580 636 Volux
601 590 680 635 vero
703 571 795 634 aliter
815 572 1009 654 armabitur,
1032 591 1107 636 nam
1132 593 1180 636 ex
1210 575 1307 656 ejus
1347 591 1418 634 corr

210 679 323 762 vipera
347 695 449 741 aenea
468 677 641 762 snrgclsat,¹
658 678 748 740 miris
770 677 917 740 involuta
951 685 1050 760 atque
1080 678 1277 761 implicata
1310 680 1415 760 spiris

210 801 297 867 qnae
317 784 472 846 infantem
494 791 683 848 exornatum
714 781 756 844 ad
778 799 883 864 usque
902 792 1011 847 costas
1031 783 1261 866 devorasset,
1288 783 1431 845 humeri*

212 896 321 952 autem
343 897 376 952 et
397 889 528 952 brachia
549 888 732 970 exstabant,
754 896 786 949 et
815 888 972 970 bipatenti
992 908 1049 952 ore
1074 907 1186 972 paene
1212 887 1412 950 vociferare
1430 858 1431 912 ¹

171 1071 178 1080 ¹
211 993 391 1057 videbatur.
433 993 497 1055 His
521 994 630 1076 itaque
655 993 839 1076 Insignibus
860 996 954 1056 ambo
975 994 1008 1072 in
1035 1011 1190 1076 campum
1217 1007 1409 1074 processe-

213 1107 286 1161 rnnt
307 1101 341 1160 in
373 1115 452 1179 agro
482 1096 614 1162 fullonis
642 1106 718 1160 ante
743 1099 909 1160 civitatem
941 1104 1089 1160 sanctam
1112 1098 1350 1182 Jerusalem,
1383 1099 1407 1153 et

211 1203 315 1288 primo
349 1201 478 1286 quidem
516 1218 652 1266 occursu
685 1200 791 1266 Othus
812 1202 971 1265 Voluccm
1005 1202 1188 1283 principem
1227 1221 1287 1266 cx
1330 1220 1404 1283 equo

211 1309 420 1390 praecipitem
444 1305 531 1368 dedit
565 1314 599 1368 et
619 1306 728 1368 statim
753 1307 849 1368 clava
869 1307 997 1369 elevata
1026 1305 1074 1367 illi
1099 1306 1186 1370 adeo
1222 1309 1400 1370 cerebrum

212 1413 382 1494 confregit,
404 1421 439 1474 nt
460 1429 519 1493 por
539 1411 644 1474 solnm
666 1411 853 1474 universnm
876 1419 1094 1493 spargeretur.
1148 1408 1231 1488 Quo
1276 1421 1398 1475 mortno

212 1516 320 1579 0thus
341 1516 389 1579 illi
408 1516 533 1598 galeam
567 1517 711 1579 exultet
742 1515 814 1598 ejus
844 1517 999 1578 universa
1027 1515 1131 1596 spolia
1166 1533 1301 1578 secum
1334 1515 1397 1578 tulit

212 1622 328 1702 sicque
357 1619 525 1683 obsidione
564 1622 673 1686 solnta
713 1621 746 1682 in
775 1621 937 1702 Europam
958 1621 1135 1685 'remeavit
1168 1629 1322 1703 propter
1354 1619 1394 1680 sui

214 1727 377 1790 exercitus
399 1727 626 1809 exiguitatem
654 1741 792 1810 eumque
811 1724 1028 1787 Mediolanum
1064 1725 1240 1806 venisset,
1263 1725 1394 1806 insigne

213 1831 293 1896 illud
324 1830 457 1894 Christo
494 1840 526 1893 et
559 1829 678 1912 templo
704 1830 819 1892 obtulit
835 1839 949 1912 „atque
976 1830 1040 1893 sibi
1068 1829 1392 1912 successoribusque

213 1939 284 2000 suis
305 1956 375 2002 earn
398 1940 543 2020 viperam
556 1955 618 2022 pro
638 1936 759 2018 insigni
786 1934 977 2018 portandam
1005 1944 1160 2018 perpetuu
1192 1935 1387 2014 transmisit,

214 2062 310 2127 quam
329 2062 434 2128 nsque
455 2045 488 2106 in
500 2041 687 2105 hodiernum
712 2039 795 2104 diem
808 2039 1072 2104 Mediolanenses
1094 2040 1197 2102 duces
1213 2049 1253 2102 et
1276 2040 1386 2123 reliqui

213 2150 435 2214 vicecomites
469 2133 616 2230 genitus¹
633 2155 821 2227 cernuntur,
858 2163 1016 2228 suamque
1048 2153 1211 2224 monetam
1245 2145 1385 2226 imagine

215 2257 348 2337 viperae
367 2256 507 2336 signant,
527 2269 612 2334 qnae
631 2261 758 2314 moneta
786 2249 910 2313 usualis
933 2260 965 2313 et
986 2269 1063 2313 cara
1094 2249 1192 2313 hodie
1219 2269 1286 2331 per
1306 2249 1382 2310 Ale·

216 2361 377 2420 manniam
407 2357 554 2438 dispersa
582 2355 776 2438 reipublicae
795 2356 965 2438 plurimum
987 2355 1245 2434 utilis'habctnr,
1280 2352 1382 2415 norni-

216 2471 358 2545 nantqne
378 2463 577 2543 grossienes,
598 2459 793 2543 plnphardos
814 2461 975 2544 antiquos,
1003 2461 1143 2524 minores
1164 2458 1379 2541 spagurlinas

217 2565 341 2630 medias
360 2584 440 2628 vcro
462 2566 610 2646 trigone.

299 2672 468 2736 Reversus
497 2670 595 2752 igitur
615 2671 782 2753 praelatus
803 2669 879 2734 Dux
900 2670 1011 2734 Othns
1032 2687 1157 2734 summo
1180 2670 1324 2750 pontifici
1345 2678 1374 2731 et

217 2777 380 2842 universis
417 2774 595 2862 occidentis
633 2776 832 2859 principibus
867 2776 1055 2857 intimavit‚‘
1075 2773 1312 2856 lerosolymam
1343 2782 1370 2836 et

217 2891 335 2948 terram
367 2891 512 2947 sanctam
543 2882 616 2964 napi
644 2899 708 2943 non
737 2898 854 2963 porse,
887 2879 953 2942 nisi
976 2881 1107 2942 irnrnani
1139 2887 1171 2942 ct
1200 2879 1313 2962 grandi
1334 2895 1369 2942 ao

217 2991 441 3054 robustissimo
458 2989 605 3052 exercitu
626 2986 829 3064 transmisso.
1430 2969 1431 2993 ¹

142 3087 146 3092 ’
300 3095 426 3159 Deinde
446 3091 627 3159 superous
644 3091 803 3154 collectus
824 3097 876 3152 est
897 3103 1036 3172 magnus
1057 3089 1216 3152 exercitus
1234 3087 1366 3153 'l'lrento-

217 3202 361 3262 uicorum
380 3199 423 3260 ad
446 3195 719 3280 peregrinandum
735 3196 768 3261 in
790 3203 906 3257 terram
939 3203 1085 3258 sanctam
1116 3192 1158 3257 ad
1186 3193 1362 3257 dominicum

203 3302 432 3384 sepulchrum.
500 3300 585 3364 Nam
623 3301 886 3382 archiepiscopus
913 3299 1126 3382 Mogontinns
1162 3297 1295 3361 Silritlns
1333 3309 1361 3360 et

87 3409 111 3486 J
217 3408 390 3489 episcopus
416 3405 619 3469 'l'revireusis
638 3405 838 3470 Willrelmus
866 3412 898 3465 et
933 3404 1106 3486 episcopus
1128 3404 1361 3486 Baltenlergeu·

217 3513 264 3576 sis
294 3509 481 3574 Gurrtherus
513 3519 545 3572 ct
574 3509 658 3574 Otho
692 3511 865 3593 episcopus
893 3509 1146 3590 Ratisponenais
1172 3529 1240 3573 curn
1262 3510 1359 3574 nullis

216 3615 374 3679 trabilibus
402 3626 434 3681 et
462 3616 616 3678 comitatu
648 3615 776 3676 terresti
794 3616 911 3676 itinere
932 3631 1037 3696 nsque
1056 3612 1235 3676 Jerusalem
1254 3635 1357 3698 prope-

217 3725 337 3798 rarunt,
358 3717 494 3782 Pontum
516 3721 676 3784 Euxinum
699 3721 837 3783 transire
858 3719 1007 3781 volentes
1019 3739 1028 3800 3
1051 3735 1190 3801 cumque
1209 3720 1355 3782 venissent

215 3824 249 3885 iu
271 3820 470 3908 Bnlgariam,
489 3824 585 3888 valde
607 3827 734 3889 luerunt
755 3825 867 3887 vexati
889 3825 929 3886 ab
951 3823 1016 3886 illis
1037 3823 1265 3906 aquilonaribus
1281 3841 1354 3906 gern-

216 3927 302 3990 tibus
342 3935 373 3990 ct
410 3947 483 3994 curn
517 3931 626 3993 multis
660 3929 875 3993 anxietatibus
904 3945 1009 4012 usqne
1039 3929 1072 3988 in
1094 3927 1206 3990 Asiam
1231 3927 1352 4009 provecti

215 4032 343 4117 Syriam
387 4033 552 4098 finitimam
590 4036 774 4116 attigerunt.
839 4033 1013 4116 Comperto
1054 4039 1161 4094 autem
1193 4033 1351 4114 provinciae

199 4139 364 4219 praeside
377 4137 521 4200 adventu
536 4137 788 4202 Christianorum
808 4137 1068 4219 collectiacnpiis
1078 4137 1245 4202 'l'nrcorun
1256 4147 1347 4202 contri

216 4244 387 4326 episcopus
415 4248 544 4304 nostros
575 4251 742 4308 venerunt
785 4241 994 4307 Multitudine
1014 4249 1121 4306 antem
1144 4241 1238 4306 nostri
1255 4243 1344 4306 ornati
