2954 4914
748 277 810 348 ¹08

193 464 305 543 gricas
316 459 431 524 multos
452 458 678 524 inseruerim
697 475 783 542 esse,
804 459 994 544 adquorum
1014 383 1227 524 rurbffitimem
1249 478 1364 527 omnes

195 565 335 628 faciliter
360 565 602 648 conspiranter
621 563 799 651 conjurant.

277 671 404 732 Interea
425 670 551 732 cunctis
571 671 775 735 camertibus
795 679 829 733 et
846 687 886 732 se
896 667 1143 752 disponentibus
1160 687 1365 748 vocamini

194 791 248 837 me
268 771 472 841 dominimei
493 781 651 858 quatuor,
673 791 745 836 cum
774 773 891 857 quibus
912 773 954 836 de
974 775 1078 858 patria
1098 777 1203 859 exivi,
1235 775 1367 839 scilicet

198 877 347 941 domiuus
379 878 549 941 dobannes
569 877 612 942 dc
635 877 808 958 Zimbern,
830 879 927 960 baro,
952 879 1063 960 mila,
1088 879 1235 944 domium
1257 879 1368 944 dmm

195 981 237 1046 de
257 981 431 1066 liechbcrg
468 981 581 1064 miles,
611 981 665 1046 dn.
687 983 864 1044 Heinricus
896 981 937 1046 de
957 982 1094 1065 Stridel,
1128 987 1225 1067 baro,
1259 985 1367 1067 relies,

195 1085 267 1173 dns.
289 1086 457 1150 Jobauncs
475 1087 658 1173 ruciam,
692 1087 801 1168 miles,
832 1095 866 1148 et
897 1087 981 1150 ultra
1011 1089 1118 1151 emnia
1146 1089 1248 1170 bona,
1278 1107 1367 1171 quae

163 1224 174 1243 e
197 1193 287 1276 luins
309 1191 350 1257 ab
372 1192 421 1254 eis
442 1209 642 1275 acceperam,
663 1191 726 1253 boc
747 1189 949 1273 addiderunt,
971 1202 1004 1255 et
1025 1193 1181 1255 dederunt
1202 1193 1283 1256 mibi
1302 1193 1369 1256 ali-

198 1277 280 1380 qnos
299 1311 363 1358 nou
383 1308 507 1377 paucos
528 1295 664 1359 ducatos
685 1296 720 1357 in
740 1293 920 1357 subsidium
941 1313 1156 1377 expensarum
1169 1293 1368 1360 admontem

199 1399 313 1485 Syriai,
333 1407 367 1460 et
387 1410 593 1482 rogaverunt,
615 1410 650 1463 ut
661 1399 765 1462 Deum
787 1419 846 1483 pro
864 1401 945 1483 ipsis
955 1417 1081 1462 orarem
1094 1402 1127 1463 in
1143 1401 1223 1464 locis
1238 1403 1368 1465 sanctis

199 1505 343 1568 existens
363 1511 395 1566 et
416 1503 505 1586 quod
524 1504 597 1568 leca
625 1503 682 1568 illa
703 1501 878 1588 diligenter
899 1505 1135 1568 considerarem
1158 1515 1191 1568 ot
1215 1509 1368 1570 conscri-

198 1610 318 1672 berem.
361 1605 489 1686 Quibus
511 1627 574 1691 ego
594 1611 788 1692 regratiatus
806 1611 853 1672 lui
873 1619 907 1674 et
927 1611 983 1674 nni
1005 1625 1114 1674 eorum
1141 1610 1267 1672 litteras
1296 1620 1368 1674 tra-

199 1711 265 1777 didi
304 1711 497 1776 deserendas
535 1713 714 1778 reverendo
753 1714 907 1797 magistro
948 1713 1125 1776 Lndovico·
1150 1713 1282 1778 il'ucbss
1323 1714 1366 1776 ad

198 1817 340 1898 lllmam,
369 1819 422 1880 cui
453 1817 589 1902 scripsi,
615 1820 786 1884 insinuans
818 1822 848 1882 ei
870 1821 1030 1882 ionuuam
1052 1835 1155 1882 meam
1176 1821 1369 1902 peremnia

199 1921 442 1986 desiderabilem
466 1931 527 1984 etc.
569 1923 612 1984 lllt
636 1921 687 1988 bis
706 1926 847 2006 peractis
880 1923 990 2006 adjuvi
1017 1941 1132 1988 servos
1164 1922 1367 1988 dominorum

198 2045 340 2090 meorum
362 2034 509 2108 eportare
530 2025 571 2088 ad
592 2029 705 2095 asirros
735 2045 791 2090 res
812 2047 931 2091 corum.
974 2029 1075 2092 Porro
1111 2031 1209 2115 aliqui
1242 2032 1366 2093 milites

198 2132 361 2195 recessuri
378 2140 469 2194 eraut
494 2131 592 2194 valde
612 2119 739 2213 infirmi,
758 2133 815 2216 ita,
836 2131 922 2217 qnod
942 2144 1008 2196 bon
1029 2143 1177 2216 poterant
1202 2135 1237 2200 in
1260 2137 1366 2198 asinis

199 2237 325 2320 sedere,
346 2245 377 2297 et
400 2255 458 2316 pro
478 2236 545 2298 illls
566 2238 697 2300 fuerunt
721 2229 851 2300 adducti
870 2235 985 2300 cameli
1005 2255 1079 2300 cum
1093 2243 1214 2322 sportis
1225 2243 1364 2324 maguis,

200 2341 240 2402 ab
267 2347 406 2420 utroque
433 2341 534 2402 latere
561 2341 835 2424 dependentibus,
862 2345 896 2404 iu
929 2331 1046 2425 qu‘ibus
1081 2348 1203 2425 sportis
1231 2345 1365 2408 fuerunt

199 2443 317 2506 infirmi
342 2441 382 2503 ad
406 2459 494 2503 mare
515 2442 620 2527 ducti,
642 2466 726 2510 unus
745 2465 825 2511 vero
841 2447 973 2530 juvenis
988 2450 1180 2531 peregrinus
1202 2449 1284 2512 adeo
1311 2451 1365 2512 iir-

200 2547 312 2610 lirmus
333 2545 405 2626 fuit,
427 2545 512 2626 quod
533 2550 648 2612 necin
669 2555 762 2616 asino
781 2569 844 2616 nec
870 2559 904 2616 iu
930 2561 1040 2636 sporta
1066 2553 1227 2636 deportari
1248 2555 1364 2636 valuit,

201 2661 235 2714 ct
255 2651 344 2713 illum
365 2658 440 2731 post
460 2667 499 2711 se
520 2651 725 2736 reliquerunt,
748 2659 801 2740 qui
829 2659 937 2720 statim
968 2665 1043 2740 post
1065 2675 1174 2721 corium
1197 2675 1363 2722 recessum

202 2755 281 2820 obiit
300 2764 332 2817 et
357 2757 389 2818 iu
400 2758 593 2820 coemeterio
610 2757 742 2822 tratum
763 2765 881 2826 montis
893 2762 983 2846 Syon
997 2763 1147 2845 sepultus
1159 2765 1227 2827 luit.
1259 2765 1364 2846 Igitur

202 2879 275 2925 cum
297 2861 404 2924 cuncti
426 2865 528 2944 parati
548 2865 659 2926 aditos
680 2863 929 2930 adscendissent
950 2877 983 2930 et
1005 2867 1159 2931 recedere
1170 2869 1363 2952 inciperent,

201 2967 294 3036 mulli
315 2967 436 3031 debant
467 2954 597 3052 propter‘
618 2968 767 3032 affectum
791 2955 840 3032 ad¹
853 2969 925 3034 loca
945 2979 1071 3054 sancta,
1095 2975 1240 3054 equibus
1259 2975 1364 3035 invite

201 3075 403 3141 recedebant.
457 3069 523 3138 'Alit
550 3091 628 3138 vero
660 3074 780 3136 flebant
808 3086 938 3158 propter
971 3079 1210 3158 separationem
1241 3093 1263 3139 a
1291 3079 1364 3140 suis

200 3181 299 3241 sociis
319 3190 351 3241 et
373 3173 537 3260 fratribus,
559 3199 641 3261 quos
662 3187 738 3261 post
755 3195 794 3242 se
810 3181 1044 3262 relinquebant,
1067 3183 1151 3243 inter
1168 3197 1252 3265 quos
1273 3187 1366 3244 erunt

201 3279 320 3343 domini
341 3285 408 3344 mei
433 3291 466 3342 et
502 3281 601 3364 aliqui
631 3284 671 3345 de
699 3285 807 3345 servis
828 3283 1026 3346 dominorum
1047 3304 1201 3369 meorum,
1223 3287 1278 3369 qui
1309 3287 1365 3350 vi-

201 3383 316 3444 dentes
355 3402 408 3443 me
435 3383 563 3446 flentem
597 3403 634 3448 se
672 3389 838 3450 continere
866 3407 930 3450 uon
958 3398 1121 3472 poteraut,
1150 3390 1208 3451 sed
1235 3409 1364 3453 mecum

200 3487 329 3550 debant.
370 3485 523 3568 Magum
545 3490 628 3551 enim
650 3490 758 3553 cordis
779 3493 1021 3556 amaritudinem
1042 3493 1140 3556 bebui
1170 3495 1204 3554 iu
1226 3511 1364 3576 separa-

201 3589 288 3652 tione
319 3607 339 3650 a
371 3587 613 3673 benignissimis
649 3593 785 3656 dominis
821 3597 919 3679 mem,
933 3599 1022 3680 ¹quia
1050 3617 1115 3660 non
1137 3595 1265 3661 fuerant
1286 3601 1365 3663 mihi

201 3691 331 3775 domini,
353 3689 411 3754 sed
430 3693 563 3776 jocundi
588 3699 668 3761 socii
690 3706 725 3760 et
746 3699 872 3762 fratres.
913 3701 1024 3783 Magis
1043 3710 1151 3763 autem
1173 3703 1250 3768 tlevi
1272 3705 1364 3790 cala-

202 3795 346 3859 mitatem
368 3815 487 3883 comm,
509 3819 602 3884 quam
624 3800 814 3884 suspicabar
834 3806 883 3866 eis
902 3817 1171 3888 superventuram
1191 3826 1249 3892 per
1263 3825 1363 3889 mare,

201 3917 296 3984 qnam
307 3919 409 3964 meam
420 3906 578 3986 propriam
601 3906 840 3970 derelictionem
860 3917 893 3970 et
913 3911 1083 3993 miseriam,
1099 3927 1195 3992 quam
1205 3927 1363 3994 passurus

202 4020 289 4066 eram
322 4023 381 4086 per
414 4009 632 4073 vastissimam
666 4011 870 4074 solitudinem
902 4024 939 4076 et
966 4033 1024 4098 per
1055 4029 1144 4078 mare
1171 4019 1205 4079 in
1234 4015 1362 4078 hiemali

201 4107 425 4191 navigatione,
459 4129 542 4194 quae
569 4129 697 4196 semper
722 4117 874 4197 periculis
900 4119 998 4199 plena
1027 4129 1114 4181 sunt.
1155 4117 1363 4184 Recordabar
1391 4193 1394 4198 ¹

201 4215 285 4276 eni·
308 4213 507 4278 miserimini
529 4224 561 4278 et
582 4217 812 4301 calamitatum,
835 4238 917 4303 quas
935 4225 976 4285 -in
997 4227 1100 4306 prima
1123 4240 1195 4288 mea
1214 4225 1362 4308 peregri-

202 4317 390 4382 rationein
423 4318 527 4386 reditu
558 4319 741 4386 babuerunt
769 4326 947 4406 peregrini,
974 4335 1011 4391 ut
1043 4337 1132 4408 patet
1159 4329 1213 4391 fol.
1239 4328 1280 4391 ld
1304 4345 1361 4410 per
