2896 4872
525 333 527 337 ,
612 259 678 324 305

19 445 86 508 ed
132 445 232 526 quia
266 443 317 506 vir
349 439 491 523 prudens
520 442 608 524 crat‚‚'
640 441 757 506 cedere
792 443 897 524 magis
924 451 1019 526 quam
1041 441 1238 508 cuntardera

16 549 191 610 rolebat
227 555 259 609 et
288 544 464 626 assignatis
491 544 653 628 aliquibus
679 547 807 608 caussis
838 551 890 608 sui
923 564 1074 610 recessus
1105 565 1240 620 assum·

20 653 153 734 isque
179 651 302 732 paucis
316 649 431 728 servis
455 650 632 712 exereitum
650 639 829 733 'dereliquit
851 657 885 711 et
907 649 939 712 in
951 649 1079 732 Syriam
1101 651 1236 734 prosae*

16 774 87 818 2us
143 762 221 816 est.
284 756 413 815 Interea
454 753 586 815 cottidie
620 756 798 836 augebatur
839 755 1002 816 exercitus
1047 763 1081 816 et
1119 773 1237 838 magna

16 857 230 920 multitudo
252 858 382 920 navium
406 857 686 921 venitllamiatam
709 859 749 920 de
762 858 943 926 occidente.
984 857 1138 940 Pelagius
1158 877 1235 942 ergo

16 965 272 1044 congregatis
295 961 469 1044 majoribus
487 957 665 1044 judicabat,
690 971 802 1026 contra
824 962 1000 1049 Saldanum
1022 971 1096 1022 essa
1118 979 1236 1044 proce-

16 1065 222 1147 dendum.
237 1067 292 1149 qui
319 1075 428 1130 castra
449 1082 510 1128 sua
530 1076 683 1148 posuerat
704 1085 804 1150 super
837 1066 965 1143 Nilum,
995 1066 1109 1127 itinere
1139 1065 1236 1130 umus

16 1169 105 1234 diei
128 1189 153 1232 a
177 1170 343 1233 Damiata.
376 1171 529 1233 Militaris
550 1179 658 1232 autem
672 1173 829 1253 magister
850 1171 960 1253 legato
982 1168 1235 1254 contradicebat,

16 1292 112 1336 nec·
128 1283 252 1336 tamen
274 1283 420 1356 poterat,
447 1283 482 1336 ut
513 1293 703 1338 semovere
734 1275 838 1338 vellet
870 1276 995 1358 absque
1016 1292 1104 1356 rege.
1142 1272 1237 1338 Unde

16 1375 190 1461 legatus
220 1378 357 1461 uidens,
388 1379 474 1462 quod
502 1380 573 1442 sine
604 1381 788 1460 praesentia
825 1378 912 1462 regis
918 1379 1097 1460 negotium
1119 1396 1237 1460 procc-

16 1479 127 1544 (lere
147 1500 222 1544 non
242 1483 384 1566 valebat,
405 1484 557 1546 solennes
579 1484 619 1547 ad
642 1504 715 1546 eum
744 1485 832 1546 misit
861 1485 1011 1565 nuntios,
1042 1481 1235 1565 deprecans,

16 1563 77 1648 ut
104 1585 333 1668 comparendo
355 1589 513 1659 exercitui
532 1589 708 1651 christiano
731 1599 823 1651 etse
849 1587 950 1661 filium
979 1587 1142 1649 ecclesiae
1163 1587 1236 1650 no-

31 1708 169 1752 marrae
183 1689 423 1752 demonstraret
435 1700 466 1752 et
480 1692 597 1758 rediret
609 1692 650 1755 ad
665 1694 852 1776 exercitum,
872 1692 931 1774 qni
943 1699 1031 1754 tanto
1050 1711 1122 1755 cum
1143 1692 1235 1754 desl-

16 1771 145 1858 derio
169 1793 350 1857 affectabat
366 1794 481 1858 redire.
516 1797 591 1862 Rex
607 1817 685 1881 ergo
704 1797 845 1880 prudens
865 1796 1005 1858 collecto
1022 1797 1168 1858 exercit-u
1193 1815 1236 1876 cx

16 1897 153 1980 Syria
169 1897 343 1960 descendit
359 1907 402 1981 et,
421 1908 460 1968 ut
474 1902 598 1965 audivit
616 1903 728 1985 legati
735 1901 937 1984 propositum
955 1898 995 1960 de
1006 1895 1236 1982 aggrediendo,

44 2002 177 2064 bellum
201 2005 332 2092 omniuo
354 2003 563 2068 dissuadebat
591 2007 704 2069 diceus
716 2051 725 2088 ,
747 2001 884 2089 quodsi
906 2023 945 2066 co
966 2012 1109 2084 tempure
1130 2019 1237 2084 popu-

47 2103 110 2168 lus
141 2085 340 2172 christianus
367 2109 575 2192 procederet,
610 2130 672 2212 pec
703 2130 762 2192 per
791 2118 909 2170 terram
945 2125 1007 2168 nec
1034 2125 1092 2188 per
1121 2123 1237 2188 aquam
1316 2105 1320 2110 ’

49 2208 219 2291 populea
240 2209 528 2294 Damiatapoterit
555 2215 732 2296 subveniri,
756 2215 895 2277 maxime
924 2231 997 2274 oum
1026 2220 1153 2292 tempus
1183 2211 1237 2272 in-

60 2320 178 2396 staret,
201 2332 264 2396 quo
285 2314 383 2396 Nilus
414 2317 535 2380 fluvius
567 2319 747 2382 inundaret.
790 2320 936 2400 [regatus
963 2297 1072 2379 butem
1101 2314 1237 2377 moleste

58 2419 159 2482 nimis
183 2420 291 2498 ferens
312 2438 365 2505 ea,
394 2440 518 2504 qnaea
549 2423 677 2489 domino
711 2443 789 2508 rege
807 2423 994 2507 'prudenter
1022 2429 1054 2482 et
1088 2421 1237 2485 consulte

64 2521 272 2602 dicebantur,
315 2509 614 2590 excommunicabat
657 2549 769 2595 omnes
809 2528 1004 2611 generaliter
1045 2526 1132 2590 illius
1175 2545 1236 2588 ne-

64 2628 147 2708 gotii
177 2630 367 2693 turbatores.
411 2630 539 2702 Videas
579 2644 685 2698 autem
720 2653 777 2696 rex
809 2633 950 2696 animum
984 2633 1084 2716 legati
1110 2633 1163 2708 ab
1195 2651 1234 2694 eo

68 2733 225 2814 preposito
248 2737 407 2816 removeri
434 2756 498 2798 non
519 2755 628 2820 posse,
650 2739 726 2802 licet
747 2738 942 2808 invitissima
963 2738 1098 2819 faceret,
1121 2737 1236 2800 obtulit

38 2916 43 2925 Ι
71 2853 110 2897 se
129 2854 182 2917 pro
204 2838 384 2903 obedientia
406 2841 567 2930 ecclesiae
595 2840 636 2906 ad
670 2841 787 2902 bellum
819 2851 934 2904 contra
955 2841 1131 2904 soldanum
1158 2861 1236 2923 pro-

73 2939 190 3002 cedere.
237 2941 305 3006 Sed
333 2945 418 3008 sicnt
448 2946 517 3028 regi
546 2947 660 3008 visum.
685 2945 806 3026 ttrerat,
833 2945 882 3006 sic
904 2944 1022 3008 accidit
1044 2954 1075 3007 et
1097 2944 1239 3027 populus

72 3043 257 3110 christianus
285 3049 442 3112 seductus
463 3052 498 3112 in
519 3057 640 3112 tantum
653 3049 813 3110 miseriam
830 3047 962 3118 devenit
977 3048 1238 3130 propterlamem

76 3157 108 3210 et
124 3149 186 3210 Nili
207 3151 424 3228 inundantiam
446 3164 480 3217 et
501 3152 637 3216 Suldani
658 3153 857 3234 instantiam,
879 3151 966 3235 quud
983 3155 1096 3228 coacti¹
1109 3153 1238 3222 fuerunt

78 3252 177 3316 tacere
195 3274 306 3338 pacem
327 3276 400 3321 cum
422 3257 566 3323 Suldano
589 3267 620 3320 et
642 3255 778 3320 reddere
798 3260 982 3320 Damiatam
1005 3266 1037 3320 et
1059 3275 1133 3320 cum
1156 3275 1237 3319 cou-
1300 3313 1302 3319 .

80 3357 195 3444 lusione
216 3361 369 3426 recedere
390 3365 430 3427 ab
455 3365 609 3447 Aegypto
630 3372 663 3425 et
682 3355 786 3425 redire
807 3364 841 3424 in
862 3360 1002 3444 Syriam.

154 3463 330 3550 Suntergo
352 3467 448 3546 datae
469 3477 603 3550 treugae
631 3478 704 3530 octo
734 3468 827 3531 annis
857 3468 941 3530 inter
966 3465 1171 3529 Christianus
1204 3472 1237 3526 et

82 3565 263 3636 Sarracenos
285 3579 318 3634 et
339 3573 441 3636 rmstri
463 3572 617 3635 derelicta
644 3572 791 3634 Damiata
818 3581 1022 3645 recesserunt
1045 3589 1117 3632 cnm
1138 3570 1236 3652 igno-

84 3673 169 3736 minia
186 3677 406 3763 unusquisqne
427 3677 460 3740 iu
489 3677 593 3756 locum
616 3697 719 3740 snum.
762 3678 868 3768 Eleae,
897 3695 993 3759 qnam
1020 3674 1098 3738 utile
1132 3673 1236 3736 luiss-

86 3783 131 3857 et,
155 3781 181 3863 si
198 3781 333 3866 primam¹
355 3783 621 3863 compositionem
655 3789 898 3864 acceptassent,
933 3780 1028 3864 quam
1058 3799 1116 3842 rex
1136 3780 1237 3842 Jeru-

88 3879 172 3942 salem
200 3892 230 3946 ct
270 3903 383 3948 omnes
416 3885 535 3950 Gallici
571 3895 604 3949 et
627 3885 816 3950 Tbeutonicl
839 3886 1046 3948 libentissimi
1068 3885 1236 3964 fecissent,

87 3982 152 4046 sed.
170 3990 313 4067 superbia
354 3991 417 4058 ista
455 3988 624 4054 maledicta
642 4003 645 4010 ’
666 3990 765 4072 legati
805 4008 939 4074 regnum
984 3988 1237 4070 Jerosolymita-

89 4107 154 4150 num
180 4091 312 4170 perdidit
344 4104 377 4157 et
410 4095 592 4158 Damiatam
624 4093 815 4167 sarracenis
848 4095 990 4158 restituit
1021 4103 1055 4154 et
1069 4090 1237 4173 ¹populum

90 4190 183 4276 (286
192 4193 240 4270 Α)
262 4194 414 4279 dispersit
436 4209 469 4262 et
490 4197 636 4283 perdidit.
672 4199 790 4260 Mirum
807 4205 868 4278 est,
891 4196 978 4281 quod
996 4199 1060 4260 iste
1070 4193 1237 4278 Pelagius,

90 4298 137 4361 val
154 4300 251 4383 potina
267 4302 455 4382 perditionis
466 4302 613 4388 pelagus,
635 4319 700 4364 non
712 4302 772 4364 luit
786 4303 818 4364 in
830 4301 917 4364 mille
933 4302 1036 4363 sruata
1047 4300 1236 4380 discerptus.

993 4398 1028 4456 20
