2962 5022
670 261 737 328 titi

119 447 255 514 laborem
276 454 309 510 et
330 443 452 526 tulgus
478 443 513 506 in
535 441 728 526 proimrdum
747 444 897 510 venturus
915 443 960 510 at
976 445 1206 512 eormredum
1225 443 1288 512 xu

119 565 300 622 spumosum
315 567 421 636 paene
433 547 630 612 discalceati
652 547 738 612 Nam
748 565 908 612 uoensns
923 555 958 612 et
970 550 1151 614 descensus
1162 549 1290 616 illerum

119 654 249 720 duorum
267 655 421 722 montium
435 652 668 736 depauperavit
688 670 749 716 uos
764 651 869 735 quoad
895 653 1124 739 mloeameuta,
1139 655 1187 720 ita
1200 652 1288 740 quod

116 761 213 843 aliqui
231 760 349 824 milites
366 759 483 821 abhinc
499 756 659 840 mqnead
671 755 825 820 Cabirum
841 757 1287 844 siuecoloeamentisesseut,

115 864 168 928 alii
184 884 263 928 vero
283 863 506 928 calceamenta
520 864 594 924 sins
621 861 721 924 soleis
739 861 901 928 mictum
919 871 1022 944 rupta.
1052 861 1138 926 Nam
1156 862 1287 930 calcea·

112 977 252 1033 mentum
277 986 399 1047 novum
421 967 480 1030 vix
510 964 632 1028 sufficit
663 984 723 1048 pro
756 982 896 1028 ascensu
918 975 951 1030 et
973 965 1135 1045 dmcmsn
1161 967 1287 1032 illorum

111 1070 245 1138 ducrum
267 1072 433 1152 montium,
457 1078 490 1132 et
510 1070 544 1132 iu
567 1070 631 1134 lroc
648 1088 714 1134 non
739 1069 922 1134 feceramus
942 1069 1038 1136 nobis
1059 1072 1288 1155 provisionem¹

110 1179 339 1242 suffimen-tem.
374 1177 412 1238 ln
438 1173 495 1238 illo
517 1183 626 1244 tamen
649 1175 809 1238 fortunam
831 1173 918 1237 lianc
943 1173 1058 1259 mim,
1081 1175 1210 1260 quaudo
1246 1175 1288 1240 de

111 1281 308 1345 monasterio
340 1279 597 1344 §.catharinae
629 1277 741 1360 egredi
762 1277 952 1342 volebamus
982 1279 1025 1344 ud
1045 1279 1286 1348 mummium

111 1395 251 1449 montes.
275 1384 365 1449 Unus
377 1383 469 1448 miles
484 1382 526 1446 de
539 1382 674 1446 infirmis
689 1383 928 1446 remanentibus
941 1383 1071 1466 protulit
1083 1385 1287 1450 calcenon-

111 1497 176 1552 tum
201 1508 332 1570 novum,
351 1486 439 1571 quod
459 1479 492 1550 in
514 1486 696 1550 Jerusalem
717 1499 973 1572 comparaverat,
996 1489 1038 1552 de
1058 1491 1146 1554 corio
1168 1491 1285 1573 glauco

108 1595 162 1656 vel
184 1595 267 1678 gilio
283 1595 435 1677 pretioso,
457 1591 589 1656 diceus:
613 1608 709 1674 ecce,
729 1591 829 1655 freter
848 1592 961 1675 Felix,
982 1594 1045 1658 hoo
1076 1594 1282 1660 calceamen-

95 1685 173 1764 ¹tum
193 1700 268 1778 erni,
290 1707 323 1761 ut
346 1698 380 1760 in
401 1715 441 1760 eo
463 1703 588 1759 montes
616 1705 748 1761 sanctos
769 1697 979 1780 scanderem,
995 1698 1055 1760 sed
1076 1717 1118 1762 ox
1138 1718 1202 1781 qun
1220 1717 1283 1762 as·

106 1805 249 1868 ceudore
279 1822 343 1866 non
365 1813 524 1885 possum,
539 1801 677 1881 accipite
708 1819 770 1864 vos
801 1819 922 1883 quaeso
955 1812 989 1864 et
1020 1804 1207 1885 participem
1230 1822 1282 1866 me
1371 1829 1382 1854 ν

48 1907 49 1938 ³
107 1907 208 1972 facite
238 1925 412 1989 passuum,
443 1924 527 1990 quos
559 1907 593 1965 iu
626 1923 664 1967 eo
696 1905 843 1968 facturus
863 1907 952 1968 estis.
998 1905 1079 1969 Cum
1107 1908 1281 1988 gratiarnm

106 2030 186 2094 ergo
210 2014 338 2074 actione
359 2009 449 2073 indui
470 2009 723 2072 calceamentum
744 2029 863 2073 novum
885 2010 1022 2094 pedibus
1042 2012 1134 2092 meis,
1161 2004 1201 2072 an
1225 2029 1282 2074 os-

107 2125 160 2178 set
185 2119 271 2178 bene
291 2115 573 2198 proportionatum,
594 2122 627 2176 et
652 2122 797 2177 nostrum
819 2124 981 2178 vetustum
1003 2125 1035 2180 et
1057 2115 1125 2178 lere
1151 2116 1281 2206 penitus

48 2203 49 2236 ³
107 2218 272 2284 dissutum
303 2221 336 2282 in
358 2237 485 2282 camera
506 2218 640 2302 reliqui,
661 2217 747 2302 qnod
772 2237 830 2301 pro
862 2229 950 2282 certo
981 2220 1039 2284 vix
1065 2218 1217 2282 durasset
1238 2217 1281 2282 ad

48 2311 49 2324 ¹
92 2326 206 2406 ‘primi
229 2326 350 2390 montis
370 2341 554 2386 ascensum.
595 2322 773 2406 Postquam
796 2341 873 2405 ergo
903 2325 936 2386 iu
962 2327 1190 2386 monasterium
1218 2323 1280 2386 xn

104 2439 294 2494 sauctorum
329 2430 497 2511 venimus,
518 2425 602 2490 ollas
634 2449 693 2514 pro
724 2427 858 2512 prandio
892 2428 1038 2492 coximus
1069 2437 1102 2490 et
1133 2429 1280 2492 misimus

103 2536 271 2620 murarios
287 2543 419 2598 nestros
439 2533 481 2598 ad
503 2537 731 2598 monasterium
745 2532 783 2596 S.
801 2532 1007 2614 catharinae,
1028 2541 1063 2594 ut
1083 2531 1280 2595 adducerent

48 2625 49 2644 ¹
105 2641 204 2704 nobis
235 2641 346 2708 amoos
379 2647 528 2723 nostros,
544 2639 624 2722 quia
655 2637 819 2700 ambulare
852 2638 990 2720 amplius
1023 2655 1089 2704 uon
1118 2637 1279 2719 potuimus

103 2752 240 2825 propter
260 2743 483 2809 lassitudinem
511 2753 546 2808 et
573 2750 703 2826 propter
727 2740 889 2806 defectum
926 2741 1216 2822 calceamentorum
1246 2749 1278 2803 et

48 2839 49 2864 ¹
104 2855 238 2927 propter
258 2847 336 2909 solis
358 2849 526 2912 ferverem.

48 3065 49 3080 i
102 2995 283 3084 visitatio
318 2979 492 3088 'locorum
521 3010 560 3086 in
592 3009 810 3086 monasterio
833 3020 872 3086 et
902 3019 1009 3086 extra
1040 2983 1108 3112 per
1140 3008 1277 3086 hortos.

48 3179 49 3186 ¹
188 3156 327 3223 Peracto
347 3143 481 3242 prandio
502 3159 742 3240 processionem
774 3159 910 3222 lecimus
937 3157 979 3220 ad
1000 3160 1184 3222 monasterii
1207 3157 1278 3222 loca

48 3258 49 3290 ³
103 3268 140 3322 et
165 3263 270 3343 primo
289 3265 429 3348 ingressi
454 3264 627 3348 ecclesiam
648 3265 801 3352 prostrati
822 3263 986 3325 oravimus
1007 3272 1040 3324 et
1060 3264 1278 3346 indulgentias

48 3369 49 3396 ¹
100 3367 374 3453 accepimus(†).
410 3368 493 3430 Sunt
504 3370 590 3430 enim
611 3367 646 3428 iu
665 3386 705 3430 ea
719 3366 865 3430 tumulati
879 3366 941 3430 xu
961 3368 1110 3430 monachi
1135 3387 1193 3450 pro
1213 3368 1278 3432 tide

48 3467 49 3478 ¹
99 3461 229 3553 Christi
249 3467 283 3550 iu
303 3453 499 3536 monasterio
526 3473 567 3534 ab
587 3471 751 3534 ,trabibus
777 3473 915 3555 paganis
943 3469 1081 3536 diversis
1109 3473 1278 3536 tormentis

48 3589 49 3594 ¹
97 3571 272 3666 interiecti
292 3584 326 3638 et
347 3577 388 3639 ob
402 3577 488 3640 hauc
508 3593 639 3640 eausam
655 3577 835 3640 nominatur
855 3575 896 3640 ad
917 3577 979 3640 Xlr
1002 3575 1152 3640 Sanctos.
1176 3575 1277 3640 Modo

95 3693 181 3738 vero
203 3679 248 3740 iii
268 3679 415 3744 habitant
436 3680 541 3746 solnm
571 3679 636 3744 duo
659 3681 778 3748 fratres
809 3683 851 3748 de
878 3683 1073 3750 monasterio
1094 3680 1130 3744 S.
1154 3680 1278 3746 cuhn-

95 3780 193 3858 rinue
223 3801 283 3864 pro
313 3784 462 3849 custodie
497 3785 560 3849 loci
593 3795 626 3850 et
658 3787 707 3851 illi
743 3786 807 3852 duo
837 3787 956 3852 fratres
985 3787 1105 3878 multos
1137 3783 1277 3850 montom

96 3883 268 3964 patiuntur
289 3889 330 3950 ali
344 3890 507 3978 Arabibus
526 3883 721 3975 vagantibus
741 3911 801 3976 per
821 3890 1038 3958 solitudinem.
1061 3891 1200 3954 Domum
1220 3905 1279 3970 por

98 3984 208 4048 cellas
228 3997 412 4060 monasterii
440 3997 664 4081 transivimus,
686 4014 771 4078 quae
799 3997 1017 4064 summisere
1042 4009 1163 4076 parvae
1184 3989 1278 4058 etde

97 4089 316 4158 arundinibus
343 4099 449 4180 plexis
476 4109 508 4164 et
536 4101 604 4189 luto
634 4100 785 4166 obductis
816 4102 939 4185 fectae,
961 4117 1072 4164 murus
1091 4107 1199 4160 tamen
1216 4113 1296 4186 per·

96 4215 224 4280 gyrum
247 4207 433 4268 monosterii
455 4215 507 4269 est
528 4207 632 4282 bonus
660 4216 692 4269 et
713 4205 826 4270 firmus
847 4204 930 4269 siout
953 4207 1052 4268 castri
1070 4206 1196 4290 muniti,
1218 4220 1278 4268 nse

96 4311 156 4365 cst
183 4304 419 4464 {bimaguuna
441 4312 474 4374 in
507 4309 775 4385 circumferentia.
819 4309 903 4372 Vise
931 4313 1126 4376 monasterio
1153 4321 1275 4395 portam
