3030 4872
702 278 763 344 aas
838 349 864 366 ‚¹

130 467 257 547 portam
279 459 514 543 negotiatorum
537 460 569 524 in
592 471 672 544 agro
693 459 836 542 lullonis,
858 460 915 524 ubi
935 469 1011 530 eunt
1024 464 1137 526 ruinae
1146 462 1299 548 grandes,

131 584 224 650 quas
236 565 348 630 dieunt
364 583 450 627 esse·
462 564 615 649 reliquias
637 555 734 629 turris
751 564 870 634 David.
912 567 957 628 lla
975 567 1005 628 si
1025 567 1122 631 hodie
1143 570 1187 632 ibi
1209 575 1313 634 esset·

132 670 329 751 sodalitium,
352 677 420 733 tota
444 669 562 733 oivitae
584 673 874 753 areeri-possetex
886 689 946 740 eo.
977 673 1051 753 Ego
1069 681 1177 736 temen
1192 673 1300 755 oredo,

133 777 219 859 quod
243 785 320 853 ante
350 783 493 856 tempora
514 774 604 838 Helii
633 775 791 841 Hadriani
808 776 1024 858 imperatoris,
1058 776 1113 858 qui
1134 778 1301 848 aivitatem

131 881 310 964 ampliavit,
332 879 410 966 nillil
432 881 477 942 ibi
499 867 609 961 inerit,
626 878 686 944 sed
720 890 793 963 post
815 880 960 943 oivitetis
982 881 1202 944 extensionem
1232 883 1301 946 lor-

5 1029 20 1056 ,
132 973 268 1050 telitinm
300 985 361 1047 luit
397 985 440 1046 toi
474 992 711 1076 constructum,
744 993 779 1048 et
809 986 900 1067 prins
933 982 1140 1047 destructum.
1174 972 1318 1081 igitur,

133 1090 209 1160 dum
230 1106 337 1153 aroem
360 1087 558 1171 vidissimus,
582 1090 791 1153 transivimus
812 1085 983 1154 ad'loeum
1008 1098 1165 1154 nostrum.

62 1269 64 1274 .
215 1195 253 1258 ln
276 1211 394 1256 oooasu
415 1194 495 1256 eolis
514 1213 588 1274 oum
610 1192 801 1278 quibusdam
824 1193 977 1257 iratribus
999 1195 1131 1258 chorum
1152 1195 1324 1277 antiquae.

133 1301 293 1364 aeolesiae
312 1298 405 1382 Syon
424 1297 590 1381 adscendi,
613 1298 655 1360 de
675 1298 830 1381 quodixi
847 1285 959 1362 16198
977 1299 1027 1381 B,
1051 1307 1084 1361 et
1103 1298 1302 1381 singularem
1402 1299 1407 1306 '

133 1403 336 1475 altitudinem
368 1405 486 1465 montis
516 1401 608 1485 Syon
644 1421 722 1486 prae
750 1387 878 1466 curratis
910 1404 944 1466 in
975 1404 1110 1466 oironitu
1141 1405 1303 1468 montibus

133 1509 347 1576 consideravi.
390 1508 476 1571 Nam
499 1517 657 1572 montana·
669 1509 811 1574 Arabiae
843 1517 934 1586 trans
954 1505 1131 1572 Jordanem
1162 1517 1195 1571 et
1214 1527 1306 1572 mare

133 1625 304 1696 munuum,
325 1633 410 1699 quae
431 1611 616 1684 tamvalde
636 1613 704 1676 alla
724 1619 811 1694 sunt,
823 1613 964 1682 ‚humilia
985 1613 1137 1677 videntur
1151 1601 1303 1697 respectu
1356 1619 1359 1626 '

134 1721 253 1784 montis
274 1719 376 1803 Syon.
417 1719 476 1783 Sul
509 1721 594 1782 enim
622 1719 732 1784 oriens
750 1719 852 1798 primo
873 1727 970 1800 eaput
997 1720 1116 1782 montis
1137 1717 1229 1801 Syon
1250 1721 1303 1784 in-

134 1825 253 1908 oendit,
275 1843 297 1886 a
312 1844 384 1908 quo
407 1843 445 1886 eo
467 1823 636 1888 uooidente
656 1821 769 1884 ultimo
791 1820 899 1885 radios
920 1824 1062 1886 retrahit.
1105 1824 1179 1886 Hoo
1203 1841 1304 1908 saepe

135 1929 349 1992 eormideravi.
394 1929 481 1991 Nam
512 1948 533 1991 a
564 1933 674 1990 monte
701 1923 793 2006 Syon
826 1933 879 1988 est
911 1925 1092 1990 desoensus
1119 1930 1303 1996 eontinuuaa

134 2035 230 2116 quasi
250 2051 310 2113 por
331 2031 474 2114 quinque
487 2029 634 2092 milliaria
655 2029 827 2109 teutonice,
849 2028 1012 2110 usquead
1035 2046 1123 2090 mare
1145 2042 1303 2094 mortuum

5 2179 11 2191 .
136 2139 250 2199 oontra'
275 2135 441 2196 orientem.
484 2132 640 2196 Similiter
667 2135 782 2194 oorrtra
818 2119 1019 2194 o'ooidentem
1045 2139 1096 2192 est
1123 2130 1303 2196 descensus
1381 2123 1385 2128 ’

136 2239 209 2322 ejua
244 2239 412 2324 multarum
439 2219 656 2300 milliariorum
692 2254 797 2318 usque
838 2239 873 2298 in
903 2234 1133 2303 Palaestinam.
1185 2236 1227 2298 lla
1259 2239 1305 2300 ita

136 2363 229 2409 mous
250 2343 342 2426 Syon
356 2355 360 2364 ·
374 2344 507 2408 nunctis·
529 2343 702 2406 montibus·
726 2343 944 2425 praeeminet,
976 2349 1010 2402 ut
1039 2341 1174 2415 habetur·
1204 2360 1305 2426 supra
1412 2313 1435 2440 '⁴

63 2483 66 2492 .
137 2449 193 2513 lul.
216 2448 278 2513 108
298 2447 338 2511 Δ.
513 2467 523 2504 ·.

136 2664 359 2770 [lapillorum
384 2669 557 2744 collectio
583 2679 622 2744 et
656 2669 837 2770 spinarum
869 2651 920 2742 de¹
947 2638 1039 2742 louis
1064 2667 1202 2744 sanetis
1237 2691 1305 2771 pro

453 2787 456 2796 ’
617 2787 824 2863 devotione.
859 2853 862 2860 .

221 2965 391 3028 Vioesima
418 2963 563 3026 secunda
594 2965 648 3028 die
684 2977 780 3030 mane
801 2977 877 3032 ante
911 2969 992 3033 solis
1023 2952 1143 3030 ortum¹
1169 2935 1305 3044 surrexi,
1368 2951 1373 2959 ¹

139 3069 290 3152 dietaque
317 3066 434 3130 Offioio
453 3068 552 3169 ‘elam
582 3054 675 3154 sulus
697 3070 738 3132 de
772 3070 945 3134 conventu
974 3071 1061 3134 exivi
1096 3080 1130 3132 et
1161 3071 1202 3134 ad
1223 3070 1307 3148 ‚loca
1435 3128 1437 3134 .

20 3181 22 3186 '
138 3183 254 3238 eenole
270 3171 510 3256 montisSyon,
525 3172 621 3234 vellis
641 3173 799 3256 iosaphat
822 3183 856 3236 et
878 3177 995 3266 montis
1018 3173 1137 3237 Oliveti
1149 3183 1306 3257 evogatus

131 3263 212 3344 ¹stam
240 3287 272 3342 et
306 3277 348 3340 de
374 3265 516 3360 'singulis
543 3276 629 3358 louis·
652 3276 779 3377 lapillos
807 3279 924 3362 collegi
959 3288 1000 3341 et.
1021 3279 1170 3361 signatos
1198 3299 1307 3362 saeuo,
1360 3333 1362 3338 .

139 3403 235 3469 quem
274 3401 399 3446 meeum
431 3382 472 3470 ad
502 3383 564 3448 hue
596 3383 753 3468 tuleram,
785 3383 858 3467 (B)
886 3385 1043 3468 imposui,
1073 3387 1184 3468 spinas
1211 3388 1307 3448 etiam

138 3489 181 3552 de
198 3489 332 3572 sepibus
353 3496 543 3552 oresoentes
562 3490 596 3570 in
619 3492 738 3554 montis
760 3488 882 3553 oliveti
902 3489 987 3553 olivo
1009 3499 1043 3552 et
1074 3492 1193 3562 montis
1215 3485 1308 3573 Syon
1438 3557 1441 3564 ,

140 3595 208 3678 tuli,
230 3603 262 3658 et
284 3593 485 3657 ramusculos
507 3591 670 3676 colligavi,
690 3595 900 3678 eomplexens
916 3609 1066 3656 aaronem
1088 3593 1234 3676 spineam
1269 3615 1309 3660 eo

140 3697 246 3780 modo,
267 3707 301 3760 et
324 3697 365 3760 de
388 3685 504 3783 quibus
522 3695 627 3782 spinis
648 3699 763 3781 oredo,
784 3698 957 3762 Dominum
978 3697 1093 3760 desum
1122 3708 1308 3762 coronatum
1334 3713 1336 3720 ’

141 3802 253 3866 suiaee.
295 3801 347 3864 De
364 3803 427 3868 hoo
449 3804 525 3869 vide
541 3803 596 3868 iol.
621 3801 683 3866 113
699 3802 742 3865 Α.
777 3804 841 3865 Per
869 3808 971 3866 totum
993 3800 1083 3865 illum
1111 3801 1196 3867 diem
1217 3804 1309 3866 lebo-

141 3908 213 3968 ravi
234 3909 268 3968 tn
290 3905 482 3972 oolleetione
502 3908 644 3991 lapidum
669 3916 702 3970 et
723 3909 756 3970 in
779 3909 946 3971 excisione
966 3907 1141 3989 spinarum,
1163 3915 1196 3970 et
1217 3925 1309 3971 uom-

141 4013 256 4092 paravi
277 4021 420 4093 sportam
442 4014 631 4097 oblongam,
661 4012 820 4096 adquam
853 4021 888 4075 et
917 4011 1117 4074 ramusculos
1144 4013 1309 4093 spinarum

131 4115 237 4196 posui
252 4123 292 4184 ¹et
312 4114 441 4197 lapillos
462 4118 618 4182 oolleotos
648 4117 690 4180 de
717 4118 798 4182 loeis
819 4117 951 4199 sanctis,
972 4133 1163 4200 mecumque
1183 4115 1311 4192 Ulmem

141 4235 247 4300 usqne
265 4217 395 4284 advexi.
438 4223 511 4284 Neo
540 4222 690 4287 videatur
717 4223 779 4288 hoe
811 4222 909 4286 elicui
934 4221 1045 4286 inutile
1084 4221 1140 4283 vel
1163 4220 1312 4318 puerile,

141 4321 226 4413 qnod
249 4322 378 4405 lapillus
399 4343 527 4390 meeum
550 4327 609 4394 tuli
640 4326 681 4390 de
702 4326 783 4390 loeis
804 4329 928 4392 sanatis
958 4325 1001 4390 ad
1031 4335 1137 4390 terras
1171 4334 1313 4408 nostras,
1383 4307 1403 4316 '⁵

1042 4426 1105 4484 13·Ι

1044 4753 1065 4789 0
