2948 4876
712 277 779 344 ΞΜ

161 465 312 530 australis
329 465 478 549 jungitur
495 461 698 544 occidentali,
719 457 831 542 (256
844 461 897 538 Α)
919 471 950 524 et
972 469 1041 525 tota
1060 461 1228 554 longitudo
1251 463 1344 525 muri

161 569 371 634 occidentalis
393 587 458 632 non
485 569 583 632 hahet
605 567 701 632 aliam
721 575 845 648 portam
877 585 982 651 usqne
1003 567 1044 630 ad
1065 576 1189 650 portam
1222 569 1343 630 sarrcti

160 675 319 758 Sephani,
342 693 427 758 quae
448 683 500 736 ast
518 669 664 737 iu'mnro
685 673 881 757 aquilonari,
904 690 1005 755 propa
1026 672 1197 754 angulum,
1220 673 1278 734 nbi
1304 674 1341 734 ei

157 781 305 864 jungitur
325 791 445 844 murns‘
458 778 633 842 orientalis.
676 778 845 840 Johannes
866 779 900 838 in
921 777 1121 860 Apocalypsi
1137 795 1212 858 cap.
1238 777 1339 838 XXI.

160 885 242 949 vidit
274 887 309 949 in
330 884 468 949 coelesti
497 883 681 946 Jerusalem
707 883 771 945 ΧΗ
795 891 923 966 portas,
957 899 1040 966 quaa
1072 899 1247 964 numquam
1269 883 1340 944 ha·

159 992 229 1056 buit
250 993 367 1055 civitas
391 990 461 1058 illa.
1448 1013 1458 1094 q

203 1129 206 1134 ·
243 1099 282 1160 ln
303 1094 562 1160 circumferentia
594 1111 755 1156 murorum
782 1101 814 1156 et
847 1093 1007 1168 moenium
1036 1093 1163 1156 fuerunt
1195 1089 1334 1174 quidem
1450 1095 1458 1177 ¹l

159 1211 282 1284 turres,
304 1219 437 1284 quarum
459 1199 602 1280 vestigia
623 1196 912 1281 deprehendimus,
934 1218 1046 1261 verum
1070 1197 1242 1260 Sarraceni
1271 1215 1334 1258 aas
1450 1186 1455 1247 Ι

160 1307 358 1389 dejecerunt,
374 1305 500 1366 etintra
510 1303 675 1365 civitatem
690 1303 786 1384 juxta
803 1304 976 1366 musche‘as
989 1302 1070 1366 alias
1083 1310 1188 1364 turres
1209 1305 1334 1364 crexe-
1452 1348 1456 1396 ,

159 1416 235 1473 runt
256 1429 313 1493 pro
336 1411 397 1471 ritu
419 1426 538 1470 eorum.
582 1407 657 1469 Non
680 1409 764 1469 enim
793 1419 907 1472 curant
928 1408 969 1470 de
989 1408 1226 1486 munitionibus
1241 1407 1331 1468 civi·
1455 1439 1456 1448 κ

159 1522 276 1595 tatum,
307 1513 368 1576 sed
398 1514 546 1576 introitus
567 1520 598 1575 et
621 1512 728 1575 aditus
756 1513 789 1575 in
811 1515 974 1596 regionem
996 1530 1114 1596 magno
1137 1510 1244 1573 studio
1267 1511 1331 1572 ob-

161 1627 304 1682 servant.
347 1620 463 1680 Murus
494 1617 638 1681 civitatis
669 1626 701 1678 et
732 1603 857 1680 moenia
888 1617 964 1680 olim
999 1637 1057 1700 per
1086 1634 1202 1700 gyrum
1235 1623 1329 1677 ararit

158 1723 303 1785 xxxin
336 1722 531 1804 stadiorum,
565 1733 602 1784 nt
628 1721 793 1803 Josephus
821 1722 918 1786 habet
938 1723 976 1784 11.
999 1723 1058 1786 v1.
1093 1740 1121 1784 c.
1143 1723 1185 1802 8.,
1211 1729 1245 1782 et
1266 1720 1329 1782 init

40 1884 47 1898 ,
159 1827 234 1891 olim
253 1827 351 1890 valde
370 1827 482 1890 firmus
505 1835 537 1888 et
558 1825 687 1910 duplex,
709 1834 745 1889 ut
767 1811 879 1889 videre
901 1835 950 1888 est
972 1825 1162 1896 tulmen.
1185 1823 1328 1887 ll'ossata

157 1933 255 1999 habet
276 1942 406 2017 aparte
428 1932 621 1996 occidentali
642 1940 674 1993 et
695 1931 890 2019 aquilonari,
922 1949 942 1992 a
962 1939 1056 2012 parte
1076 1950 1155 1995 vero
1177 1929 1327 1993 orientali

157 2039 254 2101 habet
275 2039 394 2104 uallem
426 2035 604 2120 Josaplrat,
636 2045 669 2099 et
691 2046 824 2120 aparte
856 2031 1058 2100 meridionali
1087 2036 1185 2100 habet
1204 2035 1325 2100 vallem

160 2143 264 2227 Syon.

243 2249 296 2311 Ab
318 2251 405 2309 iutns
428 2255 479 2308 est
499 2246 616 2309 ciuitas
644 2254 814 2308 montuosa
834 2253 868 2307 et
899 2245 1078 2327 inaequalis
1100 2246 1133 2308 in
1154 2246 1219 2310 alto
1241 2263 1326 2308 con-

159 2353 290 2415 sistens.
330 2353 379 2412 lbi
401 2351 521 2416 eminet
540 2367 632 2411 mons
651 2349 761 2432 Syon,
783 2348 823 2412 atl
846 2349 940 2430 cujus
961 2349 1081 2413 clivum
1102 2351 1323 2438 aquilonarem

160 2470 277 2534 magna
313 2470 390 2535 pars
420 2450 560 2513 civitatis
591 2452 758 2534 dependet.
813 2455 850 2515 ln
882 2455 1030 2518 accubitu
1065 2457 1324 2518 autem¹montis

160 2557 251 2639 Syon
273 2557 439 2636 consurgit
461 2573 552 2616 mons
575 2555 763 2640 Calvariae,
785 2559 841 2640 qni
862 2559 1016 2642 templum
1036 2562 1141 2624 sancti
1160 2559 1323 2642 sepulchri

158 2666 320 2723 sustentat
342 2676 415 2720 cnm
436 2676 552 2740 magna
575 2660 717 2722 civitatis
737 2671 849 2750 parte.
891 2663 953 2726 Est
975 2671 1008 2726 et
1028 2666 1073 2728 ibi
1095 2683 1186 2728 mons
1207 2665 1321 2745 Morio,

159 2768 192 2830 in
213 2783 278 2848 que
299 2771 351 2827 est
373 2763 523 2846 templum
546 2765 676 2827 Domini
698 2783 771 2828 cum
793 2766 961 2849 principali
983 2771 1125 2832 civitatis
1154 2777 1263 2852 parte;
1287 2775 1321 2830 et

159 2872 231 2935 ideo
253 2889 310 2954 per
332 2870 617 2960 totamlcivitatam
639 2880 688 2933 est
705 2889 864 2933 ascensus
880 2880 912 2933 et
928 2871 1116 2937 descensus.
1139 2874 1197 2937 lsti
1214 2883 1320 2934 taureu

159 2986 286 3042 montes
307 2997 370 3040 non
393 2977 425 3039 iu
447 2976 547 3039 altum
568 2994 667 3057 supra
688 2974 921 3060 extenduntur,
944 2978 1002 3040 sed
1023 2989 1099 3042 snut
1127 2980 1233 3060 capita
1254 2977 1319 3038 lata

157 3084 343 3169 principalis
366 3083 493 3164 montis,
513 3085 547 3144 in
568 3101 630 3165 qno
653 3081 769 3143 civitas
792 3089 985 3165 rorrutaasr,
1007 3103 1143 3168 eamque
1164 3086 1319 3165 inaequa-

158 3189 221 3250 lem
243 3188 390 3251 reddnut.
433 3188 484 3248 De
505 3187 570 3249 hoc
586 3176 820 3249 monte-totali*
837 3184 916 3246 dicit
945 3185 1095 3252 Psalmus
1114 3189 1318 3256 nxxv111.:

157 3290 201 3351 Et
235 3289 361 3361 induxit
403 3305 461 3349 eos
504 3290 538 3349 in
581 3299 721 3362 merrtem
771 3290 1038 3354 sanctificationis
1082 3311 1178 3376 suae,
1226 3311 1318 3353 mon-

157 3401 240 3472 tem,
262 3410 357 3473 qnem
390 3389 563 3471 acquisivit
585 3390 698 3456 dextra
720 3394 800 3476 ejus.
845 3392 937 3456 Sicut
966 3396 1051 3458 enim
1084 3399 1202 3460 civitas
1223 3397 1317 3458 Basi-

156 3494 278 3556 leeusis
300 3502 466 3556 montuosa
488 3498 555 3570 est,
583 3495 632 3556 sic
653 3505 686 3558 et
706 3499 797 3562 haec.
840 3502 948 3560 Habet
970 3501 1054 3561 enim
1076 3501 1205 3563 Basilea
1226 3516 1317 3562 mon·

157 3607 221 3661 tem
240 3599 344 3660 sancti
363 3593 546 3658 Leorrhardi
567 3615 625 3678 pro
652 3600 876 3684 monteSyon,
898 3612 930 3666 et
951 3614 1092 3667 montem
1115 3604 1317 3669 sanctil’ctri

156 3720 213 3785 pro
248 3710 356 3764 monte
374 3699 563 3779 calvariae,
595 3710 628 3764 et
655 3703 793 3768 montem
823 3708 928 3770 sancti
958 3709 1089 3773 Martini
1121 3729 1179 3792 pro
1210 3714 1316 3771 monte

155 3806 276 3887 Maria,
299 3805 447 3888 quamvis
468 3807 513 3869 sit
537 3805 635 3892 longa
656 3807 883 3874 dissimilitudo
903 3811 936 3874 in
968 3813 1072 3897 ligura
1094 3823 1126 3878 et
1147 3813 1315 3877 situatione

154 3911 239 3973 inter
259 3908 345 3971 illam
367 3918 400 3972 et
420 3911 529 4000 istam.

237 4012 391 4094 Magnam
425 4023 567 4098 partem,
598 4023 753 4102 utsupra
780 4014 864 4100 dixi,
897 4022 1039 4086 civitatis
1072 4030 1230 4107 occuparit
1261 4019 1314 4084 illa

154 4118 217 4182 duo
243 4118 451 4182 celeberrima
474 4118 592 4200 templa
614 4139 713 4203 saepe
744 4123 845 4206 dicta,
875 4127 1028 4210 templum
1057 4127 1197 4210 Domini,
1231 4124 1314 4210 quod

153 4225 316 4288 nominant
337 4221 530 4304 Salomonis,
554 4230 588 4284 et
609 4226 763 4308 templum
781 4231 888 4292 amicti
908 4231 1081 4314 sepulchri,
1112 4250 1186 4295 cum
1207 4251 1314 4295 eorum

153 4327 268 4411 amplis
289 4328 380 4394 atriis
401 4336 432 4392 et
454 4325 623 4392 domiciliis
642 4331 693 4393 als
714 4329 885 4420 adjunctis.
919 4336 962 4399 llt
983 4354 1057 4402 cum
1079 4336 1140 4400 hoc
1162 4343 1239 4398 sunt
1260 4353 1315 4418 per
