2896 4872
173 437 356 526 soqffit.
396 437 434 500 in
465 441 591 501 tantum
613 435 711 502 etism
743 436 875 500 facim
894 435 1019 500 invidia
1038 433 1299 518 tirynorduu
1325 437 1394 500 de-

174 543 277 625 duxit,
298 549 334 604 nt
347 537 471 606 christi
493 541 591 606 fldem
613 541 793 624 abnegaret
814 550 847 616 ct
868 541 1148 604 circuncisionem
1172 543 1391 626 σασάμω

67 741 72 748 υ
174 663 215 712 sc
236 647 330 711 ritum
350 645 550 710 dischomati
572 647 787 729 profiteretur,
809 645 887 716 licei
906 645 1042 709 occulte.

257 751 356 814 Auno
378 751 509 825 nomini
530 749 622 816 1187.
658 747 836 814 Saladinns
854 757 987 833 proptor
1005 759 1193 814 nostrornm
1231 749 1388 814 nli-scor-

175 855 247 921 diss
280 857 372 920 viras
417 855 557 939 adeptos
586 864 785 938 congregato
815 854 1019 918 multitudine
1056 854 1186 917 infinita
1226 871 1386 916 suornm

176 979 312 1046 rognum
333 969 482 1024 undum
505 959 666 1024 hostiliter
690 961 813 1022 invasit
835 959 1008 1022 etmuitas
1028 965 1135 1022 terras
1155 959 1385 1022 Christianis

175 1067 326 1132 abstulit·
365 1064 514 1147 Cumque
534 1081 593 1126 rcx
605 1063 712 1126 Gnido
732 1062 876 1146 nudique
896 1065 937 1125 ab
959 1055 1142 1138 infidaiinrss
1154 1071 1380 1138 arctam,

179 1171 223 1236 da
242 1171 422 1254 principum
452 1185 584 1232 suorum
615 1168 751 1231 consilio
784 1167 947 1232 dominum
977 1169 1195 1265 patriurchsm
1218 1169 1379 1230 Jcroso-

177 1277 370 1361 iymitanum
405 1291 472 1336 uns
492 1291 568 1338 cum
588 1267 742 1357 megistr'o
762 1272 874 1357 tempii
894 1282 928 1336 et
949 1275 1056 1357 priora
1075 1273 1263 1356 tospttslis
1280 1275 1378 1335 nisit

178 1380 221 1446 sd
255 1381 421 1464 principos
452 1376 643 1461 occidentis,
674 1379 761 1462 qnod
790 1378 857 1442 iilis
891 1379 1133 1460 denuntiarunt,
1164 1379 1201 1440 in
1240 1387 1376 1461 quauta

178 1483 366 1550 etiamtunc
388 1492 478 1546 esset
500 1482 638 1566 maius
670 1484 867 1547 christianus
886 1485 919 1546 iu
942 1487 1075 1546 oriente.
1117 1483 1186 1546 Hic
1218 1485 1372 1564 primum

182 1590 225 1654 ad
245 1607 355 1672 regem
372 1589 569 1651 Francorum
586 1586 770 1673 Philippum
790 1595 960 1670 venerunt,
982 1587 1035 1650 cni
1054 1587 1169 1650 claves
1189 1588 1371 1669 sepulchri

182 1695 335 1760 dominici
365 1700 401 1756 ot
430 1692 541 1774 tempii
562 1701 595 1754 et
616 1694 758 1756 civitatis
776 1703 910 1756 sauctae
929 1692 1134 1773 detulerunt,
1156 1690 1290 1774 (280
1314 1692 1368 1768 ri)

180 1799 412 1882 supplicantes,
431 1805 467 1860 ut
488 1805 594 1860 terrac
609 1807 744 1860 sunctae
767 1801 932 1882 periturae
948 1815 1139 1860 succurrere
1154 1798 1364 1880 dignaretur.

180 1903 257 1968 Rex
289 1920 369 1986 ergo
397 1903 562 1984 piissimus
592 1905 801 1986 cougregatis
835 1905 983 1968 omnibns
1022 1903 1176 1986 praelatis
1219 1903 1364 1964 Parisiis

181 2009 353 2076 oonciiiorr
374 2008 551 2072 celebravit
578 2016 612 2071 et
632 2009 914 2072 strenuosissimus
947 2008 1066 2090 milites
1096 2007 1169 2070 sois
1200 2008 1363 2088 expensis

182 2117 355 2180 interram
377 2120 522 2178 sanctam
554 2111 653 2177 misit.
696 2115 826 2176 interes
843 2113 1019 2178 saladinus
1046 2119 1251 2196 congregata
1284 2110 1362 2174 inii-

182 2222 251 2286 nita
283 2217 484 2284 multitudiue
509 2217 683 2280 Turdorum
712 2225 746 2279 at
774 2218 1026 2282 Sarraceuorum
1060 2215 1211 2281 exomni
1234 2218 1361 2278 oriente

108 2309 112 2318 ¹
182 2333 302 2388 termm
324 2323 581 2387 Christianorum
603 2323 773 2404 ingressus
795 2313 972 2387 Gaiiiaonm
995 2323 1192 2407 provinciam
1214 2321 1359 2382 infesta-

182 2430 239 2493 bat
275 2436 308 2490 at
329 2424 544 2509 'tyberiadem
572 2426 749 2490 obsidebat.
806 2426 929 2491 Contra
960 2445 1056 2516 quern
1092 2447 1149 2492 rex
1169 2425 1356 2489 Jerusalem

184 2529 292 2596 Guido
318 2529 498 2594 eundumne
530 2549 647 2614 magno
681 2533 828 2596 exercitu
848 2551 1042 2617 progressus
1073 2540 1134 2614 cst,
1167 2527 1240 2613 scd,
1269 2531 1355 2592 heu!

183 2637 293 2702 nostri
313 2635 443 2701 contriti
458 2643 534 2696 suut
551 2636 734 2716 proditioue
754 2637 945 2720 nequissimi
965 2639 1038 2720 viri,
1066 2637 1196 2700 comitis
1211 2633 1355 2716 Tripoli-

184 2741 261 2806 tani.
306 2739 393 2802 Nam
405 2757 478 2802 oum
486 2737 554 2821 jsm
565 2743 756 2822 congressio
769 2741 919 2807 iacienda
933 2751 1032 2824 essct,
1052 2759 1163 2804 comes
1173 2739 1229 2802 ilie
1242 2747 1352 2802 erecto

184 2863 246 2911 suo
266 2845 388 2908 vexillo
410 2843 451 2908 de
472 2846 544 2908 eois
567 2845 649 2927 fugit
670 2853 703 2906 et
725 2847 868 2916 ordinem
892 2848 993 2910 nostri
1014 2848 1177 2910 exercitus
1197 2843 1350 2922 ocufudr,

100 3029 118 3052 ε
185 2970 324 3036 eumque
348 2951 467 3034 quique
487 2952 575 3033 regis
595 2950 779 3014 Jerusalem
814 2953 935 3015 inimici
962 2961 996 3015 ot
1024 2955 1088 3016 viri
1114 2951 1218 3016 dodosi
1244 2950 1348 3011 secuti

185 3066 271 3141 sunt,
293 3058 406 3140 sicque
426 3055 462 3120 tit
476 3065 552 3118 auto
572 3055 725 3138 ingemet
746 3059 780 3118 in
799 3056 878 3140 fuga
898 3067 1079 3122 nostrorum
1095 3066 1226 3139 strages
1244 3054 1347 3116 horri-

187 3162 279 3244 bilis,
313 3165 347 3224 iu
374 3179 439 3244 qno
471 3160 598 3242 quidem
635 3159 823 3238 discrimine
844 3163 1048 3226 Acconeusis
1075 3163 1262 3247 episcopus,
1292 3157 1344 3240 qni
1422 3235 1423 3242 ἵ

186 3275 264 3328 aute
292 3268 467 3329 exercitum
485 3263 616 3329 Domini
647 3282 775 3327 crucem
809 3265 1000 3332 dominicam
1031 3269 1176 3348 ferebat,
1207 3263 1344 3346 gruum
1422 3249 1423 3282 ³

186 3369 376 3432 vuinecntns
396 3375 465 3450 est,
491 3371 549 3465 qui
572 3371 683 3432 mortis
703 3372 850 3434 sentiens
877 3372 1044 3436 imminere
1064 3373 1247 3445 discrimen,
1273 3385 1341 3430 cnm

186 3489 225 3536 ae
246 3491 345 3554 sopor
363 3489 481 3557 equum
500 3492 565 3538 uon
585 3484 699 3557 posset
726 3478 864 3560 erigere,
884 3495 1014 3541 crucem
1035 3477 1225 3543 dominicam
1255 3473 1340 3536 nitori

188 3577 329 3660 tradidit,
350 3581 406 3660 qni
426 3597 497 3641 eam
514 3583 584 3662 regi
606 3577 750 3644 (luidoni
770 3583 922 3666 portavit.
966 3581 1020 3644 Ad
1040 3591 1245 3666 postremum,
1272 3596 1338 3640 com

187 3701 248 3746 rex
268 3681 430 3765 usquead
451 3683 528 3746 belli
557 3685 654 3746 finem
678 3694 820 3750 strenuo
839 3705 910 3750 cum
945 3705 1006 3750 sua
1030 3705 1129 3750 eruce
1156 3685 1337 3764 dimicaret,

187 3784 331 3870 undique
351 3785 580 3851 invadentibus
601 3789 760 3873 hostibus,
781 3793 851 3856 suis
881 3811 939 3876 pro
961 3792 1074 3874 mojori
1100 3799 1195 3874 parte
1220 3789 1335 3872 omisis,

187 3903 221 3957 at
241 3893 313 3976 ipso
334 3891 448 3978 fugero
465 3911 530 3956 nou
551 3904 664 3976 posset
684 3896 904 3960 circumdatus
925 3897 1076 3980 inimicis,
1097 3913 1163 3958 uua
1180 3911 1251 3956 cnm
1268 3909 1337 3976 pre-
1422 3925 1423 3950 r

187 4003 272 4064 tioso
306 3997 397 4080 ligno
434 3997 586 4062 vivificae
615 4002 723 4064 crucis
753 4003 894 4086 eapitur,
920 4020 984 4066 uec
1011 4002 1071 4066 init
1098 3999 1249 4085 proelium
1276 4007 1336 4064 toto

187 4113 335 4188 temporo
344 4104 530 4167 Latinorum
552 4105 586 4167 iu
608 4106 741 4192 oriente,
765 4111 799 4171 in
820 4126 884 4193 qno
906 4114 1017 4170 tantus
1037 4108 1177 4190 sanguis
1192 4101 1335 4170 Christis-

187 4227 300 4274 norum
322 4209 382 4274 fuit
400 4207 536 4289 effusus,
557 4210 642 4272 sicut
662 4211 717 4274 iiio
739 4212 800 4276 dic.
843 4213 930 4276 Nam
951 4231 990 4276 oo
1011 4210 1064 4275 die
1080 4212 1179 4274 totius
1189 4208 1335 4274 Christis-

187 4313 297 4378 uitatia
307 4313 479 4378 concIdore
488 4315 576 4380 vires
584 4317 617 4380 iu
626 4318 758 4380 oriente.
782 4318 927 4382 Maxime
940 4326 1046 4384 nutam
1055 4314 1332 4400 Hospitaiiariomn
