2948 4876
810 312 817 329 h

190 403 391 486 Salmonis,
423 400 673 485 transfugerunt.
727 389 843 466 Nostri
875 411 1001 486 autem,
1034 405 1090 488 qui
1115 421 1227 488 saper
1254 423 1392 470 muros

190 511 335 591 stabant,
355 509 390 571 in
406 507 516 572 vicum
537 508 717 589 proximum
750 506 990 592 descenderunt
1015 517 1049 572 et
1069 507 1110 572 ad
1130 519 1270 592 portam
1297 530 1388 595 sop-

189 612 415 680 tentrioualem
437 620 648 677 cucumernut
676 621 710 676 et
729 611 876 678 effractis
897 613 981 676 seris
1009 621 1042 676 et
1062 615 1235 698 repagulis
1258 637 1386 682 remo.

189 722 234 784 tia
260 725 384 802 portam
398 717 641 802 ‚patefecerunt
678 724 714 780 et
744 724 990 800 exspectantem
1014 719 1093 782 ioris
1122 720 1384 786 multitudinem

188 825 440 906 lntromiseruot,
462 824 518 906 qui
538 843 597 908 per
617 824 712 888 vicos
737 821 957 887 discurrentes
975 825 1101 887 strictis
1121 825 1249 907 gladiis
1267 829 1381 890 aetati

188 947 254 994 non
274 935 448 1012 paroentes
468 937 525 992 aut
555 927 650 992 suni
671 927 704 990 in
732 946 789 991 ore
817 928 918 1011 gladii
948 931 1214 1012 perstringebaut
1245 934 1379 996 omnia.

187 1035 289 1098 Porro
308 1035 414 1098 virtue
434 1033 551 1098 bellica
571 1031 712 1102 hostium
734 1039 802 1096 toto
821 1033 855 1096 in
871 1032 992 1116 templo
1004 1043 1038 1098 et
1052 1037 1135 1098 atrio
1155 1043 1233 1098 erat
1252 1047 1379 1119 parata

188 1157 227 1204 se
248 1137 423 1202 defendere
448 1155 469 1202 a
498 1137 635 1220 nostris3
672 1137 834 1202 instructo
863 1147 969 1202 autem
1001 1139 1299 1204 acie-nostrorum
1334 1141 1376 1204 od

187 1245 298 1328 templi
318 1243 591 1327 impugnationem
614 1259 732 1324 magno
752 1257 825 1308 enm
840 1243 955 1320 robore
971 1254 1183 1308 secesserunt
1206 1255 1244 1308 et
1269 1247 1375 1330 quin-

186 1352 282 1434 quies
303 1367 325 1412 a
345 1347 536 1412 Sarraeenis
557 1348 680 1432 repulsi
703 1348 834 1412 luerunt
854 1350 966 1412 nostri.
1000 1347 1122 1426 Quinto
1142 1358 1260 1416 autern
1285 1369 1373 1416 eon-

187 1462 275 1518 serto
296 1453 381 1517 bello
402 1453 534 1518 tandem
561 1472 661 1518 cornu
695 1471 807 1518 eorem
835 1453 984 1520 dextrum
1010 1455 1266 1538 confregerunt,
1305 1475 1371 1538 quo

188 1557 342 1642 dissipato
367 1565 460 1621 tanto
483 1560 518 1622 iu
539 1577 597 1624 eos
619 1557 720 1622 caede
740 1559 931 1623 debacchati
957 1569 1052 1644 sunt,
1083 1568 1120 1626 ot
1140 1561 1174 1624 in
1196 1562 1370 1644 sanguiue

186 1666 368 1728 oodsomm
389 1653 572 1748 equitarent
598 1663 817 1728 in·uounullis
846 1659 928 1728 locis
949 1667 1022 1728 atrii
1051 1684 1156 1750 usque
1176 1663 1221 1728 ad
1252 1681 1368 1748 genna

187 1787 351 1853 epnomm.
395 1769 579 1853 Numquam
624 1771 684 1834 leit
714 1773 808 1834 visus
834 1779 944 1834 tantus
965 1771 1061 1834 simul
1082 1769 1221 1852 smgtns
1242 1770 1367 1834 hnma-

187 1889 266 1958 uus,
307 1893 382 1938 uam
409 1885 538 1958 praeter
572 1894 647 1958 eos,
684 1893 766 1958 quos
785 1869 981 1958 'occiderant
1009 1877 1114 1948 nentri
1139 1893 1200 1957 per
1235 1875 1365 1953 domos,

188 1983 282 2046 vicos
326 1989 361 2044 et
402 1982 545 2046 civitatis
573 1980 716 2063 plateas,
748 1982 782 2044 in
810 1981 882 2044 solo
917 1969 1037 2064 templo
1067 1990 1107 2044 et.
1130 1980 1215 2044 atrio
1245 1979 1363 2042 decem

188 2087 290 2150 millia
310 2085 487 2150 iulidelinm
508 2088 660 2168 prostrati
689 2095 723 2148 et
749 2083 857 2170 gladio
875 2084 1016 2168 jugulati
1036 2093 1122 2148 sunt.
1166 2087 1259 2146 Inter
1279 2103 1362 2167 quos

189 2191 278 2255 mille
296 2191 414 2274 gladiis
437 2191 609 2254 confossus
633 2190 755 2255 interiit
774 2189 931 2273 Caliphas
958 2191 1118 2254 barbarus
1139 2189 1361 2254 nederuse-

188 2295 268 2378 lem,
301 2313 397 2376 quem
419 2297 522 2358 uestri
554 2305 743 2378 repererunt
768 2296 842 2359 snb·
859 2313 1018 2360 murorum
1051 2297 1141 2359 ruina
1167 2293 1359 2358 latitantem.

188 2397 247 2462 Sic
265 2416 343 2481 crgo
364 2408 462 2482 cepte
479 2408 534 2464 eat
555 2401 672 2464 civitas
693 2408 808 2464 sancta
826 2417 911 2462 auno
924 2400 1015 2463 tuae.
1034 2399 1087 2462 die
1105 2397 1357 2483 resultatoria

189 2513 298 2586 sexta,
326 2505 405 2568 hora
424 2505 477 2586 9.,
499 2523 584 2568 auno
609 2505 728 2584 tertio,
758 2523 801 2566 ex
832 2521 896 2587 quo
929 2504 1186 2569 Christianorum
1216 2503 1357 2586 populus

190 2617 300 2672 tautae
321 2609 588 2691 peregrinationis
610 2611 735 2674 animos
757 2616 976 2678 assumserat,

274 2712 455 2798 Subjugata
475 2722 583 2777 autem
605 2715 737 2778 civitate
757 2713 898 2798 populus
918 2713 1060 2778 bdelium
1081 2713 1237 2796 depositis
1257 2712 1353 2774 armis

190 2821 224 2883 iu
256 2821 372 2905 spiritu
403 2819 589 2895 humilitatis
623 2837 695 2882 cum
739 2816 881 2881 lacrimis
920 2807 1055 2906 dimisso
1088 2817 1210 2900 templo
1239 2825 1352 2880 cruore

191 2928 359 3010 inquinato
397 2927 437 2991 ad
486 2923 638 3006 templum
687 2921 810 2988 Christi
861 2924 1022 3006 sangnine
1068 2923 1247 2988 confertum
1292 2921 1351 2986 do-

191 3034 300 3098 minici
341 3031 506 3115 sepulchri
546 3028 830 3110 processionaliter
856 3017 1083 3113 properabat,
1126 3027 1287 3111 episcopis
1318 3035 1349 3088 ct

192 3137 415 3202 sacerdotibus
456 3137 493 3198 iu
537 3135 641 3204 sacris
684 3134 831 3197 vestibus
877 3133 1158 3217 praecedentibus.
1209 3133 1348 3214 ingressi

192 3250 300 3304 antem
331 3241 483 3323 templum
506 3239 686 3302 dominicae
707 3239 951 3302 resurrectionis
973 3257 1045 3303 cum
1077 3239 1205 3320 ingenti
1232 3235 1346 3298 laetitia

192 3345 301 3408 cuncti
321 3345 354 3408 iu
373 3346 443 3408 suis
464 3337 585 3428 linguis
604 3351 637 3406 et
659 3343 744 3406 uotis
766 3344 941 3407 cantabant
969 3345 1113 3406 earmina
1133 3339 1296 3425 paschalia
1313 3348 1344 3401 et

192 3450 300 3512 omnia
326 3449 399 3514 loca
419 3431 534 3515 sancta
554 3447 665 3532 templi
689 3447 899 3512 devotissima
929 3449 1139 3532 processione
1167 3445 1344 3524 visitabant,

192 3563 226 3616 et
252 3554 338 3637 quod
367 3555 512 3619 mirabile
533 3564 585 3620 est
612 3553 700 3618 dictu
720 3563 754 3616 et
791 3551 943 3618 devotum
965 3571 1005 3617 ac
1035 3552 1206 3616 delicabile
1234 3549 1342 3630 auditu,

191 3661 225 3723 in
247 3661 396 3722 omuibus
420 3660 474 3724 his
495 3659 658 3723 affuerunt
679 3656 851 3720 manifeste
869 3667 902 3721 et
923 3665 1076 3740 patenter·
1091 3657 1211 3722 milites
1240 3663 1269 3716 et
1287 3671 1341 3736 pe-

192 3765 311 3846 regrini
345 3764 472 3846 armati,
506 3765 560 3848 qui
592 3761 710 3826 dudum
733 3781 806 3826 oum
827 3761 945 3845 gladiis
973 3761 1150 3828 infidelium
1182 3760 1338 3843 pretiosam

191 3876 326 3932 mortem
349 3878 576 3952 susceperant,
608 3883 701 3952 quos
724 3867 824 3930 maior
844 3884 922 3948 pars
943 3866 985 3930 de
1017 3867 1164 3934 exercitu
1192 3863 1284 3945 vidit,
1311 3870 1339 3926 et

187 3973 380 4056 juramentis
401 3974 599 4054 affirmabat,
622 3971 800 4056 quoddam
822 3990 946 4036 murum
968 3971 1109 4034 civitatis
1129 3967 1338 4048 asceudemut,

190 4077 321 4142 stabant
349 4094 600 4159 supremorum
632 4063 750 4141 milites
787 4076 930 4140 defuncti
959 4074 1045 4157 apud
1081 4075 1282 4141 Antiochiam
1308 4079 1338 4134 ot

190 4179 283 4264 alibi,
306 4181 420 4245 armati
441 4189 473 4242 et
494 4179 588 4259 laeti,
614 4189 646 4242 et
666 4180 945 4246 adscendentibus
963 4180 1074 4244 scalas
1100 4197 1216 4244 manus
1247 4178 1336 4262 porri·
1435 4203 1436 4222 ¹

189 4284 310 4364 gebun
339 4301 467 4366 ‚eosqrre
497 4281 697 4365 animabant,
720 4303 782 4348 neo
806 4287 1051 4368 aestimabatur,
1084 4284 1172 4369 quod
1201 4283 1267 4348 viui
1284 4282 1335 4348 bae
1435 4349 1436 4354 ,
