2896 4872
45 472 154 520 unum
177 453 218 517 de
238 447 342 534 vasis,
364 458 398 514 et
418 452 528 515 uiuum
551 471 609 534 per
622 461 760 518 socom
779 453 951 536 cilicinum,
974 473 1038 538 quo
1051 456 1231 539 involutum

49 569 142 642 erat,
173 557 307 626 defluxit
328 559 362 618 in
383 565 518 640 terram,
548 556 589 619 de
610 575 674 638 quo
694 577 759 621 non
781 557 939 621 modicum
962 561 1080 622 turbati
1100 561 1230 643 inimus,
1265 638 1270 648 .

46 665 130 748 quia
164 663 282 724 vinum
310 661 464 742 optimum
494 669 564 723 erat
604 671 637 723 et
663 679 781 743 magno
811 663 914 744 pretio
946 673 1163 746 comparatum
1197 674 1231 728 et

54 767 162 832 urnlto
185 765 293 828 studio
316 765 540 828 absconditum
559 765 909 847 propterSarracenos.
941 767 1017 830 Non
1035 777 1141 831 autem
1154 775 1231 830 tan-

46 882 122 936 tum
144 869 287 933 turbavit
309 885 369 930 nos
390 867 527 950 perditio
547 869 625 950 vini,
649 873 950 952 quantumiusauia
965 871 1226 944 Sarracenoruur.

47 976 234 1039 'limuimus
256 975 351 1055 enim,
375 973 461 1058 quod
477 972 648 1036 Sarraceni
671 974 800 1038 odorem
822 977 892 1037 vini
913 979 1122 1040 sentientes'
1113 997 1146 1040 ιιι
1168 995 1230 1042 nos

50 1085 217 1144 irruerent
253 1085 287 1139 et
317 1077 381 1138 alia
407 1094 489 1138 vasa
504 1080 611 1142 etiam
643 1088 851 1162 rumperent,
884 1085 922 1142 et
943 1083 973 1144 si
1003 1081 1080 1144 vino
1111 1082 1229 1162 privati

23 1187 245 1288 fuissemus,
258 1184 547 1266 peregrinationem
563 1183 681 1246 montis
695 1181 955 1266 Synaiaggressi
972 1202 1036 1247 non
1053 1186 1230 1250 fuissemus

23 1249 117 1394 :nec
139 1291 253 1352 vivero
273 1288 307 1347 in
330 1285 458 1349 deserto
479 1288 697 1370 potuissemus
712 1287 790 1350 sine
811 1297 889 1384 potu
915 1289 992 1350 vini.
1037 1291 1228 1354 Dimisimus

47 1413 133 1476 ergo
154 1394 265 1456 vinum
285 1391 320 1452 in
340 1399 457 1454 terram
488 1391 644 1474 defluere,
678 1393 755 1473 quia
775 1409 840 1452 non
861 1400 930 1452 etat
948 1390 1037 1454 aliud
1054 1394 1230 1464 vasculum

45 1518 134 1584 prae
154 1496 318 1576 manibuS,
347 1493 593 1576 diligentissime
615 1505 721 1558 tamen
743 1495 1009 1579 observavimus,
1044 1517 1087 1560 ne
1115 1515 1227 1562 carue-

45 1604 124 1667 larii
145 1611 178 1664 et
199 1599 331 1662 asinarii
348 1599 540 1662 accederent
562 1610 595 1663 et
609 1600 662 1663 de
680 1600 832 1662 dellueuti
861 1602 939 1662 vino
954 1601 1112 1686 biberent,
1135 1605 1223 1686 quia,

45 1717 88 1772 ut
111 1702 319 1788 gustassent,
348 1705 458 1767 statim
480 1705 627 1768 inebriati
651 1705 790 1768 luissent
817 1713 852 1766 et
871 1705 990 1768 turbati
1012 1725 1074 1806 nos
1094 1709 1226 1770 turbas-

23 1783 127 1928 :sont
148 1818 181 1872 et
201 1807 437 1890 supellectilem
467 1818 609 1872 nostram
628 1808 866 1889 neglexissent.
894 1811 1104 1890 Egoasinum
1118 1825 1225 1888 mcum
1253 1867 1263 1880 ..

23 1887 181 2034 :cuidam
204 1911 296 1975 militi
326 1914 493 1995 assignavi
533 1919 567 1974 et
587 1911 632 1974 ad
657 1911 744 1974 latus
766 1913 881 1974 cameli
895 1915 1046 1998 cucurri,
1077 1915 1132 1976 ubi
1154 1921 1225 1978 erat

23 1993 167 2084 'viuum
187 2015 351 2100 deiluens,
375 2025 409 2079 et
430 2017 552 2079 nullum
575 2015 792 2080 sarracenum
812 2016 968 2078 accedere
988 2018 1137 2098 permisi,
1164 2018 1224 2080 sed

23 2099 229 2187 'flasconem
253 2139 359 2182 mcum
380 2122 512 2184 duarum
535 2137 755 2182 mensurarum
777 2139 830 2182 ex
826 2118 1008 2182 stillicidiis
1028 2119 1170 2201 implevi,
1191 2131 1225 2186 et

48 2229 101 2290 ita
127 2227 214 2289 leuto
242 2224 345 2306 gradu
372 2227 599 2309 processimus.
642 2227 680 2290 lu
702 2225 834 2306 quantis
856 2232 962 2286 autem
985 2223 1140 2286 fuerimus
1161 2243 1223 2286 an-

23 2309 171 2460 :gustiis
198 2331 282 2392 inter
305 2330 396 2392 'viam
420 2331 515 2392 istam
543 2348 676 2413 parvam
708 2328 888 2392 iaciendum
920 2338 1051 2410 propter
1073 2329 1222 2392 diversas

23 2417 255 2520 'paganorum
272 2433 409 2498 insidias
429 2443 462 2498 et
483 2437 548 2516 (b)
570 2435 714 2517 labores,
737 2453 800 2496 non
824 2432 920 2496 facile
941 2435 1138 2515 scripserim.
1183 2437 1221 2498 ln

23 2523 179 2670 :tantum
202 2547 310 2602 autem
333 2538 486 2628 retardati
508 2540 656 2602 luimus
647 2559 680 2601 ru
702 2539 757 2600 via
779 2545 811 2600 et
832 2535 995 2619 impediti,
1017 2539 1102 2621 quod
1123 2541 1221 2624 mam,

23 2611 150 2774 :quam
177 2646 210 2708 in
239 2651 376 2726 quatuor
396 2622 485 2707 lauris
509 2646 616 2707 lacere
637 2644 870 2726 potuissemus,
901 2642 960 2710 vix
980 2643 1013 2704 in
1035 2645 1100 2707 Vll
1130 2646 1219 2709 horis

23 2735 260 2832 'perfecimus
283 2757 316 2811 et
336 2749 370 2810 in
392 2751 558 2812 nocturnis
580 2749 722 2811 tenebris
744 2745 942 2810 Bethleem
931 2750 1074 2828 ingressi
1092 2749 1220 2813 inimus.

23 2841 25 2878 ¹
50 2856 91 2915 Ιιι
119 2853 244 2935 porticu
273 2861 381 2914 autem
407 2853 568 2918 ccclesiae
594 2851 872 2914 Bethleemitanae
887 2855 1140 2914 enumeravimus
1162 2867 1221 2915 oas-

23 2943 154 3022 'melos
176 2967 208 3020 et
230 2957 339 3020 asinos
360 2975 433 3020 cum
455 2976 572 3039 magno
594 2957 704 3020 labore
724 2962 759 3018 et
781 2931 893 3020 omnes
932 2956 1052 3017 resin
1060 2956 1220 3037 quandam

23 3049 212 3124 ¹cameram
233 3060 394 3124 ecclesiae
423 3079 580 3125 annexam
611 3062 768 3124 traximus
797 3068 830 3121 et
851 3058 1061 3122 custodiam'
1048 3069 1142 3141 Juxta
1163 3077 1222 3122 ea-

23 3153 24 3194 ¹
51 3183 173 3228 meram
195 3166 370 3246 posuimus.
414 3166 558 3248 ingressi
578 3175 686 3227 autem
707 3181 779 3226 cum
801 3163 1004 3226 luminibus
995 3182 1042 3226 ιιι
1036 3164 1222 3228 eeclesiam

23 3341 24 3354 χ
50 3270 94 3332 ad
121 3270 227 3334 locum
256 3267 462 3334 dulcissimae
489 3271 668 3333 nativitatis
696 3268 826 3332 Domini
847 3266 1092 3351 descendimus,
1124 3278 1156 3331 ct
1177 3270 1222 3334 ibi

23 3355 24 3380 ¹
51 3371 184 3435 adorato
205 3371 344 3438 Domino
363 3375 456 3437 veuit
481 3381 575 3457 pater
597 3373 795 3438 Gerdiauus·
808 3391 881 3436 curu
911 3373 1062 3437 fratribus
1097 3383 1129 3436 et
1160 3391 1222 3438 nos

53 3477 242 3545 charitative
262 3481 407 3561 suscepit
429 3481 522 3541 acin
543 3480 762 3548 habitaculum
784 3477 970 3540 relectionis
993 3487 1026 3543 e‘t
1053 3478 1222 3542 dormitio·

52 3582 108 3644 nis
128 3591 259 3654 nostrae
280 3583 547 3646 nosintroduxit.
592 3583 745 3647 Sciebant
772 3584 856 3646 onim
878 3583 1052 3646 adventum
1077 3593 1222 3648 nostrum

53 3694 87 3754 et
114 3684 186 3750 ideo
218 3688 326 3770 omnia
357 3695 569 3769 paraverant,
601 3703 734 3752 coenam
762 3697 794 3750 et
826 3688 1034 3753 lectisternia.
1078 3688 1222 3752 Coenam

53 3807 131 3870 ergo
153 3809 225 3855 earu
242 3791 364 3855 laetitia
381 3792 557 3854 sumsimus
570 3794 744 3877 egregiam,
766 3794 885 3882 nost-ris
896 3793 1051 3875 expensis
1064 3801 1221 3875 paratam,

54 3901 87 3954 et
108 3901 182 3974 post
203 3913 275 3958 eam
295 3895 337 3960 ad
357 3897 589 3978 quiescendum
609 3915 670 3960 nos
691 3893 880 3962 locavimus.
919 3895 1087 3960 Gloria'in
1109 3895 1223 3960 excel-

52 3997 102 4058 sis
121 4000 202 4062 Deo.

133 4105 198 4168 Die
218 4105 327 4170 XXV.
351 4105 472 4168 mensis
492 4104 634 4186 Augusti
665 4113 740 4186 post
768 4104 875 4168 noctis
902 4101 1068 4184 mettum,
1089 4101 1222 4165 seilicet

53 4214 128 4268 ante
149 4209 265 4292 lucem,
285 4211 494 4291 surreximus,
527 4218 559 4272 et
580 4209 720 4290 ingressi
741 4213 875 4291 specum
896 4205 1076 4273 nativitatis
1090 4203 1222 4268 Domini

53 4307 171 4378 Officia
197 4322 307 4380 nostra
331 4315 376 4388 tui
397 4315 553 4397 legimus,
584 4313 681 4392 horas
703 4314 878 4390 canonicas
906 4321 940 4376 et
959 4299 1093 4396 Missas
1137 4306 1220 4373 Cum
