2962 5022
102 724 296 786 nauum·
314 723 453 803 udan,
476 722 534 784 rix
554 739 608 783 ne
627 720 872 783 modam
897 717 967 784 sd
987 723 1077 784 circa
1096 721 1159 786 hoc
1180 739 1285 806 qaae-

106 830 211 911 ritur,
242 837 371 909 utran,
407 828 465 910 (μ’
494 824 701 890 deucalator
741 823 947 908 sepulchra·
986 826 1190 910 lacha-et,
1229 827 1285 891 rel

104 934 300 1016 genuflectit
343 941 399 994 aot
431 930 554 1014 aliquid
584 929 768 1012 bojas-odi
799 930 878 992 leeit
899 930 940 992 ia
961 934 1219 1015 πιστεύουσα,
1240 935 1286 997 sit

105 1032 278 1100 infidelis?
314 1034 508 1117 Respondet
538 1033 726 1096 Alexander
752 1032 795 1095 de
822 1034 925 1096 tint:
946 1036 977 1098 si
1002 1034 1209 1102 currerim
1228 1037 1286 1102 itia

106 1144 208 1225 lacit,
229 1143 304 1224 quia
325 1142 371 1203 ita
393 1140 496 1203 credit
516 1149 548 1203 et
572 1139 646 1202 ideo
667 1139 850 1221 profitetur,
872 1148 1022 1223 apostata
1039 1150 1093 1204 est
1113 1151 1147 1204 et
1166 1143 1285 1206 haere-

105 1249 208 1314 ticus.
251 1245 290 1309 Si
306 1265 387 1308 vero
409 1246 474 1309 boe
493 1245 571 1307 lacit
593 1244 665 1307 solo
685 1247 801 1324 verbo,
833 1245 887 1306 vei
907 1254 1038 1328 propter
1059 1255 1196 1327 metam,
1217 1264 1283 1309 noa

106 1355 144 1412 in
165 1350 281 1432 corde,
317 1361 396 1412 tune
424 1359 539 1431 peceat
571 1349 768 1430 mortaliter,
800 1366 865 1411 non
888 1359 995 1412 tamen
1026 1358 1080 1412 est
1100 1350 1285 1416 haemtim

105 1475 173 1519 nec
195 1456 507 1535 excommunicatus,
529 1471 592 1514 nec
608 1461 658 1515 est
679 1471 827 1533 necesse,
848 1454 934 1535 quod
955 1464 1087 1537 propter
1106 1455 1168 1518 hoc
1184 1452 1284 1517 vadat

107 1561 152 1622 ad
174 1560 299 1640 Papam
328 1558 383 1620 vel
418 1560 605 1640 episcopum
636 1577 695 1640 pro
722 1557 924 1620 absolutione
955 1557 1139 1624 obtinenda.
1188 1559 1283 1622 Haec

108 1663 309 1726 Alexander.
355 1660 420 1738 Qui
441 1670 550 1723 autera
572 1662 753 1743 ingreditur
773 1663 867 1743 qnasi
886 1663 1100 1726 honoraturus
1120 1672 1153 1726 et
1173 1664 1283 1746 gesti·

106 1771 172 1831 bus
193 1769 376 1847 honoraret,
397 1765 458 1827 sed
478 1767 655 1828 intentione
672 1769 869 1848 vituperant
889 1776 923 1830 et
944 1767 1042 1832 eorde
1062 1767 1283 1833 eonnderaret
1304 1843 1313 1867 Ι

107 1891 239 1937 errores
258 1881 292 1933 et
321 1871 503 1953 fatuitates,
535 1881 571 1933 ut
597 1889 655 1933 eos
677 1870 871 1935 Christianis
901 1873 1101 1958 propulerat,
1134 1876 1284 1960 quamvis

108 1980 300 2042 curiositate
317 1983 352 2037 et
367 1976 606 2056 praesumtione
621 1994 684 2037 non
704 1975 864 2039 medicum
885 1987 1050 2060 peccaret,
1064 1980 1162 2044 credo
1175 1990 1284 2045 tamen

108 2083 221 2145 levius
251 2079 449 2165 puniendum
478 2089 510 2139 et
544 2079 774 2144 excusandum.
825 2081 932 2143 blulta
959 2083 1040 2143 mira
1069 2084 1211 2147 referunt
1242 2084 1284 2148 da

106 2189 171 2251 hec
191 2195 400 2255 monstruose
430 2184 628 2246 Machameti
654 2184 836 2266 sepulchro.
878 2185 965 2252 Nam
986 2185 1070 2248 sicut
1091 2186 1165 2248 olim
1195 2196 1282 2252 tetus

107 2291 249 2355 muudus
290 2289 466 2351 mirabatur
507 2289 646 2351 ferreum
690 2288 896 2350 simulacrum
946 2287 1208 2371 Bellerophontis
1246 2292 1281 2355 in

106 2396 251 2479 Smyrna
271 2395 413 2477 civitate,
426 2395 471 2455 ita
492 2412 579 2456 nunc
600 2397 732 2456 miratur
753 2393 815 2455 hcc
835 2391 1052 2474 sepulchrum
1075 2393 1281 2460 Praedictum

107 2501 193 2565 enirn
215 2499 421 2562 simulacrum
444 2508 512 2562 erat
532 2519 630 2562 unum
653 2498 694 2560 (le
714 2505 841 2577 septem
864 2497 1061 2560 mirabilibus
1081 2496 1200 2579 mnndi,
1222 2519 1281 2583 pro

107 2625 168 2689 ec,
201 2603 287 2688 quod
316 2612 406 2665 tanta
432 2604 537 2666 ferrea
570 2603 671 2665 moles
699 2601 806 2664 stabat
833 2602 866 2661 in
899 2617 975 2663 aere
1009 2620 1186 2685 suspensa,
1217 2623 1280 2671 nec

107 2710 236 2774 cetenis
257 2725 385 2770 sursum
409 2707 571 2790 pendens,
605 2724 667 2769 nec
687 2706 803 2769 subtus
824 2703 890 2768 ulle
916 2706 1027 2789 stipite
1046 2707 1196 2793 suffulta,
1219 2709 1279 2777 sed

107 2831 243 2896 magnes
273 2812 357 2895 lapis
384 2812 533 2873 similiter
565 2811 700 2872 candem
732 2810 903 2893 imaginem
934 2813 968 2874 in
999 2813 1149 2878 altissimi
1184 2833 1280 2883 arens

108 2919 304 2981 sublimitate
326 2923 361 2978 et
380 2919 495 2979 subtus
517 2934 588 2978 eam
613 2916 647 2976 in
669 2916 856 2996 pavimento
892 2918 1070 2984 collocatus
1097 2938 1224 2985 sursum
1247 2931 1281 2987 et

109 3023 259 3086 deorsum
280 3040 352 3084 eam
385 3021 550 3102 trahebat,
584 3021 698 3102 sicque
718 3021 751 3082 in
781 3021 884 3085 medic
912 3041 1072 3106 suspense
1101 3027 1278 3093 tenebatur.

107 3126 231 3189 liudem
253 3124 348 3187 ruodo
369 3143 456 3187 nune
478 3132 603 3185 tenetur
624 3119 733 3187 tumba
754 3126 860 3187 ferrea
879 3127 1094 3209 Machemeti,
1115 3146 1279 3212 suspense

107 3232 227 3293 virtute
248 3230 426 3311 magnetis,
450 3229 513 3290 nisi
535 3228 620 3309 qued
643 3229 752 3292 tumba
773 3229 828 3291 illa
850 3249 913 3293 neu
937 3230 1018 3292 tanti
1042 3239 1092 3293 est
1112 3232 1278 3316 penderis,

109 3336 222 3417 quanti
244 3342 312 3395 erat
333 3332 451 3395 idolum
465 3332 733 3416 Bellerophontis,
750 3332 835 3419 quod
858 3335 999 3416 quinque
1020 3333 1119 3399 millia
1140 3336 1279 3403 babebat

108 3440 206 3501 libras
228 3438 320 3519 ferri,
354 3439 429 3519 quia
451 3445 521 3500 eret
540 3455 643 3520 equus
666 3456 804 3521 magnus
832 3446 866 3501 et
887 3439 939 3501 vir
960 3437 1111 3522 desuper.
1154 3441 1277 3509 Verum

108 3562 191 3605 anne
203 3542 332 3605 Domini
357 3542 461 3623 1480,
483 3542 530 3603 uti
551 3543 696 3606 veridica
716 3553 749 3607 et
770 3554 859 3607 certa
878 3543 1034 3608 relatione
1055 3548 1280 3633 comperimus,

108 3649 213 3710 subite
235 3646 396 3710 horrenda
417 3647 506 3709 venit
528 3655 725 3732 tempestas,
747 3649 857 3712 diviua
881 3648 966 3713 hand
989 3649 1119 3718 dublum
1144 3652 1280 3737 dispeu-

108 3753 251 3833 scticne,
274 3752 435 3816 micabant
457 3752 600 3834 fulgura,
623 3755 762 3817 tonitrua
782 3754 939 3818 terribilia
961 3755 1173 3842 recurrebant,
1195 3759 1282 3842 iguis

109 3856 273 3919 descendit
296 3856 338 3919 de
360 3854 451 3918 ccelc
480 3864 513 3918 et
534 3857 658 3938 grando
680 3859 797 3942 ingens
826 3860 859 3922 iu
888 3860 1038 3925 Mecbam
1065 3868 1100 3926 el
1128 3863 1283 3949 templum

108 3962 295 4052 praesertim
333 3969 433 4044 atque
462 3961 672 4043 sepulchrum
704 3965 791 4029 illius
814 3965 975 4031 maledicti
1006 3966 1187 4036 seductoris
1210 3986 1282 4037 curn

110 4082 243 4146 ccrpcre
264 4063 336 4145 ejus
356 4069 390 4128 in
411 4065 603 4148 prafundum
627 4075 751 4151 terrae,
776 4068 830 4131 vel
853 4079 942 4134 certe
961 4069 1097 4153 inferni,
1131 4071 1283 4134 detruse-

109 4177 196 4251 runt,
219 4172 275 4251 ita,
298 4169 384 4251 qued
406 4171 493 4234 nullo
506 4171 671 4251 deinceps
694 4172 787 4234 modo
809 4179 864 4233 aut
881 4173 990 4235 studio
1008 4173 1111 4251 petutt
1131 4170 1280 4237 inveniri.

79 4296 83 4305 ’
107 4273 229 4354 Magna
251 4292 379 4356 queque
400 4294 478 4356 pars
499 4273 609 4353 templi
629 4288 783 4334 corruens
800 4272 880 4350 igue
901 4279 1070 4335 consumta
1092 4278 1159 4350 ost,
1182 4280 1282 4357 atqua

108 4378 150 4438 ita
171 4377 295 4460 pseudo
316 4380 367 4441 sui
388 4378 564 4460 prophetae
587 4373 732 4456 reliquiis
754 4379 786 4436 et
808 4388 944 4452 corpore
965 4371 1138 4435 sarraceni
1157 4374 1278 4451 privati

110 4489 183 4543 sunt
205 4491 248 4563 ct,
270 4481 300 4543 si
324 4481 513 4560 intelligere
528 4476 660 4555 vellent,
684 4478 891 4538 vehementer
912 4471 1007 4533 valde
1028 4468 1158 4531 centuri
1171 4489 1179 4547 ς
1193 4467 1276 4590 Broc
