2948 4876
91 471 299 532 venerentur
329 476 362 530 et
392 485 450 532 eos
488 487 547 552 pro
581 469 815 532 strenuissimis
849 467 1004 534 militibus
1047 473 1170 533 mant·
1228 461 1272 526 Et

94 574 185 638 nulli
212 573 372 656 dubium,
419 575 448 637 si
490 574 666 638 orientales
695 582 829 656 possent
863 582 1006 636 nostrum
1044 571 1148 654 trigue
1187 568 1271 632 adeo

95 680 189 742 bene
210 681 389 761 sustinere,
411 680 495 742 aient
516 697 576 742 nos
607 665 781 742 orientales
800 695 911 740 eorum
931 678 1073 758 oaloras,
1094 693 1269 759 numquam

95 783 243 847 Colonia
264 793 375 846 nostra
395 792 519 846 eareret
531 785 712 867 hospitibus
734 783 953 847 orientalibus.
993 782 1153 845 Videmus
1173 781 1269 862 eninr,

26 922 29 927 ·
96 907 177 952 oum
195 897 316 972 quanta
331 897 434 952 turma
451 889 574 972 Ungari
583 887 754 952 Coloniam
768 890 901 951 veniant
919 897 1062 969 tempore
1075 886 1270 948 ostensionis

1 1049 2 1052 ,
96 995 308 1078 reliquiarum
330 995 363 1056 in
378 993 513 1064 Colonia
537 1003 570 1056 et
592 994 801 1076 Aquisgreni.
843 995 982 1075 lnsnper
1003 989 1174 1073 aliqnando
1190 1007 1270 1051 oon-

1 1131 2 1158 :
95 1098 185 1182 tigit,
209 1098 295 1182 qnod
316 1099 481 1182 peregrini
501 1099 542 1160 de
562 1099 706 1183 partibus
723 1107 756 1161 et
778 1100 871 1160 terris
893 1098 986 1158 trium
1009 1087 1122 1177 regum
1134 1094 1269 1156 veniunt

1 1227 2 1262 t
95 1222 175 1266 eum
202 1205 274 1265 suis
303 1205 417 1266 turmis
449 1203 482 1264 in
503 1202 703 1288 Jerusalem,
734 1203 862 1288 qnando
895 1202 999 1264 nostri
1029 1201 1072 1263 de
1102 1198 1272 1263 oeoidente

96 1309 239 1370 veniunt
260 1307 465 1390 adeundam,
489 1318 520 1369 et
542 1318 620 1370 tune
640 1329 699 1391 per
719 1311 926 1390 interpretem
949 1303 1058 1384 (²54
1078 1305 1132 1388 Δ)
1154 1311 1270 1387 petunt

1 1441 2 1444 ¹
99 1428 122 1472 a
143 1412 274 1493 nostris,
298 1429 338 1473 an
361 1412 475 1494 aliquis
496 1415 538 1476 sit
558 1415 603 1475 ibi
624 1413 665 1475 de
684 1417 779 1476 terris
802 1411 1061 1494 coloniensium,
1091 1419 1125 1474 et
1152 1409 1182 1472 si
1212 1426 1268 1470 re-

99 1508 248 1606 pererint
267 1516 416 1601 aliquem,
436 1528 545 1604 emunt
566 1497 607 1582 ab
631 1538 669 1582 eo
691 1521 814 1601 omnia,
846 1531 931 1600 qnae
961 1522 1098 1600 possunt
1125 1513 1167 1576 de
1196 1511 1268 1593 ejns

100 1620 201 1682 rebns
223 1619 351 1706 habere,
381 1630 425 1695 et¹
439 1627 614 1707 praecipue
635 1623 707 1708 illa,
729 1643 813 1708 qnae
844 1631 919 1686 sunt
948 1625 981 1685 in
1014 1621 1147 1683 eivitate
1163 1614 1266 1680 Colo-

100 1726 209 1786 niensi
238 1726 341 1809 faeta,
367 1729 501 1810 bursas,
528 1730 630 1813 ligas,
657 1730 779 1811 pileos,
809 1729 1029 1792 ealoeamenta
1051 1733 1085 1786 et
1117 1740 1265 1807 quasque

99 1838 214 1892 vestes
241 1849 346 1914 usqne
377 1831 419 1894 ad
444 1835 604 1894 -eamisins
616 1877 626 1915 ,
660 1843 693 1896 et
721 1833 818 1915 duplo
855 1834 959 1916 pretio
990 1830 1143 1893 solvunt.
1161 1837 1195 1890 et
1224 1826 1267 1890 ad

100 1938 257 1998 orientem
277 1956 335 2018 pro
353 1935 501 2017 ‚reliquiis
530 1936 661 1999 dnennt.
704 1937 742 2001 Si
774 1945 879 1999 antem
912 1935 1050 2000 annulos
1078 1941 1131 1995 ant
1158 1931 1268 2014 aliqua

99 2039 261 2122 clenodia,
271 2041 387 2120 quinne
398 2049 582 2104 sanctornm
596 2060 708 2123 regum
726 2040 1011 2122 oorporafnissent
1031 2021 1192 2112 ooutaota,
1203 2035 1267 2098 ali·

101 2144 177 2225 quis
187 2142 253 2205 illis
264 2143 408 2205 vendere
420 2143 569 2226 voluerit,
593 2145 763 2227 decuplum
772 2163 829 2227 pre
840 2145 941 2226 pretio
953 2143 1092 2206 babebit.
1134 2140 1267 2232 sivero

101 2247 177 2329 quis
200 2246 327 2327 lapillos
348 2247 389 2310 de
410 2248 553 2311 eoolesia
572 2250 627 2312 vel
648 2250 822 2332 sepulelrro·
843 2250 935 2311 trium
966 2266 1076 2330 regum
1109 2245 1267 2326 babuerit,

102 2352 204 2413 ateis
226 2351 369 2414 vendere
393 2353 539 2436 voluerit,
562 2355 688 2437 lapides
709 2341 886 2438 pletiosos,
903 2372 1013 2416 aurum
1036 2359 1070 2414 et
1097 2359 1266 2434 arpentum

101 2458 135 2517 in
155 2459 403 2520 commutatione
422 2445 565 2542 recipiet.
608 2462 812 2544 Interrogant
843 2460 937 2526 etiam
968 2477 1027 2540 per
1057 2458 1265 2538 interpretem

102 2559 347 2648 diligentissime
369 2566 584 2647 aperegrinis
607 2559 729 2628 nost'ris
746 2565 795 2628 'de
817 2565 1029 2648 dispositione
1050 2562 1174 2645 patriae
1196 2559 1264 2622 Co-

102 2665 309 2750 loniensinm,
345 2667 385 2731 de
411 2669 552 2731 civitatis
574 2668 781 2732 coloniensis
808 2669 1039 2752 magnitudine,
1059 2667 1101 2730 de
1122 2663 1263 2728 eeclesia

103 2771 172 2852 ipsa
192 2772 361 2860 principali
383 2781 415 2834 et
443 2772 484 2834 de
505 2775 685 2856 sepulchris
707 2777 801 2837 trium
824 2792 946 2856 regum,
969 2781 1003 2836 et
1020 2775 1090 2836 suis
1112 2769 1263 2833 libellulis

104 2874 219 2938 devote
250 2875 446 2938 adverbum
479 2879 667 2961 inseribnnt,
689 2881 773 2942 sient
795 2897 854 2942 noa
876 2888 981 2941 terrae
1001 2885 1135 2940 sanotae
1157 2881 1191 2936 et
1212 2875 1263 2936 ei-

104 2981 213 3042 vitatis
228 2979 413 3043 Jerusalem
443 2989 474 3041 et
506 2983 667 3046 ecelesiae
694 2983 857 3066 sepnlehri
886 2983 1037 3046 dominini
1067 2990 1261 3044 annotamus

105 3083 355 3165 dispositionem.

185 3186 294 3270 Saepe
314 3188 406 3250 molti
433 3191 529 3256 simul
552 3193 751 3256 orientalium
773 3195 940 3278 oonjnrant
976 3206 1009 3259 et
1030 3191 1263 3278 aggrediuntur

105 3293 388 3375 peregrinationem
398 3296 431 3358 in
446 3297 653 3381 occidentem,
675 3299 913 3384 sedentequam
935 3301 1119 3364 adnostros
1141 3296 1262 3380 potnias

105 3399 299 3480 perveniant,
313 3399 469 3466 deliciunt
490 3414 522 3468 et
534 3405 680 3486 pereunt.
724 3407 774 3469 llli
793 3419 881 3489 vero,
903 3407 958 3489 qui
969 3404 1258 3488 peregrinationem

106 3503 279 3566 oeeidentis
307 3505 464 3586 perlicere
484 3519 621 3592 possunt
651 3518 684 3571 et
705 3514 828 3576 reversi
850 3512 979 3592 tuerint,
1000 3508 1112 3591 magui
1131 3523 1260 3588 semper

104 3609 235 3690 reputati
266 3615 363 3672 snut,
398 3607 437 3672 Si
465 3628 542 3693 ergo
570 3622 693 3677 tentum
725 3623 923 3679 venerantur
959 3613 1132 3678 orientales
1163 3611 1259 3676 trium

105 3731 210 3795 regum
230 3721 361 3795 terram,
381 3715 498 3799 inqua
518 3736 627 3781 eorum
657 3729 895 3784 monumentum
923 3729 974 3783 est
1002 3720 1159 3802 positum,
1181 3713 1257 3798 qnid

105 3819 221 3902 mirum,
243 3819 272 3881 si
287 3819 504 3883 enuidentales
525 3831 641 3886 terram
653 3823 804 3888 dominiei
824 3823 988 3906 sepulchri
1005 3823 1135 3906 etregis
1147 3839 1259 3903 regum

107 3921 238 3984 omnium
259 3923 293 3984 in
319 3923 442 3987 bonore
473 3925 666 3991 reservant?
701 3917 759 3994 Sio
774 3973 778 3980 ·
793 3947 872 4012 ergo
901 3929 986 3992 diem
1015 3927 1105 3991 illum
1137 3925 1259 3991 deduxi

106 4041 170 4086 enm
192 4045 256 4090 non
275 4029 388 4110 paneis
408 4028 582 4094 sudoribus
603 4040 636 4094 et
655 4032 830 4114 laboribus,
850 4033 1033 4118 colligendo
1062 4030 1189 4114 lapides
1217 4029 1259 4097 de

106 4127 181 4189 loeis
201 4132 330 4194 narretis.
373 4134 448 4197 Emi
467 4137 563 4198 ettam
585 4136 699 4218 eodem
719 4137 775 4200 die
794 4147 861 4201 tres
882 4157 1016 4222 mappae
1038 4131 1257 4220 pretiosas.ad

106 4232 276 4294 saeristiam·
303 4245 445 4300 nostram
472 4257 530 4320 pro
560 4241 757 4324 operimento
781 4242 910 4325 ealiois,
941 4240 1070 4327 qnando
1092 4245 1257 4320 eportatnr

107 4333 353 4421 asubdtaoono,
380 4350 414 4404 et
443 4343 573 4423 quando
592 4353 751 4427 patenam
779 4345 938 4409 elevatam
968 4352 1072 4408 tenet:
1109 4359 1175 4406 une
1205 4351 1256 4408 est
