2948 4876
179 411 288 470 eutem
308 402 476 483 mbeutoe,
494 397 580 484 quod
602 400 636 462 iu
656 396 764 460 vicino
786 406 855 461 erut
870 397 1009 464 Romus
1026 398 1157 478 siritu,
1181 397 1330 462 nobilis
1352 408 1388 461 et

179 513 273 590 bons,
293 505 527 590 praemiserunt
548 500 881 570 doruiuurucoruiteru
900 501 1133 566 Flendrerrsenr
1154 521 1239 566 curu
1272 503 1387 586 quin-

178 614 286 699 gentis
308 610 479 694 equitibus,
502 610 557 694 qui
588 609 702 672 urbem
727 600 928 690 reperientes
959 625 1097 672 mensur
1137 607 1236 672 nullo
1278 612 1386 674 obsi-

179 727 287 784 stente
318 716 458 800 ingressi
491 723 568 778 sunt
608 729 723 776 omues
757 713 941 793 civitutem3
976 712 1101 776 incolae
1133 713 1228 776 enirn
1281 715 1385 776 uritis

177 823 286 888 ruditu
308 829 490 886 nostrorum
521 817 664 882 adventu
685 819 800 882 timore
820 819 985 900 perterriti
1011 817 1118 880 omniu
1150 817 1187 880 in
1224 818 1383 884 civitate

179 928 398 1010 relinquentes
427 923 470 988 sd
507 923 659 988 moninus
691 922 839 986 Jndneee
871 921 1131 1004 transfugerent,
1176 930 1219 983 ut
1258 924 1378 986 vitem

177 1032 308 1096 sulum
328 1036 479 1114 possent5
507 1029 610 1092 nostri
641 1037 748 1090 autern
771 1029 833 1090 lroc
860 1025 971 1096 audito
990 1027 1024 1088 in
1055 1026 1162 1108 ipssrn
1183 1027 1373 1092 civitatem

177 1138 268 1220 ipsus
288 1137 400 1218 copies
426 1141 593 1200 traxerunt
629 1139 663 1194 et
684 1132 788 1196 triduo
809 1133 854 1204 iti
876 1137 1074 1214 manserunt,
1098 1132 1266 1196 hebentes
1292 1133 1373 1196 sui-

178 1241 352 1307 ficientirru
372 1238 571 1321 victqutum,
593 1255 679 1320 quse
698 1239 744 1302 ibi
765 1245 960 1320 repererunt.

223 1483 386 1579 Qualiter
410 1481 618 1560 Jerusalem
644 1491 752 1585 capta
776 1483 845 1558 fuit
867 1507 935 1585 per
959 1491 1109 1559 nostros
1134 1483 1338 1586 populos.'

260 1665 443 1730 Jerusalem
464 1665 581 1729 civitrs
602 1673 718 1729 ennete
741 1664 805 1728 lroc
833 1663 937 1754 ruodo·
956 1671 1052 1748 cepte
1073 1664 1135 1728 iuit
1166 1681 1189 1726 n
1216 1666 1361 1728 nostris.

84 1818 96 1843 .
179 1771 263 1838 Cum
286 1773 391 1834 enimn
423 1771 622 1833 habitatores
637 1768 826 1834 'Jerusalem
850 1767 892 1834 de
913 1768 1174 1834 Christianorum
1205 1770 1359 1834 adventu

179 1877 257 1941 iacti
278 1881 397 1938 essent·
414 1877 570 1938 certiores
598 1883 696 1958 etque
716 1874 859 1938 scientes
881 1894 939 1957 pro
968 1884 1081 1955 certo,
1113 1875 1202 1958 quod
1234 1877 1356 1957 omnis,

178 1999 264 2065 quse
296 1979 461 2043 dicebatur
486 1980 643 2043 advenire
674 1970 1044 2063 multitudo,'-specisl'c
1070 1987 1105 2042 et
1124 1981 1356 2063 praecipuum

177 2089 376 2171 propositum
397 2085 515 2149 hebent
525 2085 689 2148 civitatem
700 2084 788 2148 illum
799 2084 974 2167 obtinendi,
994 2101 1102 2166 unum,
1114 2093 1238 2167 quantu
1252 2093 1355 2168 pote-

180 2205 230 2256 ret
249 2191 474 2272 sollicitudine,
493 2191 758 2275 communierunt,
779 2191 900 2252 victum
923 2197 954 2251 et
966 2207 1054 2253 orme
1073 2189 1196 2252 diversi
1218 2191 1357 2270 generis

178 2297 455 2376 conquisiverunt,
476 2306 595 2378 portos,
616 2304 721 2359 turres
743 2304 775 2358 et
801 2295 928 2358 moenie
946 2293 1132 2370 reiecerunt
1152 2294 1353 2356 innovantes

179 2401 285 2464 omnin
304 2410 337 2462 et
358 2399 502 2482 collapso
524 2397 686 2465 uetustate
708 2401 880 2462 erexerunt
900 2393 934 2462 et
954 2399 1222 2462 electissimorum
1243 2399 1351 2461 bellu-

179 2513 282 2568 torum
316 2503 389 2584 (B)
427 2504 621 2584 praesidium
655 2513 830 2588 pesuerunt
864 2506 898 2567 in
925 2505 1118 2584 ierusalem,
1151 2501 1213 2564 xli
1250 2503 1350 2566 millia
1431 2555 1432 2578 2

179 2615 371 2670 armatorum
394 2605 435 2668 ed
454 2608 697 2694 repugnandum
710 2608 912 2672 -Olrristienis
933 2609 1075 2691 paratos.
1117 2609 1228 2690 Ipsum
1250 2610 1348 2672 etism

178 2713 291 2778 urbem
321 2710 419 2773 vellis
457 2719 491 2776 et
526 2713 661 2778 fossatis
699 2712 989 2777 circumduxerunt.
1046 2712 1169 2776 Omnes
1207 2709 1346 2797 donique

178 2819 322 2903 pisciuus
343 2817 439 2881 vellis
460 2819 554 2901 equis
575 2819 1087 2882 evacuaverantetnrunitionem
1104 2835 1205 2901 super
1223 2819 1344 2882 fontem

107 2955 111 2967 =
180 2924 289 2988 Silone
310 2931 497 3006 posueruut,
520 2942 561 2986 ne
582 2923 719 3006 populus
741 2941 844 3006 equus
873 2924 1044 2988 inveniret.
1087 2921 1259 2987 Communi
1290 2926 1343 2987 in-

179 3047 278 3113 super
297 3029 432 3092 consilio
455 3027 678 3110 decreverunt,
699 3045 812 3091 omnes
833 3027 948 3090 fideles
968 3045 1080 3090 secum
1101 3029 1135 3090 iu
1159 3027 1341 3094 Jeruselem

168 3141 417 3198 scommormrtes
446 3133 629 3196 interficere
666 3141 698 3194 et
729 3132 904 3196 ecclesium
938 3133 1183 3198 resurrectionis
1215 3133 1340 3196 Domini

181 3237 324 3300 irurditus
355 3236 495 3316 dejicere
526 3246 559 3299 et
591 3237 785 3300 dominicum
811 3219 1016 3326 sepulchrum
1044 3239 1088 3302 sb
1118 3257 1162 3324 eo
1190 3237 1338 3300 radicitus

181 3339 322 3404 evellere
356 3357 531 3424 rupemque
562 3339 734 3406 Celvuriee
763 3341 897 3404 eredere
919 3342 960 3404 de
987 3353 1081 3422 terre,
1103 3362 1145 3404 ne
1173 3344 1337 3406 occasione

179 3443 305 3508 illorum
325 3445 521 3509 odoruticnis
540 3448 644 3528 gretie
669 3447 807 3529 populus
840 3448 1036 3513 christianus
1069 3448 1224 3528 deinceps
1244 3463 1335 3508 ucce-

181 3549 269 3612 deret
291 3549 465 3612 destructis
486 3552 546 3613 his.
590 3550 657 3614 Sed
684 3551 814 3616 leudem
836 3551 1033 3634 prudentiori
1054 3552 1200 3614 consiliu
1218 3567 1332 3633 cogno-

179 3663 308 3736 verunt,
330 3654 416 3737 quod
440 3673 499 3736 per
519 3655 600 3717 lreec
622 3655 743 3737 mejero
761 3657 949 3739 populorum
972 3663 1155 3720 nostrorum
1172 3665 1279 3719 ccmro
1298 3671 1331 3717 se

180 3760 356 3824 conflarent
377 3759 459 3840 odie,
479 3759 597 3823 idcireo
617 3763 724 3824 omnin
743 3769 830 3824 sture
848 3761 1063 3844 permiserunt
1076 3761 1199 3826 illusse-
1244 3757 1330 3824 chri·

180 3865 306 3928 stienos
326 3873 432 3928 sulem
452 3883 564 3927 omnes
586 3866 753 3949 utriusque
780 3878 897 3946 sexus,
920 3883 1018 3928 senes
1047 3875 1080 3928 et
1106 3867 1255 3948 juvenes,
1281 3866 1329 3948 qui

180 3971 213 4033 iu
232 3969 428 4031 Jerusalem·
448 3985 558 4034 secum
587 3971 790 4052 habitabant,
823 3971 1046 4052 spoliaverunt
1074 3970 1222 4034 omnibus
1248 3969 1329 4032 bonis

130 4069 134 4092 ³
180 4091 284 4157 usque
315 4072 357 4137 ed
388 4072 505 4156 pellem
541 4082 574 4135 et
602 4076 804 4139 contumeliis
832 4073 974 4140 effectos
1002 4073 1107 4138 nudos
1142 4075 1328 4137 decivitate

180 4195 252 4242 curn
286 4173 474 4261 patriurche.
507 4179 707 4260 expulerunt.
771 4179 908 4262 Expulsi
943 4189 1053 4246 sutem
1088 4181 1135 4242 in'
1164 4179 1324 4242 exercitum

179 4291 359 4346 nostrorum
377 4280 625 4362 descenderunt,
648 4291 680 4344 et
691 4301 817 4346 omueru
825 4285 967 4348 civitatis
979 4294 1116 4349 sunctae
1129 4283 1323 4348 munitionem
