2896 4872
587 202 593 213 ⁸
626 253 690 319 ste

71 439 197 502 Josuae
217 436 275 520 X.,
298 444 421 520 partem
443 444 549 498 autem
572 436 754 519 fortiorem,
777 455 862 521 quae
884 446 952 502 erat
974 437 1134 522 superior,
1158 439 1245 522 cepit

71 550 190 626 postea
223 541 325 604 Caleb
359 542 539 605 interiectis
568 540 752 605 fortissimis
773 542 960 625 gigantibus
981 563 1023 606 ex
1045 561 1101 627 ea,
1124 551 1160 607 ut
1180 544 1243 608 ha-

72 649 169 709 betur
205 647 331 710 Josnae
362 645 437 707 XV.
471 653 503 706 et
535 645 688 709 Judicum
720 645 758 710 C.
787 648 814 708 1.
856 646 919 711 Pro
950 667 989 710 eo
1022 651 1124 732 anim,
1156 648 1244 732 quod

73 749 176 814 Caleb
205 751 408 833 compescuit
437 751 469 813 iu
499 749 628 813 desorto
660 759 910 816 murmurantem
949 750 1100 835 populum
1129 763 1244 816 contra

72 853 247 919 Dominum
285 864 320 920 et
353 864 500 918 secutus
514 864 566 917 est
597 855 787 939 Dominum,
819 857 1035 919 testimonium
1070 859 1243 941 perhibeor

73 959 117 1022 de
147 960 289 1022 bonitate
325 969 432 1023 terrae
467 967 620 1042 sanctae,
662 961 714 1022 cui
748 960 803 1022 alii
818 961 1058 1044 detraxerunt,
1098 963 1244 1045 promisit

72 1067 105 1126 ei
125 1066 284 1128 Dominus
306 1073 444 1128 montem
472 1064 603 1126 Hebron
631 1061 792 1146 tamquam
813 1065 1018 1149 praecipuam
1039 1075 1145 1129 terrae
1165 1085 1244 1149 par-

70 1179 156 1251 tem,
177 1178 212 1232 ut
233 1169 369 1234 babetur
388 1169 486 1232 Num.
508 1169 595 1232 xlii.
620 1176 654 1230 et
674 1169 799 1232 Josuae
819 1171 909 1234 XIV.
952 1173 1041 1234 Dicit
1061 1172 1157 1234 etiam
1177 1171 1244 1234 Ni-

73 1273 188 1337 colans
208 1275 307 1358 Lyra,
329 1275 431 1359 quod,
452 1273 580 1357 quando
601 1284 759 1336 creuerunt
781 1273 1003 1356 exploratores
1024 1283 1131 1339 terrae
1148 1276 1244 1338 >missi

61 1398 95 1441 ·a
116 1380 274 1443 Mosein
298 1381 477 1462 regionem,
508 1381 581 1461 ipse
609 1377 710 1442 caleb
742 1378 833 1442 solus
864 1381 998 1443 Hebron
1020 1380 1168 1444 escendit
1200 1379 1243 1442 ad

73 1483 263 1566 speluncam
292 1483 449 1567 duplicem
480 1492 513 1545 et
539 1481 729 1547 orationem
746 1483 787 1546 ad
809 1493 946 1560 sanctos
963 1486 1171 1569 patriarchas
1186 1485 1241 1548 iu·'

74 1587 123 1651 dit
155 1597 188 1650 et
206 1594 288 1652 tunc
303 1589 477 1671 promeruit
498 1589 568 1655 lieri
591 1589 652 1652 loci
674 1590 890 1654 illius·saucti
913 1610 1097 1674 possessor.

159 1691 250 1756 Situs
271 1693 358 1757 illius
379 1694 522 1756 civitatis
546 1704 597 1756 est
617 1696 732 1777 partim
754 1697 788 1757 iu
809 1695 895 1758 olivo
920 1699 1039 1759 montis
1066 1703 1099 1758 et
1126 1696 1243 1779 partim

74 1798 110 1861 in
132 1797 233 1882 valle,
256 1817 318 1861 nec
339 1808 390 1862 est
415 1799 546 1861 multum
570 1817 705 1882 magna,
726 1798 786 1862 sed
807 1798 964 1882 populosa
986 1809 1018 1863 et
1039 1801 1142 1884 fortis,
1165 1809 1237 1863 sta-

73 1902 132 1965 tim
153 1911 226 1986 post
249 1903 402 1969 diluvium
433 1903 602 1966 aedificata
624 1906 657 1965 in
678 1905 859 1988 civitatem,
890 1905 1039 1986 quamvis
1059 1912 1135 1966 ante
1156 1903 1242 1966 dilu-

73 2008 164 2070 vium
201 2009 296 2071 fuerit
313 2010 371 2112 libi
404 2009 564 2072 hominum
593 2008 746 2072 habitatio
777 2012 850 2070 sine
877 2008 1027 2092 civitate,
1063 2015 1172 2070 tamen
1199 2009 1245 2069 ibi

74 2113 135 2176 filii
155 2113 249 2176 Adae
277 2114 438 2197 degebant
475 2122 508 2176 et
536 2113 612 2175 iude
639 2133 698 2195 per
723 2116 838 2176 orbem
870 2121 947 2175 sunt
970 2113 1125 2196 dispersi,
1156 2111 1244 2174 unde

75 2215 159 2280 Cain
181 2219 285 2280 fratre
300 2215 469 2281 interiecto
491 2235 563 2280 eum
586 2218 741 2281 uxoribus
762 2228 795 2281 et
816 2215 892 2280 filiis
912 2217 947 2279 iu
962 2216 1086 2280 Indiam
1107 2215 1243 2280 commi-

73 2324 182 2404 gravit
207 2324 364 2407 profugus
386 2340 405 2384 a
427 2321 511 2385 lacie
531 2321 671 2390 Domini.
712 2313 715 2318 ’
755 2379 759 2387 .

161 2427 238 2504 (Ιθ
251 2435 295 2506 a)
323 2427 509 2491 Notandum
538 2429 686 2512 insuper,
714 2425 800 2512 quod
820 2428 902 2492 baec
930 2426 1046 2492 civitas
1078 2425 1162 2490 ultra
1192 2443 1242 2509 ea,

79 2549 164 2612 quae
205 2533 291 2598 dicta
331 2543 425 2616 sunt,
465 2533 610 2618 pluribus
648 2534 810 2596 invenitur
848 2533 1029 2596 nominibus
1067 2535 1241 2596 nominata.

76 2634 279 2721 Quandoque
298 2636 414 2702 dicitur
434 2639 560 2722 Arhee,
581 2641 601 2702 i.
626 2641 656 2707 e.
677 2646 833 2722 quatuor,
866 2648 996 2723 propter
1016 2641 1169 2723 gigantes
1197 2637 1243 2699 ibi

74 2740 236 2826 sepultos,
268 2735 419 2828 corrupte
447 2753 553 2806 autem
582 2743 697 2808 dicitur
729 2744 872 2826 Arbeth,
901 2752 939 2806 ut
974 2745 1175 2827 Jeronymus
1200 2741 1242 2803 ad

74 2845 303 2912 Pammaebum
331 2847 408 2911 dicit
446 2835 487 2909 de
513 2847 632 2929 optimo
656 2864 776 2928 genere
803 2846 1035 2929 interpretandi
1042 2868 1051 2928 ;
1095 2843 1242 2928 quando-

75 2970 142 3036 que
164 2951 395 3033 Cariatha'rbe,
430 2952 451 3015 i.
476 2949 647 3013 uomitus
681 2947 832 3032 quatuor,
871 2958 1002 3031 propter
1024 2958 1162 3032 quatuor
1182 2969 1243 3031 pa·
1282 3007 1290 3016 .

74 3058 234 3122 triarchas
256 3056 301 3117 ibi
327 3055 511 3117 tumulatos.
534 3089 537 3092 -
556 3047 760 3135 Quandoque
781 3052 897 3114 dicitur
917 3053 1079 3134 Mambre,
1112 3061 1244 3136 propter

72 3161 194 3236 vallem
216 3161 379 3240 Mambre,
412 3177 494 3240 quae
521 3142 668 3239 jungitur
699 3157 841 3238 civitati,
882 3164 914 3218 et
935 3165 1067 3239 propter
1088 3175 1243 3242 quercum

72 3262 220 3326 Araham
242 3262 276 3324 in
297 3263 460 3343 Mambre,
495 3279 577 3344 quae
598 3277 702 3342 usque
729 3259 771 3321 ad
798 3269 937 3324 aetatem
972 3263 1127 3326 infantiae
1156 3264 1240 3326 beat.

69 3367 262 3451 Jeronymi,
294 3376 329 3431 ut
355 3367 439 3432 idem
470 3366 548 3430 dicit
570 3365 610 3430 de
631 3366 795 3428 distantiis
826 3367 996 3452 locorum,
1021 3375 1054 3431 et
1075 3387 1180 3454 usque
1201 3367 1243 3430 ad

71 3471 241 3553 imperium
274 3469 459 3536 Constantii
489 3473 577 3556 regis
607 3472 861 3555 monstrabatur,
892 3473 1095 3554 therebintus
1122 3471 1243 3556 perve-

75 3587 130 3639 tus
159 3585 191 3638 et
217 3557 320 3641 anuos
346 3578 567 3661 magnitudine
587 3577 750 3658 indicans,
783 3579 931 3664 subque
956 3577 1243 3642 habitavitAbra·

73 3681 150 3745 ham
179 3690 212 3744 et
240 3685 301 3747 sub
330 3701 371 3745 ea
392 3685 527 3768 angelos
554 3684 693 3766 hospitio
721 3685 868 3766 suscepit
896 3692 928 3746 et
949 3683 1148 3748 mauseolum
1170 3677 1242 3766 aius

74 3785 109 3849 in
144 3788 396 3869 praesentiarum
430 3791 579 3853 cernitur.
629 3789 713 3852 Miro
733 3793 868 3868 autem,
899 3789 1005 3871 inquit
1033 3788 1241 3870 Jeronymus,
1365 3787 1368 3792 “

75 3890 165 3955 cultu
187 3909 207 3952 a
228 3893 355 3956 eunctis
373 3896 529 3976 'gentibus
554 3912 613 3977 per
642 3893 809 3955 circuitum
840 3893 1012 3955 therebinti
1040 3891 1132 3954 locus
1161 3889 1243 3951 coli-

73 4003 127 4058 tur
158 3991 385 4078 superstitiose
424 4007 457 4061 et
490 3999 628 4062 habetur
664 3997 756 4060 velut
787 3996 925 4080 quodam
962 3997 1083 4078 insigni
1114 3994 1244 4056 numine

73 4107 276 4166 consecrata.
318 4101 361 4162 Mt
378 4095 466 4164 'iorte
488 4103 550 4165 hoc
575 4119 692 4162 nomen
722 4101 868 4164 Mambre
897 4100 957 4162 luit
988 4101 1124 4181 primum
1157 4096 1244 4158 iltius

73 4205 137 4270 loci
159 4221 274 4266 nomen
291 4205 331 4266 ab
348 4204 454 4268 Adam
473 4206 535 4269 sibi
556 4205 750 4287 impositum,
764 4207 839 4287 quia
853 4203 1101 4284 Mambrejaxta
1113 4201 1244 4264 hebrai-

72 4329 145 4375 cam
188 4309 483 4391 interpretationem
516 4307 601 4372 ldem
642 4317 710 4389 est,
746 4307 832 4393 quod
866 4307 1092 4462 perspicpptas,
1138 4303 1245 4378 Adam
