3014 4864
137 741 357 848 'braetmus
399 741 563 862 quimus
612 709 827 826 eerrtinens
871 753 963 830 aeta
995 684 1308 858 peregrimorum

435 897 511 982 per
543 896 721 961 mensem
748 876 997 995 Augustum7

138 1105 217 1177 eum
257 1071 503 1200 'descriptione
546 1099 709 1175 locurum
746 1087 972 1178 diversorum
1009 1112 1132 1178 terrae
1171 1099 1226 1192 S„
1256 1099 1303 1175 ad

203 1245 307 1320 quam
331 1217 578 1322 diverterunt,²
603 1228 641 1294 et
666 1219 771 1320 plura
794 1224 1029 1333 eontinentur
1053 1221 1104 1300 ibi
1127 1219 1240 1296 utilia.

209 1388 330 1480 [ab
342 1398 394 1476 A)
416 1399 594 1483 Augustus
616 1403 737 1466 mensis
759 1420 820 1466 sua
840 1405 942 1486 prima
959 1405 1010 1468 die
1032 1391 1192 1488 duplicem
1213 1399 1307 1464 nobis
1344 1421 1346 1426 ·

138 1503 244 1569 attulit
266 1495 514 1576 solemnitatem.
536 1505 644 1569 Prima
666 1515 718 1570 est
739 1507 780 1570 de
789 1507 896 1589 Petro,
910 1505 1306 1592 prirreipe·Ajros'toiorum,
1351 1562 1356 1572 .

138 1608 308 1691 quomodo'
330 1607 391 1672 fuit
412 1626 432 1671 a
453 1605 593 1673 uinculis
624 1609 817 1681 absolutus..
847 1610 1002 1675 Secunda
1019 1622 1070 1675 est
1106 1612 1147 1674 de
1166 1607 1310 1674 Mache·

138 1719 240 1794 meto,
273 1714 418 1796 principe
451 1714 709 1792 daemoniomm,
742 1715 901 1796 quomodo
938 1715 1008 1779 suis
1021 1703 1024 1710 ⁴
1039 1703 1180 1779 vin'euiia
1217 1722 1319 1804 tetus..

138 1835 242 1898 paaua
263 1819 401 1881 muudus
423 1827 475 1880 est
495 1819 671 1882 involutus.
715 1817 824 1882 Prima
845 1828 897 1881 eat
926 1820 1020 1882 uobis
1043 1827 1137 1900 uota,
1159 1807 1305 1901 secunda

137 1922 233 1984 uubis
254 1921 429 2002 incognita,
452 1919 642 1983 Sarraeerris
664 1936 743 1982 vere
764 1921 1010 1984 solemnissima
1043 1921 1093 1984 Ea
1113 1923 1233 2005 quippe
1253 1920 1308 1984 die
1348 1940 1352 1947 ·

138 2025 302 2088 celebrant
323 2025 441 2086 festum
464 2023 602 2086 dationis
625 2023 708 2104 legis
728 2023 939 2104 marbonaei,
969 2026 1045 2104 quia
1070 2027 1105 2087 iu
1126 2043 1166 2086 ea
1186 2023 1306 2088 tradita

138 2135 173 2189 et
195 2127 401 2189 manifestata
422 2126 482 2188 fuit
513 2126 567 2188 lex
587 2126 782 2208 pravissime
812 2126 1008 2188 Meebometi
1043 2135 1076 2188 et
1111 2127 1305 2208 Aleumuus,

138 2247 281 2294 errorum
322 2228 477 2312 pelagus,
511 2230 545 2292 in
575 2230 739 2313 publicum
771 2229 963 2313 produetus,
1003 2248 1067 2313 quo
1088 2247 1195 2313 paena
1215 2238 1304 2292 totus

55 2388 59 2396 .
137 2334 277 2398 muudus
306 2343 358 2398 est
398 2335 596 2398 submersus.
649 2337 743 2397 Haee
775 2333 984 2398 exsecrabilis
1018 2342 1052 2398 et
1083 2335 1219 2419 protana
1235 2333 1305 2397 ·lex

138 2439 280 2503 eolorata
300 2434 469 2522 utriusque
488 2439 690 2504 'testamenti
711 2439 955 2504 auetoritatibus
977 2449 1039 2522 est,
1061 2450 1093 2504 et
1111 2437 1304 2523 quibusdam

137 2546 227 2607 veris
248 2541 333 2606 falsa
354 2553 387 2606 et
408 2545 536 2608 omniuo
558 2541 699 2610 absurda
731 2543 828 2608 habet
851 2561 979 2607 annexa
1000 2552 1099 2628 atque
1126 2561 1325 2625 yenenums

106 2657 174 2710 -ut
195 2649 292 2710 moris
314 2658 365 2712 ast
397 2650 547 2711 omuibus
578 2649 768 2732 haereticis,
805 2650 866 2714 sub
888 2648 984 2715 melle
1016 2651 1158 2714 eontinet
1190 2647 1304 2714 aeeul·

58 2767 61 2773 '
137 2758 250 2814 iatum.

134 2867 151 2890 ¹
220 2853 300 2915 Er'at
335 2853 420 2914 euim
450 2854 552 2935 prima
583 2854 655 2917 dies
681 2856 841 2938 Augusti,
867 2865 961 2920 sexta
993 2858 1089 2937 feria,
1128 2875 1213 2939 quae
1242 2875 1300 2938 per

140 2963 241 3017 totum
263 2970 382 3016 autrum
402 2963 453 3014 est
474 2955 664 3019 sarracenis
692 2957 844 3039 celebris,
877 2977 941 3022 uon
969 2959 1096 3040 quidem
1126 2961 1201 3040 quia
1223 2959 1304 3020 feria

138 3065 242 3140 sexta,
277 3055 337 3118 sed
365 3055 439 3138 quia
471 3056 542 3118 dies
578 3058 727 3120 Veneris.
768 3061 1005 3125 Maebometus'
1023 3061 1109 3139 euim
1139 3060 1302 3122 Venerem

137 3159 329 3245 impudieam
349 3143 478 3242 semper
498 3142 730 3243 venerabatur,
751 3160 873 3226 ideireo
895 3162 967 3245 ejus
988 3163 1073 3226 diem
1095 3162 1208 3226 statuit
1225 3181 1303 3244 per-

138 3275 235 3350 petuo
268 3265 429 3328 celebrem
467 3258 650 3349 observari,
693 3266 961 3351 quemadmodum
994 3267 1078 3332 diem
1111 3266 1302 3331 domiuieam

138 3365 346 3452 sentivimus,
380 3377 412 3431 et
433 3369 623 3434 sabbathum
656 3367 791 3454 Jud'aei,
825 3372 922 3455 louge
950 3382 1058 3436 tamen
1089 3373 1153 3437 aba
1182 3379 1216 3435 et
1238 3371 1303 3435 alia

137 3459 269 3539 ratione.
312 3473 436 3537 Ideireo
458 3475 520 3538 hoe
540 3474 593 3538 dia
614 3477 685 3538 ausi
711 3495 776 3538 neu
797 3477 917 3541 fuimus
937 3481 973 3540 in
995 3477 1161 3560 publicum
1183 3495 1302 3561 proee-

137 3580 233 3660 dere,
255 3575 369 3641 sedin
402 3576 484 3640 lueis
506 3580 626 3643 uostris
646 3581 680 3643 in
703 3581 829 3645 oeeulto
851 3583 1047 3664 eorrsiatere,
1070 3583 1155 3644 sieut
1181 3579 1302 3644 Judaei
1316 3617 1324 3628 ·‹

137 3685 169 3746 in
192 3681 244 3746 die
264 3699 461 3765 parasceves
482 3700 503 3745 a
521 3685 615 3747 uobis
646 3669 938 3750 seeluduutur‘rree
957 3704 1016 3769 per
1044 3687 1136 3749 vieos
1157 3685 1205 3748 ire
1225 3703 1303 3766 per-

138 3789 316 3850 mittuntur.
358 3786 493 3869 Propter
524 3789 587 3851 hoe
620 3788 825 3852 maledictum
856 3790 1051 3854 Machometi
1084 3790 1203 3852 festum
1236 3807 1302 3852 uon

137 3893 301 3972 potuimus
336 3892 406 3952 rite·
428 3907 584 3974 peregere
615 3891 734 3956 festum
765 3892 800 3956 S.
834 3894 923 3958 Petri
955 3895 995 3958 ad
1030 3893 1178 3976 vincula3
1225 3911 1300 3955 uam

137 3995 299 4076 peregrini
320 3993 401 4076 socii
423 3995 486 4057 mei
508 4013 572 4057 nou
594 3996 755 4059 audebant
777 3997 818 4059 de
838 3999 978 4080 hospitio
1001 3999 1034 4059 iu
1055 4005 1195 4060 merrtem
1208 3994 1301 4078 Syorr

138 4096 335 4160 adseerrdere
356 4117 413 4178 pro
435 4097 596 4161 audientia
626 4100 766 4183 Missae,
796 4100 856 4164 sed
882 4104 955 4165 siire
975 4101 1087 4164 Missa*
1103 4098 1188 4163 diem
1211 4099 1300 4162 ittam

138 4202 316 4280 transigere
349 4209 382 4263 et
413 4203 459 4263 ita
490 4201 640 4284 nolentes
671 4203 779 4267 eoaeti
800 4205 920 4270 fuimus
950 4206 985 4268 iu
1013 4207 1122 4288 quiete
1154 4221 1295 4265 manere.
1427 4221 1428 4232 ¹

136 4302 210 4364 Hoe
240 4304 324 4366 euim
353 4313 464 4368 teneat
498 4307 634 4390 pagani,
666 4306 754 4391 quad
783 4308 919 4406 'quaudo
947 4310 1011 4392 ipsi
1047 4307 1213 4372 eelebrent
1228 4295 1298 4368 'vei
