2896 4872
650 282 713 353 att

84 471 172 536 visa
192 469 327 536 civitate
348 485 520 550 parumper
539 454 860 530 consolatiinisseut
887 487 947 551 pro
980 487 1036 551 eo,
1066 469 1142 553 qaia
1155 471 1196 536 in
1225 487 1265 532 ea

85 591 210 638 omnes
225 572 341 637 fideles
360 582 461 655 erant,
480 590 499 634 a
520 573 637 655 quibus
655 570 907 638 consolationem
927 575 1074 655 accipere
1092 593 1134 640 ex
1156 593 1268 640 eorum-

6 701 7 760 ᾗ
86 679 205 742 dehita
226 679 453 760 compassione
475 677 662 759 sperabant,
683 685 716 739 et
734 676 802 758 jam
824 675 998 740 credebant
1019 679 1265 744 manusSarra·

88 801 247 848 cenorum
271 783 437 844 evasisse:
460 781 494 844 in
517 781 701 873 sacrilegos
719 788 754 843 et
775 782 857 864 ipsis
877 779 1069 844 Sarracenia
1090 782 1281 872 deteriores·

88 887 287 968 inciderunt.
331 885 417 956 Nam
446 903 556 950 cornea
591 885 826 968 Tripolitanae,
858 883 1091 969 Raymundus,
1120 888 1267 952 occultus

90 1011 114 1056 a
137 991 204 1056 lide
229 997 389 1073 apostata,
410 991 495 1054 sicut
514 1007 613 1072 supra
635 990 711 1053 lolio
731 987 802 1054 tta.
824 989 973 1072 diximus,
990 1008 1062 1054 cnm
1076 993 1149 1054 sois.
1165 989 1268 1056 natet

91 1099 223 1180 litibus,
245 1096 322 1160 liliis
344 1095 539 1178 iniquitatis,
561 1095 774 1177 migrantibus
796 1095 985 1180 oecurrenS,
1017 1097 1072 1179 qni
1093 1097 1157 1158 iam
1185 1096 1267 1179 ipsis

6 1229 7 1240 ¹
93 1203 236 1286 compati
257 1201 435 1266 ¹tleltuerant
466 1199 818 1282 tamqnam'fratribna,
846 1201 921 1263 illos
942 1210 978 1265 nt
999 1200 1139 1264 crudelis
1161 1201 1267 1265 hostis
1326 1251 1333 1262 .

93 1307 235 1392 inuasit,
254 1312 343 1368 'nam
365 1303 518 1387 quidquid
540 1322 650 1366 secum
673 1323 715 1366 ex
737 1323 845 1368 eorum
868 1305 1060 1368 substantia.
1075 1305 1267 1388 detulerant,

87 1419 131 1474 'et
174 1410 277 1492 illud,
338 1406 423 1492 quod
485 1408 548 1491 ipsi
596 1409 769 1472 sarraceni
812 1409 1021 1473 humanitatis
1064 1411 1168 1492 gratia
1215 1409 1268 1472 ‹li-

97 1519 271 1596 miserant,
295 1513 455 1576 violenter
476 1515 515 1574 ab
538 1513 587 1574 eis
606 1513 756 1596 abstulit,
787 1514 898 1577 multis
919 1514 1080 1577 conuiciis
1101 1515 1263 1597 irrogatis·

6 1673 7 1684 ,
96 1623 135 1684 Ιιι
159 1628 250 1681 tanta
270 1627 377 1680 autem
398 1617 580 1680 calamitate
601 1620 780 1702 coristitnti,
794 1619 896 1702 multi,
913 1621 987 1702 quia
1002 1620 1065 1685 iam
1080 1618 1265 1680 nauclerum

6 1785 7 1814 ,
98 1725 218 1788 habere
245 1741 315 1785 nou
350 1729 502 1804 poterant
549 1740 611 1786 nec
643 1722 748 1786 redire
785 1733 936 1806 possent,
970 1739 1044 1787 cnm
1075 1721 1266 1786 Sarracenis

99 1837 296 1910 manaemnt,
319 1826 571 1890 contradictum
594 1845 753 1908 suparn03
776 1828 867 1889 multi
885 1827 981 1890 fidem
1004 1829 1265 1909 abnegaverunt3

99 1933 192 1997 multi
213 1931 323 1994 inedia
343 1931 503 1994 consumti
524 1931 701 2012 perierunt3
720 1929 912 2013 multiprae
933 1931 1043 1995 dolore
1062 1949 1103 1994 se
1123 1949 1267 1994 necans·

100 2045 183 2100 runt.
228 2036 281 2097 De
302 2035 440 2117 quadam
462 2036 558 2098 etiam
587 2033 719 2096 muliere
741 2034 873 2117 legitur,
905 2035 990 2117 quod
1022 2036 1056 2097 iu
1085 2031 1268 2098 Jerusalem

101 2140 210 2202 inclita
231 2149 263 2203 et
285 2139 378 2202 dives
400 2139 517 2222 luerat,
537 2146 663 2202 etcum
685 2139 757 2203 aliis
777 2136 903 2202 Latinis
925 2138 966 2202 de
986 2139 1169 2202 Jerusalem
1190 2141 1270 2205 abs*-

102 2253 266 2328 cesserat,
289 2243 442 2306 etlilium
464 2261 558 2306 sunm
578 2244 748 2332 parvulum
770 2245 802 2305 in
826 2245 968 2308 humeris
986 2263 1090 2328 usqne
1118 2229 1160 2306 ad
1181 2261 1270 2306 mare

100 2351 196 2433 juxta*
215 2348 366 2431 'l'ripolim
387 2355 572 2432 portaverat
593 2349 881 2434 transducendum,
905 2350 964 2413 sed
987 2368 1060 2412 cum
1080 2349 1126 2413 ibi
1147 2347 1268 2411 abillis

106 2455 195 2516 malis
218 2454 412 2518 Christianis
438 2452 578 2516 totaliter
600 2456 780 2537 exspoliata
800 2464 889 2517 esset
909 2455 1004 2518 bonis
1030 2454 1115 2536 anis,
1147 2452 1269 2516 nec-ad

103 2559 304 2622 nutriendum
339 2559 439 2622 lilium
473 2558 544 2642 (B)
579 2558 750 2643 quidquam
783 2559 931 2644 haberet,
968 2559 1076 2622 furore
1107 2558 1268 2622 foemineo

104 2671 176 2726 acta
195 2667 357 2747 proprium
379 2663 479 2726 filium
501 2666 535 2725 iu
556 2682 644 2728 mare
664 2663 810 2747 projecit.
902 2689 905 2707 ι

186 2765 269 2830 (lum
301 2787 378 2851 ergo
400 2767 576 2832 Christiani
608 2787 720 2830 ornares
754 2768 795 2832 de
825 2768 1009 2831 Jerusalem
1041 2769 1269 2850 emigrasseut,

89 2849 242 2952 ‘ingressi
264 2880 340 2934 sunt
354 2870 525 2934 sarraceni
544 2873 708 2933 civitatem
729 2881 887 2952 sanctam,
904 2881 935 2934 et
952 2873 984 2933 in
999 2872 1224 2959 improperium
1237 2877 1271 2932 et
1300 2933 1302 2937 .

43 3014 46 3022 ·
105 2976 308 3056 opprobrium
350 2977 489 3037 nominis
536 2969 702 3038 christiani
740 2977 773 3037 in
815 2977 896 3057 ipsis
943 2975 1092 3037 ecclesiis
1110 2959 1270 3037 stabuln-
1384 2993 1387 3001 ’

108 3087 222 3141 verunt
239 3077 403 3160 jumenta,
424 3078 532 3164 turpia
550 3063 589 3140 et'
603 3078 745 3142 nefanda
766 3087 937 3161 operantes
968 3078 1086 3141 ibidem
1124 3087 1158 3152 et
1176 3095 1271 3142 sacre

11 3223 15 3232 ·
108 3181 226 3263 templa
258 3179 443 3264 foedantes,
459 3189 506 3244 ¹et
532 3183 690 3266 imagines
720 3203 832 3246 omnes
864 3185 927 3246 Dei
951 3192 989 3246 et
1017 3183 1207 3246 Sanctorum
1230 3183 1270 3246 ab

110 3285 399 3368 ipsin‘deleverunt
429 3287 626 3369 inventoque
657 3288 802 3351 crucifixi
824 3288 954 3353 Domini
978 3289 1080 3351 nostri
1098 3287 1282 3351 simulacro*

108 3409 164 3472 per
183 3389 376 3452 derisionem
397 3391 430 3453 in
451 3392 614 3473 publicum
636 3395 744 3456 vicum
766 3403 985 3476 portaverunt,
1000 3394 1104 3475 sputis
1126 3401 1159 3455 et
1181 3393 1271 3456 saxis

109 3496 207 3578 patilo
228 3512 301 3556 cum
334 3496 421 3559 omni
442 3496 595 3560 foeditate
618 3498 807 3580 polluerunt.
836 3502 974 3581 Insuper
994 3515 1106 3560 sacras
1127 3497 1272 3579 virgines

110 3609 141 3661 et
157 3608 336 3681 matronas,
356 3619 440 3684 quae
457 3619 499 3664 ex
518 3603 617 3664 nimia
637 3621 697 3686 spe
718 3606 752 3666 in
773 3593 970 3666 confidentia
989 3602 1141 3684 adjutorii
1160 3602 1271 3665 coele-

110 3704 168 3766 stia
190 3703 339 3766 reclusae
358 3715 560 3790 manserant,
590 3707 770 3771 eduxerunt
801 3708 996 3791 stuprandas
1025 3716 1058 3769 et
1079 3706 1272 3770 adolescen-

110 3807 190 3870 tulas
222 3807 422 3874 tradiderunt
462 3797 713 3893 prostituendas.
768 3811 913 3896 Contigit
948 3823 1054 3877 antem
1086 3813 1174 3874 circa
1212 3811 1273 3872 hoc

111 3912 311 3976 memorabile
332 3915 463 3997 sactum,
486 3916 572 3998 quod
594 3917 759 3997 recitatum
781 3927 833 3980 ast
854 3937 952 4000 snpra
974 3915 1028 3980 fol.
1050 3917 1134 3997 Μ,
1157 3933 1272 3996 qnam-

111 4015 160 4078 vis
189 4014 317 4096 qnidam
354 4018 472 4101 dicant,
493 4037 569 4082 esse
601 4021 721 4084 factum
742 4023 776 4084 in
811 4023 921 4086 ultima
950 4025 1104 4108 captione
1129 4018 1273 4080 civitatis

113 4119 318 4188 Acconcnsis.
1278 4173 1281 4180 t

190 4226 228 4286 ln
248 4226 320 4306 ipsa
338 4221 449 4288 'autem
471 4227 553 4290 iuria
583 4227 725 4290 effractis
756 4229 905 4291 vectibus
928 4235 962 4288 et
983 4227 1091 4312 valvis
1113 4224 1273 4285 ecclesiae

117 4328 295 4392 dominicae
316 4332 561 4394 resurrectionis
578 4331 718 4414 ingressi
741 4340 817 4393 sunt
842 4340 876 4393 et
892 4332 1007 4394 altaria
1025 4330 1276 4412 profanaverunt

1005 4429 1038 4486 id
1050 4429 1067 4466 ³²
