3014 4864
744 235 785 302 ut

77 477 81 484 .
181 433 300 482 caussa
334 415 450 481 dicitur
475 415 659 480 denudem
692 415 786 482 visio
814 419 924 501 pacis..
965 415 1019 478 Ab
1050 415 1114 480 alia
1143 430 1222 497 ergo
1252 421 1346 496 perte

181 523 300 586 montis
320 520 440 587 oliveri
470 522 697 588 descendimus
724 541 784 606 per
807 524 894 586 viem
926 519 1121 603 descriptam
1143 521 1199 590 fel.
1226 519 1287 584 152
1308 519 1344 581 B.

182 635 215 691 et
238 627 377 692 transito
397 634 539 690 torrente
560 625 690 692 Cedrou
712 631 745 690 iu
772 635 912 691 montem
934 625 1026 709 Syou
1057 625 1287 690 admonuimus
1314 633 1347 688 et

181 749 255 796 cum
284 731 402 815 gaudio
434 734 581 816 suscepti
609 752 629 797 e
658 735 819 798 iratribus
846 740 880 794 et
906 731 1105 796 comestione
1139 738 1272 812 peraeta
1303 728 1367 800 ed,
1433 765 1436 772 ,

43 895 48 907 .
127 848 130 856 ’
167 836 413 920 edisserendum
434 855 495 904 uos
516 838 706 920 tomvimus,
726 839 806 922 quie
823 837 933 901 stetim
954 835 996 899 ed
1009 835 1092 902 elios
1111 835 1238 900 labores
1253 843 1346 898 tren·

154 953 156 964 ·
183 941 275 1004 situri
300 959 462 1008 eumue..

134 2653 138 2660 '
211 2643 287 2746 (Β)
312 2645 372 2723 De
397 2645 506 2721 tertio
532 2643 700 2740 ingressu
738 2641 1009 2741 peregrinumm
1040 2643 1076 2717 iu
1109 2643 1325 2719 dominicum
1389 2630 1397 2652 Χ

249 2767 499 2870 sepulchrum,
524 2762 573 2838 de
598 2759 830 2837 abusionibus
852 2761 890 2834 iu
917 2784 962 2836 ec
985 2761 1065 2838 fieri
1088 2765 1284 2842 consuetis

267 2949 331 3010 Die
361 2962 571 3028 quatsuprc,
604 2939 762 3005 videlicet
781 2941 892 3024 XXI„
915 2941 1049 3006 meridie
1080 2954 1245 3010 transacta
1276 2963 1349 3030 cum

185 3055 456 3135 advesperasset,
486 3047 595 3110 vocati
625 3053 702 3106 suut
722 3047 884 3128 peregrini
905 3049 939 3110 iu
961 3047 1133 3112 ecclesiam
1164 3051 1270 3114 sancti
1293 3069 1350 3113 se-

183 3159 325 3242 pulchri,
347 3163 379 3216 et
400 3171 474 3216 cum
494 3151 529 3213 iu
547 3149 629 3212 atrio
658 3167 821 3232 essemus,
851 3160 1011 3215 venerunt
1033 3153 1152 3218 domiui
1182 3155 1289 3217 Mauri
1318 3163 1350 3219 et

184 3262 295 3326 eodem
317 3259 410 3323 modo
432 3273 492 3320 uos
513 3256 547 3318 iu
570 3254 742 3318 ecclesiam
774 3259 1014 3322 intromiserunt
1044 3277 1103 3343 per
1123 3262 1241 3341 omnic,
1262 3263 1350 3324 sicut

184 3368 302 3431 dictum
315 3373 366 3427 est
378 3363 432 3454 fei.
441 3361 513 3430 tus.
520 3361 560 3422 A.
577 3361 619 3422 itt
629 3359 768 3441 ingressi
780 3361 915 3426 fecimus
924 3363 1008 3427 sicut
1019 3361 1138 3428 dictum
1150 3373 1200 3429 est
1218 3364 1350 3450 ibidem,

184 3491 255 3535 cum
277 3469 390 3550 mejeri
417 3475 526 3529 temen
554 3462 662 3528 studio
684 3463 907 3528 discurrebam
934 3469 1097 3552 peregrini
1120 3471 1168 3532 itlr
1200 3492 1258 3554 per
1279 3472 1351 3536 loce

185 3585 309 3658 saneta,
334 3591 418 3658 quae
438 3561 585 3634 sciebant
605 3585 644 3631 se
661 3569 801 3654 amplius
821 3591 885 3635 uon
907 3573 1124 3658 ingressuros,
1146 3585 1180 3638 et
1200 3577 1352 3642 clenodia

184 3700 245 3747 sue
265 3680 305 3744 ed
330 3681 404 3742 loce
435 3683 550 3738 structa
582 3673 804 3758 applicabunt,
830 3677 915 3740 sicut
942 3680 1032 3760 prius
1063 3698 1163 3770 saepe
1195 3681 1349 3764 fecerent,

185 3786 298 3848 ecdem
322 3782 431 3864 mode,
454 3800 518 3866 quc
542 3778 738 3860 dictumest
761 3781 814 3843 tol.
844 3781 897 3845 36.
921 3782 957 3843 B.
1003 3783 1086 3848 Cum
1107 3787 1351 3851 minurientem

184 3891 269 3953 serio
297 3896 331 3951 ct
353 3885 465 3967 majori
487 3884 696 3948 distractione
717 3884 919 3949 deduxerunt
941 3885 1058 3949 milites
1091 3898 1221 3954 noctem
1252 3892 1350 3972 iilam,

185 3998 280 4076 quem
302 3993 385 4056 duas
406 3991 486 4053 eiius
506 3997 631 4071 noctes,
647 3991 764 4072 quibus
776 3990 906 4072 vigilias
922 3991 962 4052 ed
980 4001 1126 4056 structum
1146 3995 1350 4078 sepulchrum

185 4085 435 4163 celebraverant.
478 4097 515 4157 ln
537 4095 639 4177 prime
660 4093 745 4156 euim
766 4103 862 4157 nocte
883 4099 1032 4178 occupati
1061 4108 1152 4161 eraut
1174 4099 1215 4160 ad
1237 4099 1350 4180 dispo·

185 4205 324 4267 neudum
346 4222 384 4266 se
406 4201 448 4264 ad
468 4213 594 4264 sacrem
616 4197 830 4262 eucharistiae
850 4203 1106 4266 communionem
1125 4219 1199 4266 cum
1218 4201 1351 4264 confes-

185 4309 344 4390 sionibus,
381 4317 416 4370 et
443 4292 548 4370 adhuc
588 4305 691 4386 magis
722 4301 832 4366 effecti
866 4316 956 4368 erent
988 4306 1029 4369 ed
1058 4306 1131 4369 loce
1158 4314 1293 4387 structa,
1315 4316 1351 4369 ut
