2948 4876
585 191 589 199 ι

692 337 694 344 ι

115 432 338 498 conversatio.
365 429 449 496 lllud
460 431 561 494 variis
574 429 698 494 exstitit
705 430 917 512 spectandum
926 431 1098 512 coloribus,
1109 432 1172 496 hoo
1181 431 1294 497 diver-

118 543 172 602 sis
190 538 366 602 virtutibus
384 544 417 598 et
428 536 550 598 sanctis
563 534 924 608 actibusvenerandurn.
955 536 1091 601 Domum
1101 538 1220 620 quippe
1230 535 1294 599 Dei

120 644 219 707 decet
239 640 463 724 sanctificatio,
485 657 573 726 quae.
599 657 663 701 non
685 639 794 722 politis
813 642 1034 726 marmoribus,
1056 661 1151 724 quam
1171 643 1294 704 ornatis

119 748 266 812 moribus
283 745 471 828 delectatur,
492 751 636 828 etpuras
648 742 753 826 diligit
771 752 896 806 mentes
917 746 1142 829 potiusquam
1163 757 1293 810 auratas

120 855 277 936 parietes.
321 850 445 914 Ornata
472 860 581 913 tamen
618 847 716 930 hujus
744 867 873 932 quoque
907 849 1009 913 facies
1041 849 1163 932 templi
1184 855 1292 936 armis,

121 976 189 1021 non
210 956 347 1038 gemmis
370 963 403 1016 et
424 955 624 1038 perantiquis
645 955 774 1016 coronis
803 955 929 1036 aureis,
960 949 1294 1036 circumpendentibus

122 1061 239 1144 clipeis
261 1061 369 1143 paries
391 1059 532 1140 operitur
553 1077 611 1140 pro
642 1059 845 1121 candelabris
874 1058 1043 1122 thuribulis
1078 1068 1113 1121 et
1139 1060 1293 1143 urceolis3

123 1164 240 1228 domus
257 1163 400 1245 undique
413 1163 513 1226 irenis
528 1172 559 1226 et
575 1163 697 1226 lanceis
717 1164 939 1246 communitur,
957 1165 1033 1247 qnia
1044 1163 1162 1227 milites
1174 1163 1296 1228 Christi

124 1269 240 1332 eodem
260 1267 345 1350 zelo,
368 1284 433 1349 qno
453 1269 536 1350 ipse,
558 1285 630 1330 cum
642 1269 862 1349 negotiatores
884 1269 1013 1351 flagello
1027 1259 1215 1351 expelleret,
1237 1288 1295 1352 pro

126 1374 222 1436 domo
243 1372 306 1434 Dei
327 1373 491 1453 ferveant,
514 1373 706 1434 arbitrantes
743 1372 840 1454 longe
868 1372 1034 1456 indignius
1051 1383 1085 1436 et
1105 1372 1294 1436 intolerabi-

123 1479 201 1559 lius,
223 1486 338 1540 sancta
357 1475 457 1559 pollui
468 1477 508 1539 ab
529 1476 722 1561 infidelibus,
742 1494 838 1560 qnam
852 1495 872 1540 a
885 1479 1117 1542 mercatoribus
1129 1479 1293 1542 incestari.

124 1585 164 1646 ln
187 1582 284 1646 domo
305 1598 400 1645 sacra
421 1599 493 1644 cum
516 1583 609 1666 equis
632 1591 664 1645 et
696 1584 794 1644 armis
827 1579 1081 1666 commorantur,
1103 1591 1138 1646 nt
1160 1585 1295 1667 abipsa

125 1697 159 1751 et
182 1707 201 1750 a
224 1688 361 1749 caeteris
383 1687 507 1749 sanetis
530 1687 610 1749 locis
632 1689 719 1750 omni
738 1686 939 1751 infidelitatis
950 1705 1068 1769 spurca
1080 1697 1113 1749 et
1124 1691 1294 1771 tyrannica

125 1794 216 1857 rabie
234 1791 421 1875 propulsata
449 1792 513 1874 ipsi
544 1792 578 1853 in
601 1808 640 1854 ea
661 1792 713 1853 die
735 1800 897 1874 noctuque
922 1799 987 1880 tam
1019 1792 1165 1854 honestis
1196 1811 1293 1876 quam

126 1893 259 1961 utilibus
278 1895 410 1958 officiis
442 1901 659 1978 occupantur,
688 1895 851 1960 honorant
878 1896 1023 1958 certatim
1045 1896 1108 1958 Dei
1139 1896 1294 1978 templum

127 1999 251 2062 sedulis
265 2007 297 2060 et
315 2000 453 2062 sinceris
468 2000 643 2081 obsequiis,
650 1999 771 2082 jugiter
781 2002 814 2062 in
826 2017 866 2060 ea
877 1999 982 2062 denno
995 2009 1071 2062 vota
1081 2000 1294 2083 immolantes,

127 2123 192 2167 non
215 2102 343 2185 quidem
364 2088 511 2167 vetemm
534 2105 598 2165 ritu
619 2102 778 2185 pecudum
800 2121 935 2185 carnes,
957 2102 1017 2166 sed
1037 2121 1136 2165 veras
1157 2104 1294 2181 hostias,

128 2208 293 2292 pacificas,
317 2207 490 2270 fraternam
502 2207 721 2291 dilectionem,
740 2208 895 2276 devotam
911 2207 1155 2289 subjectionem,
1177 2206 1297 2270 volun-

128 2316 243 2377 tariam
263 2319 494 2395 paupertatem.
527 2315 619 2375 Haeo
640 2314 836 2396 Hierolymis
858 2312 1075 2374 actitabantur
1103 2319 1249 2394 ternpore
1264 2315 1295 2374 b.

51 2423 56 2437 ’
128 2418 317 2499 llernhardi,
339 2425 371 2480 et
383 2417 468 2480 orbis
479 2419 512 2478 in
525 2417 725 2482 devotionem
739 2417 948 2486 excitabatur.
978 2418 1297 2499 'lepescenteautem

129 2523 185 2586 illo
207 2525 318 2606 templi
338 2522 411 2584 zelo
432 2521 577 2606 militnm,
599 2541 676 2586 mox
702 2524 803 2586 stulta
822 2539 911 2605 gens
931 2521 1039 2605 paullo
1061 2532 1138 2584 ante
1158 2522 1298 2605 expulsa

131 2627 226 2691 rediit
247 2637 280 2690 et
302 2628 447 2709 explosis
467 2629 586 2710 tepidis
608 2637 641 2690 ot
662 2628 844 2702 carnalibus
866 2629 973 2689 crucis
1002 2627 1180 2702 cultoribus
1212 2636 1297 2688 tem-

131 2732 219 2814 plum
242 2730 366 2794 Christi
396 2749 524 2795 sacrum
546 2734 659 2794 iterum
687 2741 896 2794 exsecrantes
921 2733 1105 2794 muscheam
1128 2731 1297 2814 profanam

133 2836 287 2898 lecerunt.
330 2835 374 2897 lte
397 2837 460 2899 hoc
480 2836 563 2901 haut
580 2837 634 2907 ‚sio
666 2844 727 2898 est.
757 2835 856 2898 'Nam
878 2833 1050 2896 Sarraceni
1079 2834 1146 2896 loci
1173 2834 1299 2896 saneti-

133 2947 232 3000 tatem
266 2946 297 2999 at
311 2940 488 3021 magnalia
529 2939 572 3001 ibi
614 2948 708 3021 gesta
742 2946 981 3020 cognoscentes
1013 2937 1166 3019 templum
1201 2935 1298 2999 valde

133 3051 331 3108 venerantur
350 3041 486 3104 mirabili
508 3039 675 3122 diligentia
706 3051 739 3103 et
760 3041 849 3104 eultn
874 3041 1025 3104 exteriori
1052 3039 1132 3100 illud
1150 3038 1298 3105 mundis-

135 3150 218 3212 sime
239 3154 434 3210 conservant
455 3145 657 3207 abstersione
679 3145 870 3208 cottidiana
885 3145 1080 3206 intrinsecus
1112 3153 1145 3206 et
1174 3145 1299 3208 extrin-

135 3269 245 3335 secus,
265 3249 368 3333 (261
391 3247 445 3333 Δ)
467 3256 502 3312 et
522 3251 630 3312 omnia
650 3257 726 3312 sunt
746 3247 917 3330 splendida
938 3258 970 3312 et
992 3248 1101 3332 polita,
1123 3250 1178 3330 ita,
1199 3258 1235 3313 ut
1255 3252 1300 3312 stt

135 3357 326 3422 delectabile
356 3356 479 3418 videre.
523 3351 591 3418 Sed
625 3362 660 3417 et
690 3355 753 3436 ipsi
775 3353 946 3418 Samaceni
974 3373 1042 3426 non
1074 3354 1299 3436 ingrediuntur

134 3466 196 3529 hoo
218 3462 382 3546 templum,
415 3461 479 3523 nisi
508 3460 578 3521 suis
606 3461 851 3542 baptismatibus
868 3458 1050 3542 purificati,
1073 3466 1105 3522 et
1126 3467 1204 3522 luno
1225 3477 1298 3522 enm

135 3568 318 3634 maturitate
344 3573 377 3630 at
399 3564 588 3646 compositis
619 3565 762 3628 moribus
783 3562 979 3644 adveniunt,
1009 3582 1072 3626 non
1093 3565 1210 3648 simul,
1239 3563 1298 3627 sed

136 3671 266 3755 quilibet
287 3670 378 3736 aolus
398 3669 528 3750 incedit,
551 3666 678 3730 etiamsi
699 3668 743 3728 sit
763 3685 900 3750 magnus
927 3668 1092 3751 dominns,
1115 3687 1177 3733 nec
1195 3669 1299 3733 collo-

136 3782 284 3859 quuntur,
306 3793 368 3838 nec
381 3793 511 3858 pueros,
535 3791 596 3836 nec
609 3787 707 3835 curres
721 3785 830 3835 secum
844 3773 975 3855 ducunt,
995 3783 1031 3836 ut
1052 3793 1145 3837 nemo
1159 3775 1299 3857 patiatur

137 3882 169 3943 in
193 3881 338 3944 oratione
357 3878 628 3962 impedimentum.
671 3876 828 3940 Mulieres
851 3880 1011 3960 propriam
1024 3869 1151 3960 portani
1168 3880 1297 3954 babent,

137 4001 193 4065 par
213 4001 308 4066 quam
322 3986 445 4047 atrium
468 3993 508 4046 et·
525 3982 676 4066 templum
687 3980 918 4065 ingrediantur,
941 3993 973 4046 et
983 3985 1142 4066 propriam
1154 3981 1299 4045 absidem

139 4085 171 4148 in
191 4087 320 4169 templo,
340 4089 462 4171 inqua
481 4087 666 4154 orant'sine
686 4089 828 4150 virorum
849 4089 1042 4171 praeseutia,
1064 4096 1097 4149 et
1117 4095 1300 4148 menstruo-

140 4204 197 4252 sae
216 4190 250 4252 in
270 4191 417 4254 domibus
439 4200 580 4274 manent,
602 4192 791 4275 necquovis
808 4191 904 4254 modo
916 4192 1034 4274 templo
1046 4189 1301 4272 appropinquare

58 4339 64 4349 .
139 4294 371 4390 permittuntur.
401 4295 545 4380 singoli
567 4303 675 4360 autem
697 4295 885 4360 discalceati
906 4297 1020 4360 atrium
1053 4296 1173 4357 intrant
1206 4300 1240 4356 et
1266 4293 1300 4356 in
