2842 4882
585 303 649 366 449

21 477 226 547 tovtsmfflter
247 481 433 564 deseendit,
456 431 573 547 terram
604 483 776 567 refrigerat
803 495 844 578 et*
857 457 1048 570 foecundat,
1080 485 1196 550 suauis

21 589 73 642 est
96 591 129 644 et
149 583 293 669 lucidos,
326 585 453 650 modico
473 587 589 651 calore
603 587 761 672 siccatum
793 605 848 654 ros
869 591 991 654 cadens
1011 590 1091 655 lacit
1120 591 1196 656 loo-
1294 676 1297 684 Ι

21 685 234 773 cunditatem3
256 691 289 754 in
312 690 423 754 farum
442 691 487 757 ab
506 691 633 773 apicula
660 691 848 775 deportatus
869 695 902 756 in
923 694 1029 758 mollis
1050 704 1193 760 mutatur

21 783 301 873 dulcedinem-in
321 795 479 858 concham
500 813 578 858 vero
603 793 755 868 marinam
779 795 982 860 descendens
1002 799 1138 862 uertitur
1157 802 1193 862 in

20 895 195 972 pretiosam
217 899 433 988 margaritam.
475 899 528 962 De
542 894 629 962 'rore
651 919 728 984 ergo
753 898 940 964 dulcissimo
963 899 1050 963 illius
1071 899 1193 964 deserti
1215 921 1220 927 ·

21 1011 114 1058 mane
143 999 199 1065 illo
220 1004 369 1067 suximus
391 1001 458 1084 (b)
480 1019 553 1068 com
583 1004 806 1070 delectatione.
849 1003 903 1067 Dc
935 1021 1053 1068 manna
1085 1012 1191 1068 autem

21 1095 53 1156 in
76 1107 271 1168 monasterio
292 1087 535 1170 s'rcamrrmre
555 1109 702 1190 emimus,
714 1107 802 1191 quod
822 1114 931 1170 tamen
946 1108 1193 1190 sophistioutnm

21 1209 51 1261 et
72 1193 155 1268 bene
182 1210 387 1279 falsificatum
408 1211 601 1293 reperimus,
635 1221 730 1294 prout
748 1211 968 1293 conjecturare
995 1227 1129 1295 possum
1149 1229 1193 1275 cx

21 1307 205 1381 praedictis.
243 1312 391 1396 contigit
424 1317 510 1379 euim
531 1316 625 1378 uobis
648 1315 689 1379 de
710 1335 845 1399 manna,
877 1318 962 1380 sicut
984 1316 1027 1379 de
1047 1315 1192 1380 balsamo
1236 1325 1240 1336 ·

21 1404 145 1474 dicetur
167 1415 222 1482 iol.
247 1417 289 1482 78
310 1438 382 1503 sqq.
469 1491 480 1514 N
1061 1441 1064 1446 ’

21 1521 23 1556 r
103 1512 186 1582 Cum
208 1540 285 1604 ergo
306 1522 590 1606 perpraedictum
617 1529 791 1606 angustum
822 1525 1006 1608 ingressum
1037 1525 1191 1587 venisse-

21 1623 91 1678 mus
111 1621 145 1683 iu
178 1624 273 1688 latam
301 1627 419 1690 vallem
447 1627 597 1690 aherbis
626 1627 796 1691 odoriferis
823 1629 990 1712 refertam,
1020 1627 1190 1692 altissimis

21 1721 149 1801 rupibus
168 1730 306 1793 cinctam
329 1731 419 1794 rubei
439 1729 570 1811 coloris,
592 1730 625 1792 in
647 1730 702 1793 illa
722 1731 810 1794 valle
831 1743 863 1796 et
884 1735 918 1796 iu
935 1731 1208 1796 cohaerentibus

21 1822 155 1891 uallibus
176 1833 219 1896 ab
250 1837 336 1899 omui
358 1843 451 1916 parte
472 1833 590 1894 montis
624 1831 728 1914 Syriai
758 1835 986 1900 habitaverunt
1006 1835 1064 1898 lilii
1084 1834 1189 1898 lsrael

21 1941 74 2004 per
98 1933 203 1998 tribus
224 1945 258 1999 et
283 1938 427 2002 'familias
459 1954 538 2000 suas
570 1938 631 1998 sub
663 1938 809 2001 tentoriis
831 1947 863 2002 et
901 1937 1116 2001 tabernaculis
1149 1955 1188 1998 eo

21 2037 174 2121 tempore,
201 2059 265 2122 quo
291 2041 428 2122 Moyses
450 2047 520 2105 crat
551 2057 623 2102 cum
645 2029 793 2104 ‘Domino
822 2042 856 2104 in
879 2049 997 2105 moute.
1040 2042 1093 2102 De
1125 2056 1188 2122 quo

21 2134 141 2202 dicetur
161 2144 283 2208 clarius
304 2144 358 2217 tol.
380 2145 423 2208 83
445 2145 485 2206 b.
527 2217 529 2224 Ι
599 2147 601 2152 ’

97 2243 162 2309 Per
206 2249 331 2332 aliquas
366 2268 445 2332 ergo
479 2232 576 2310 boras
610 2245 816 2326 ascendimus
850 2257 963 2312 eontra
1001 2244 1189 2310 orientalem

21 2341 146 2427 plagam
175 2363 210 2416 et
232 2353 356 2416 demum
388 2350 520 2416 dimissa
556 2351 612 2416 illa
641 2351 738 2434 plaga
770 2359 883 2415 contra
904 2350 1070 2416 meridiem
1091 2350 1187 2412 aliam

21 2448 133 2516 uallem
158 2476 309 2540 magnam
346 2465 379 2519 et
405 2457 571 2541 pulchram
603 2455 746 2538 ingressi
774 2473 887 2519 snmus
915 2445 949 2519 et
975 2455 1086 2539 procul
1110 2462 1187 2516 oute

21 2567 76 2614 uos
99 2559 242 2625 vidimus
263 2562 443 2625 terribilem
457 2569 490 2623 et
511 2560 704 2624 altissimum
729 2561 882 2642 parietem
903 2562 1026 2644 petrosi
1056 2562 1184 2640 montis,

21 2673 134 2725 versus
156 2686 252 2750 quem
275 2665 502 2746 ascendimus,
524 2673 555 2726 et
579 2665 787 2746 mirabamur,
809 2665 841 2727 in
863 2685 927 2748 quo
948 2667 1020 2740 loco
1039 2664 1080 2727 de
1100 2664 1186 2726 valle

21 2756 70 2821 illa
104 2771 268 2848 egressuri
301 2787 464 2850 essemus,
502 2785 574 2829 oum
607 2778 684 2831 aute
712 2786 772 2830 nos
803 2773 836 2830 el
857 2769 889 2830 iu
911 2778 1049 2854 utroque
1085 2770 1207 2830 latere-

21 2862 137 2929 nullum
159 2873 280 2936 exitum
302 2889 435 2933 cernere
456 2886 646 2952 possemus,
668 2869 728 2930 sed
761 2871 866 2933 solum
887 2873 1055 2935 altissimis
1074 2881 1185 2952 petro-

21 2982 125 3032 sorum
162 2977 315 3039 montium
346 2974 522 3056 parietibus
555 2972 727 3034 conclusos
759 2991 820 3036 nos
851 2974 1051 3038 uideremus.
1100 2972 1184 3036 Cum

21 3078 123 3134 rotem
143 3097 248 3159 paene
275 3095 379 3160 usque
415 3075 456 3138 ad
487 3075 642 3158 grarrdem
674 3076 845 3158 parietem,
876 3079 982 3160 quiin
1011 3085 1184 3161 prospectu

21 3177 127 3234 nostro
162 3181 285 3263 stabat,
328 3183 692 3264 appropinquassemus,
727 3197 805 3242 ecoe
836 3182 979 3246 scissura
1010 3184 1130 3244 ‘montis
1163 3200 1184 3244 a

21 3287 142 3340 summo
163 3300 267 3366 usque
299 3283 447 3346 deorsum
471 3284 594 3346 eratin
617 3283 716 3346 latere
738 3284 885 3365 sinistro,
919 3304 977 3367 per
1005 3302 1100 3368 quam
1132 3295 1184 3347 est

21 3374 71 3436 uia
90 3388 122 3441 et
143 3403 207 3450 nou
229 3387 291 3451 alia
315 3387 355 3450 ad
378 3388 496 3450 montis
516 3389 622 3450 sancti
643 3388 780 3450 radices.
803 3390 948 3470 Ingressi
969 3408 1048 3473 ergo
1069 3393 1181 3452 sumus

21 3494 75 3554 ler
97 3497 217 3552 arctam
239 3493 325 3555 viam
347 3494 442 3555 istam
466 3499 498 3553 et
519 3493 729 3573 asperrimum
752 3479 813 3554 iter
833 3493 1003 3556 habuimus
1010 3537 1020 3576 ‚
1049 3493 1181 3557 camelis

21 3589 47 3641 st
68 3589 169 3682 asinis
188 3614 301 3678 greve.
323 3597 368 3658 Et
390 3612 461 3657 cum
484 3593 646 3677 paululum
667 3613 725 3676 per
744 3598 932 3680 voraginem
952 3597 1039 3661 illam
1061 3615 1181 3662 ascen-

21 3682 174 3760 dissemus
210 3701 373 3784 fieretque
398 3699 495 3762 vallis
522 3698 635 3782 latior,
656 3715 752 3782 ecce,
781 3691 959 3766 structuras
986 3701 1125 3766 vidimus
1148 3712 1182 3764 et
1286 3787 1291 3794 Δ

21 3787 160 3860 aedilicia
185 3811 217 3864 el
237 3805 376 3868 humanu
396 3803 579 3868 habitacula
599 3810 632 3865 et
654 3803 823 3868 ecclesiam
847 3806 1027 3890 oblongam,
1047 3815 1181 3889 eratque

21 3885 221 3967 beatissimae
241 3909 379 3990 virginis
400 3906 434 3968 S.
454 3903 663 3974 ,catharinae
687 3911 912 3974 monasterium
944 3927 1017 3972 oum
1040 3908 1181 3970 ecclesia
1268 3899 1271 3906 ’

21 3998 51 4050 et
72 4012 143 4060 oum
167 4011 301 4073 oratorio
322 4005 529 4075 beatissimae
550 4010 697 4091 Virginis
723 4009 1059 4097 nortmannorum
1083 4010 1180 4090 dioto,

20 4090 50 4152 iu
73 4100 231 4173 radicibus
250 4114 450 4177 sanctissimi
471 4113 588 4179 montis
609 4111 721 4193 Syriai.
765 4115 859 4177 Haec
878 4133 951 4179 cnm
972 4113 1179 4194 vidissemus,

21 4195 59 4260 tle
89 4205 189 4274 asinis
222 4215 398 4284 cecidimus
421 4227 457 4286 ‚et
486 4236 558 4280 cum
590 4215 708 4298 gaudio
738 4235 854 4299 magno
887 4217 1039 4300 prostrati
1068 4224 1180 4279 contra

21 4297 129 4408 locum·
153 4314 366 4392 adoravimus.
416 4321 501 4384 Nam
535 4319 568 4382 iu
601 4320 712 4382 eodem
745 4323 835 4402 looo,
867 4321 920 4384 ubi
951 4319 1179 4383 monasterium

564 4419 568 4428 '
931 4419 967 4478 29
