2954 4914
724 191 788 258 tat

1141 298 1159 334 ἱ

177 384 210 452 el
232 384 268 439 ut
287 373 432 440 videram
463 375 568 439 locum
604 377 698 460 'roob
719 383 755 441 at·
772 375 915 459 baubat,
950 375 992 440 de
1017 376 1193 462 quibns'iit
1223 379 1349 442 mendo

178 482 301 548 Jerem.
317 477 348 540 7.
371 487 404 541 et
424 498 482 562 per
503 487 603 547 lotum
624 490 722 565 caput
741 481 812 550 Jer.
835 481 926 544 XIX.
969 484 1034 544 Hic
1055 481 1147 546 locus
1169 491 1222 546 est
1247 481 1348 544 vallis

179 585 316 648 liliorum
337 583 464 668 Ennea,
479 603 562 670 qnae
584 586 700 650 dicitnr
716 580 817 648 ¹vallis
830 585 957 668 Eirinon,
979 588 1033 652 vel
1054 587 1347 668 valltsJehenaom

180 699 213 754 et
235 687 404 772 Gebenna,
426 689 497 753 Joo.
521 692 562 755 18
584 702 617 754 et
636 695 666 754 4.
696 691 774 756 iisd.
802 692 842 773 1.,
867 699 900 753 et
920 691 995 755 inde
1014 692 1245 758 descenderem
1268 705 1348 773 pro-

180 795 310 858 fundius
339 796 375 858 in
402 793 539 878 vallem,
567 806 603 862 ut
635 795 891 878 considerarem,
920 815 962 859 an
993 805 1122 862 torrens
1153 795 1284 860 cedron
1313 795 1348 858 in

180 899 438 984 profundioribus
460 899 542 964 locis
578 920 681 985 aquas
702 901 840 964 fluentes
869 901 1018 984 haberet,
1046 911 1081 966 ut
1109 903 1201 966 mulli
1222 903 1348 986 comati
1416 893 1418 898 ’

178 1017 270 1090 sunt,
292 1005 379 1070 sicut
397 1007 539 1089 patebit,
567 1013 602 1068 et
624 1014 698 1088 post
716 1003 993 1086 boc-ingmonaem
1014 1007 1348 1072 offensionisascen-
1399 1031 1405 1041 ·

179 1110 308 1196 darem,
342 1110 435 1193 cnjus
467 1111 593 1175 radices
622 1113 781 1196 usquein
808 1109 1000 1176 Gebennam
1027 1112 1249 1178 extenduntur.
1294 1111 1348 1172 De

178 1219 241 1284 hoc
263 1221 373 1278 monte
407 1215 543 1303 habetur
562 1215 584 1279 3
606 1214 688 1298 Bag.
716 1217 755 1278 11.
778 1217 872 1278 Haec
889 1218 988 1280 etiam
1018 1219 1131 1281 videre
1152 1226 1185 1280 et
1204 1215 1348 1298 experiri

179 1318 370 1384 desideravi.
413 1320 527 1400 ltaque
548 1337 569 1382 a
589 1319 676 1403 loco,
692 1321 732 1383 'in
758 1339 821 1403 quo
842 1323 984 1405 stabam,
1012 1342 1064 1385 me
1084 1323 1188 1405 movi,
1208 1330 1245 1383 nt
1264 1308 1357 1395 irem,

178 1424 221 1487 ad
253 1431 376 1506 patrem
410 1419 626 1508 Gordianum,
665 1434 701 1488 nt
730 1436 873 1507 peterem
906 1443 1060 1509 cumpro
1090 1428 1180 1490 socio
1202 1426 1347 1507 fratrem,

179 1545 251 1592 cum
275 1546 338 1611 quo
359 1526 532 1618 praedicta
553 1531 736 1612 visitarem,
771 1530 830 1594 sed
852 1549 915 1594 non
937 1548 1038 1594 ausus
1060 1531 1106 1594 tui
1126 1531 1347 1594 venerabilem

179 1634 283 1708 virum
306 1631 395 1697 illum
417 1633 578 1716 excitare,
602 1637 657 1717 qui
678 1633 783 1696 adiuro
802 1635 836 1697 in
858 1619 966 1716 quiete
986 1653 1049 1698 sua
1069 1645 1149 1705 erat.
1191 1636 1346 1700 Assumsi

180 1749 258 1824 ergo
280 1737 439 1820 animum,
462 1747 495 1806 ct
513 1738 605 1804 solos
620 1741 691 1804 iter.
712 1741 774 1806 lroc
794 1740 917 1824 grando
937 1755 1114 1824 aggressam
1135 1759 1219 1823 snm,
1241 1739 1347 1802 adhuc

179 1845 268 1906 enim
288 1855 384 1904 mane
406 1853 485 1926 erat,
501 1843 742 1913 etSarracenos
764 1845 847 1910 scivi
868 1853 943 1907 ante
962 1846 1041 1908 solis
1063 1843 1257 1910 adscensum
1278 1862 1345 1906 nou

179 1966 218 2012 se
247 1948 357 2017 levare
379 1948 419 2011 de
441 1949 599 2015 eubilibus
631 1951 710 2012 suis.
754 1949 918 2014 Descendi
950 1969 1028 2033 ergo
1050 1949 1221 2013 demente
1252 1933 1345 2032 Syon

180 2061 214 2118 et
235 2053 370 2136 perveni
390 2053 423 2115 in
445 2054 572 2138 hortum
596 2055 695 2137 ragis,
718 2056 773 2136 qui
791 2055 972 2144 pertinebat
993 2056 1171 2139 antiquitus
1193 2053 1234 2116 ad
1255 2053 1345 2135 regis

179 2162 318 2242 curiam,
341 2178 409 2242 :per
430 2178 523 2242 quem
547 2179 606 2223 rex
636 2158 820 2221 zedechias
851 2160 934 2242 fugit
958 2179 1035 2224 cnm
1072 2161 1158 2226 omni
1187 2159 1345 2240 exercitu,

163 2275 215 2334 ut
241 2265 379 2331 babetur
410 2267 432 2326 4
463 2265 546 2346 lieg.
575 2263 659 2340 252a
690 2263 774 2326 iacis
803 2255 1024 2347 Assyriorum.
1068 2265 1106 2325 In
1133 2265 1205 2346 ipso
1236 2271 1343 2326 autem

180 2369 271 2431 burto
293 2368 397 2449 reperi
420 2370 557 2449 optimas
579 2355 661 2428 licus
683 2376 836 2452 maturas,
858 2369 900 2454 de
920 2355 1037 2450 quibus
1053 2367 1185 2450 jeJunus
1206 2366 1346 2436 matatin-

61 2467 64 2474 ⁴
110 2467 113 2474 ’
180 2454 255 2536 cavi
270 2463 437 2553 usquead
458 2473 671 2534 saturitatem.
693 2471 744 2534 De
761 2475 852 2536 horto
871 2473 998 2536 demum
1019 2474 1107 2555 regis
1129 2471 1282 2536 descendi
1302 2470 1346 2533 ad

145 2659 147 2665 Ι
180 2575 339 2640 rratatoria
358 2572 479 2656 Siloae,
501 2585 533 2638 et
552 2576 738 2671 voraginem
759 2579 894 2660 originis
916 2577 1149 2659 fontisSiloae,
1163 2577 1346 2640 et-intravi

180 2678 300 2742 etbibi
322 2678 469 2762 deaque
492 2691 623 2765 saneta,
654 2691 687 2745 et
710 2683 821 2748 oculos
843 2692 874 2746 et
897 2683 1011 2745 faciem
1040 2682 1115 2752 lavi.
1158 2682 1346 2765 Numquam

180 2784 249 2848 vidi
279 2784 368 2866 priua
403 2801 505 2866 aquas
536 2784 609 2848 illas
634 2788 669 2848 in
697 2797 786 2862 tanta
813 2785 1011 2856 abundantia
1032 2787 1149 2870 fluere,
1182 2788 1266 2879 sicat
1287 2785 1345 2848 illa

83 2953 87 2962 ,
181 2889 277 2972 hora,
299 2908 363 2952 nou
385 2888 470 2952 enim
498 2887 619 2974 jugiter
642 2891 745 2956 fundit
773 2911 875 2976 aquas
918 2909 980 2954 nec
1006 2910 1135 2974 semper
1167 2891 1345 2975 aequaliter

181 2995 254 3058 iens
282 2995 353 3079 ille,
381 3003 417 3058 nt
447 3013 547 3080 supra
575 2998 679 3080 patuit
710 2998 764 3063 fol.
795 2999 858 3062 160
879 2997 917 3058 B.
960 2995 1143 3080 Refrigerio
1173 3007 1279 3061 sumto
1310 3005 1345 3057 et

179 3100 389 3184 indulgentiis
411 3101 495 3184 (ii)
526 3102 707 3184 plenariae·
728 3103 927 3166 remissionis
945 3097 1040 3183 joma
1068 3102 1190 3164 iontem
1215 3101 1344 3164 sacrum

179 3213 416 3288 consequenter
437 3205 479 3268 de
499 3206 595 3270 latice
617 3206 714 3268 fontis
734 3207 821 3270 exivi
839 3214 872 3268 et
894 3205 1047 3278 descendi
1068 3205 1226 3289 usquein
1247 3205 1345 3268 vallis

180 3307 325 3388 fundum,
346 3311 381 3368 in
399 3316 573 3370 torrentem
595 3305 734 3388 Cedron,
755 3326 816 3369 nec
837 3307 905 3371 vidi
926 3311 1085 3374 homiuem
1105 3311 1255 3394 aliquem.
1286 3309 1345 3374 Sol

180 3420 284 3480 antem
304 3411 372 3501 jam
394 3419 484 3480 ortus
506 3411 628 3491 iuerat,
649 3411 705 3494 qui
728 3416 1021 3477 cacumenmontis
1053 3414 1143 3498 Syon
1172 3425 1205 3478 et
1226 3417 1345 3480 civita-

179 3525 245 3578 tem
279 3525 425 3593 sanctam
462 3523 495 3576 et
534 3515 668 3577 aliorum
694 3517 847 3579 montium
882 3519 1022 3588 culmina
1052 3519 1251 3602 illustrabat,
1283 3518 1345 3583 sed

175 3621 270 3703 juxta
301 3639 354 3684 me
385 3626 476 3682 erant
505 3617 578 3701 (Β)
605 3617 709 3682 adbuc
737 3622 971 3704 quodammodo
995 3626 1168 3709 tenebrae,
1200 3636 1233 3689 et
1262 3626 1344 3688 roris

179 3724 362 3790 antelucani
382 3723 563 3787 destillatio.
586 3723 749 3788 Descendi
772 3746 850 3811 ergo
871 3729 1027 3812 usquein
1048 3728 1168 3792 vallem
1183 3728 1344 3794 (iohanne

179 3840 212 3899 et
233 3851 306 3895 oum
328 3829 515 3893 festinantia
534 3846 726 3912 progressus
737 3832 775 3895 “in
793 3835 968 3918 asperrimo
990 3842 1141 3916 torrente,
1155 3853 1259 3918 usque
1280 3853 1345 3918 quo

180 3936 411 4002 recurvabatur
428 3933 540 4016 valiis,
563 3935 626 4016 ita,
650 3937 737 4020 quod
758 3957 820 4003 nec
841 3947 982 4004 montom
1005 3936 1097 4021 Syon
1119 3957 1181 4002 nec
1203 3948 1344 4003 montem

179 4039 293 4122 templi
314 4039 450 4124 amplius
470 4038 583 4102 videre
603 4050 756 4124 poteram.
800 4044 842 4106 bit
864 4043 915 4106 his
943 4043 1119 4106 subtractis
1141 4045 1289 4126 substiti,
1312 4053 1346 4108 et
1376 4099 1382 4110 .

180 4155 353 4211 torrentem
385 4145 607 4230 consideravi,
648 4155 832 4231 tantamque
862 4145 1043 4211 ariditatem
1075 4145 1147 4228 ejus
1183 4145 1229 4207 ibi
1266 4142 1347 4226 vidi,

179 4253 264 4322 sicut
281 4250 432 4334 topatius
446 4250 530 4324 inira
541 4251 736 4348 Jerusalem,
750 4268 811 4324 nec
826 4252 942 4338 quovis
956 4250 1049 4320 modo
1063 4250 1177 4320 videre
1188 4235 1345 4334 poteram,
