2954 4914
750 235 812 300 tto

191 419 305 478 contra
325 427 455 474 arenam
476 419 510 473 et
530 410 700 479 calculum.
743 411 877 478 utronn-
893 414 990 477 etiam
1013 416 1075 478 hoc
1096 432 1184 477 mare
1204 411 1374 498 quasdam

190 521 301 600 nigras
321 516 435 598 glebas
456 515 638 600 bituminis,
674 534 759 599 quae
781 519 890 580 omnia
912 525 991 581 suut
1012 520 1108 602 signa
1122 518 1253 582 'ardoris
1275 518 1372 579 infe-

192 622 285 684 rioria
307 621 439 704 abyssi,
470 630 503 684 et
530 631 607 684 sunt
634 622 728 705 quasi
755 621 866 684 faeces
896 623 1094 686 occultorum
1127 623 1368 686 decoctionum.

190 727 327 807 Insuper
349 745 591 810 nonnumquam
614 729 800 790 nominatur·
815 727 1028 810 inscriptura
1050 747 1146 792 sacra
1167 745 1259 789 mare
1282 725 1370 788 soli·
1462 717 1463 728 ’

190 831 327 916 tudinis,
344 839 382 895 ut
405 831 529 896 Josuae
549 834 593 915 2.,
615 832 691 915 quia
712 839 800 893 terra
820 851 880 914 per
896 835 1065 895 circuitum
1088 832 1218 894 deserta
1240 841 1306 914 est,
1329 838 1369 892 ut

191 938 225 1000 in
246 939 433 1020 plurimum,
465 946 498 998 et
523 939 682 1019 usquein
704 935 910 998 solitudinem
938 933 1066 998 Pharan
1096 937 1237 1020 lingnam
1267 955 1368 998 snam

192 1041 347 1124 extendit,
362 1039 511 1105 dividens
532 1049 651 1102 terram
671 1049 817 1104 sanctam
840 1060 860 1103 a
881 1041 1053 1104 solitudine
1075 1041 1131 1103 illa
1149 1060 1283 1124 magna,
1306 1060 1369 1123 per

191 1166 286 1231 qnam
315 1146 374 1209 filii
404 1145 506 1216 Israel
539 1147 743 1207 transierunt.
787 1146 914 1208 Dicitur
946 1149 1042 1206 etiam
1076 1165 1163 1208 mare
1194 1145 1366 1228 orientale,

192 1260 342 1334 respectu
373 1251 472 1313 maris
504 1251 630 1332 magni,
662 1249 747 1333 quod
770 1250 887 1313 dicitur
908 1251 1115 1313 occidentale.
1137 1327 1138 1332 ἵ
1157 1250 1244 1326 Nam
1274 1258 1367 1312 terra

191 1362 307 1418 saneta
330 1356 414 1416 iuter
434 1355 517 1417 baec
540 1356 641 1417 maria
663 1354 726 1417 duo
749 1363 800 1416 est
821 1357 1023 1446 interclusa,
1038 1364 1070 1417 et
1093 1356 1267 1417 terminant
1289 1354 1364 1436 ejus

191 1458 402 1522 latitudinem.
452 1453 646 1522 Nominatur
677 1462 774 1523 etiam
806 1459 976 1543 aliquando
997 1467 1100 1522 mete
1131 1461 1364 1535 novissimum,

192 1582 250 1647 pro
283 1582 339 1645 eo,
372 1564 458 1646 quod
489 1565 687 1646 aprincipio
715 1567 890 1628 creationis
921 1584 986 1628 non
1019 1563 1097 1647 tuit,
1126 1563 1186 1626 sed
1217 1572 1365 1645 tempore

191 1667 345 1730 Abrahae
368 1668 428 1731 fuit
460 1669 578 1731 iactum
601 1669 780 1732 novissime
806 1681 880 1753 post
912 1671 1018 1733 omnia
1040 1670 1105 1732 alia
1132 1669 1242 1730 maria.
1285 1667 1365 1729 Alia

192 1773 277 1835 enim
299 1773 400 1835 maria
423 1773 553 1836 fuerunt
583 1781 692 1835 creata
722 1777 817 1836 annis
843 1775 930 1840 3272
960 1785 1036 1837 aute
1063 1775 1127 1837 hoc
1148 1790 1252 1854 mare,
1285 1771 1364 1833 ideo

192 1885 245 1940 est
267 1879 489 1943 novissimum.
533 1877 701 1941 Multoties
723 1879 818 1940 ctiam
840 1880 1022 1940 nominatur
1055 1880 1118 1941 lmc
1146 1895 1236 1941 mare
1269 1893 1364 1938 utare

190 1981 431 2067 sodomiticum,
461 1992 591 2066 propter
623 1982 830 2063 principalem
866 1985 1031 2045 civitatem
1052 1979 1246 2063 Sodomam,
1275 1998 1363 2062 quae
1464 1965 1465 1994 ¹

190 2088 253 2151 hoc
274 2090 355 2152 mari
387 2087 499 2172 operte
521 2097 588 2170 eat,
624 2086 679 2149 vel
700 2095 830 2168 propter
856 2087 1022 2152 sodomiae
1054 2095 1240 2169 peccatum,
1273 2085 1363 2167 quod

189 2192 243 2256 ltic
264 2195 410 2276 punitum
433 2195 501 2256 luit.
524 2191 652 2254 Dicitur
673 2191 770 2252 etiam
788 2211 1025 2274 nonnumquam
1047 2203 1134 2254 mare
1156 2190 1361 2273 diabolicum,

189 2306 320 2378 propter
352 2301 528 2380 praestigia
556 2295 746 2359 diemonum
777 2305 810 2358 et
841 2305 1033 2378 potestatem
1064 2316 1172 2360 eornm
1209 2298 1244 2356 in
1273 2295 1361 2357 huuc

190 2399 304 2461 locum.
347 2401 508 2464 Desertus
531 2410 581 2463 est
617 2403 703 2463 enim
733 2401 825 2464 locus
848 2421 906 2482 per
941 2403 1039 2463 maris
1069 2401 1157 2464 illius
1189 2401 1360 2462 circuitum

190 2511 321 2585 propter
335 2504 560 2567 infestationes
577 2503 766 2568 daemonum
788 2515 820 2568 et
838 2506 1005 2568 illusiones
1026 2505 1235 2586 multiplices3
1257 2503 1360 2566 multa

191 2607 275 2669 enim
297 2608 341 2669 ibi
364 2610 445 2672 liunt
466 2627 563 2689 opere
585 2610 793 2693 daemonum,
815 2612 1020 2693 permittente
1039 2610 1132 2694 Deo,
1152 2612 1249 2690 sicut,
1271 2607 1360 2691 qnod

190 2727 297 2792 penna
324 2715 404 2773 mari
426 2711 548 2794 injecta
579 2713 712 2778 fundum
745 2725 878 2797 repente
899 2725 1007 2798 petet,
1037 2724 1070 2777 et
1092 2716 1210 2778 ferrum
1231 2715 1359 2775 immis-

191 2829 264 2877 sum
285 2825 490 2902 supernatet,
512 2815 598 2902 quod
620 2818 731 2882 dicunt
753 2815 806 2883 hic
825 2819 905 2882 fiori.
938 2819 1131 2882 Nominatur
1152 2819 1248 2881 etiam
1270 2834 1358 2910 nare

191 2919 412 3003 maledictum,
443 2943 501 3005 pro
532 2943 588 3008 eo,
618 2923 704 3008 quod
736 2927 769 2986 in
798 2924 1057 2988 maledictionem
1088 2932 1293 3007 peccatorum
1314 2923 1357 2984 sit

92 3003 98 3024 ⁸
191 3025 330 3109 factum,
362 3034 397 3092 et
418 3028 504 3112 qnod
535 3031 568 3093 in
590 3029 678 3093 nullo
702 3029 810 3092 mundi
832 3029 903 3093 loco
925 3038 991 3092 tarn
1018 3024 1188 3120 manifeste
1208 3027 1357 3090 desaevit

191 3132 240 3193 ira
261 3132 322 3194 Dei
344 3133 377 3195 in
398 3137 597 3217 punitionem
618 3134 878 3216 maledictorum,
903 3135 988 3196 sicut
1008 3121 1085 3196 hic(
1114 3133 1239 3202 Dicitur
1260 3133 1356 3194 etiam
1464 3119 1465 3128 ¹

193 3253 281 3297 mare
302 3237 500 3318 gehennale,
528 3241 603 3321 quia
624 3259 682 3320 per
712 3238 831 3300 vallem
861 3236 1043 3301 Gehennae
1064 3247 1114 3300 est
1136 3239 1315 3301 descensus
1337 3254 1357 3297 a

192 3337 375 3400 Jemsalem
395 3340 428 3400 iu
450 3341 540 3423 illud,
563 3350 595 3402 et
619 3351 742 3415 torrens
756 3343 933 3404 Gehcrnrae
952 3345 986 3403 in
1007 3342 1041 3404 id
1062 3345 1179 3426 vergit,
1200 3349 1237 3404 ut
1258 3359 1356 3422 saepe

193 3441 342 3522 superius
385 3445 495 3523 patuit.
549 3445 669 3507 Ultimo
711 3445 827 3510 dicitur
859 3466 948 3510 mare
986 3447 1161 3532 infernale,
1200 3448 1276 3530 quia
1312 3446 1357 3510 ibi

194 3544 335 3608 damnati
357 3544 480 3609 inducti
500 3566 559 3629 per
574 3550 704 3632 igneum
724 3557 901 3614 torrentem·
921 3553 1016 3615 vallis
1029 3551 1208 3628 Gchennae
1228 3550 1374 3618 demer·.

192 3657 310 3732 gantur
338 3650 372 3711 in
392 3650 560 3715 infernum.
603 3655 652 3717 Ibi
673 3657 756 3719 enim
778 3656 924 3720 infernus
949 3658 1095 3721 dilatabit
1121 3675 1159 3720 os
1188 3675 1303 3737 suurn„
1319 3661 1356 3717 nt

193 3772 251 3816 eos
283 3755 438 3838 suscipiat
470 3756 588 3840 quibus
627 3757 767 3822 dicetur:
801 3759 999 3826 disceditea
1028 3782 1080 3826 me
1109 3759 1270 3825 maledicti
1292 3767 1356 3829 etc.

192 3860 230 3921 ln
251 3856 347 3940 hujus
368 3861 496 3942 signum
518 3862 580 3926 boc
611 3881 701 3926 mare
734 3883 863 3947 semper
885 3867 986 3929 fumat
1016 3874 1180 3951 tamquam
1212 3865 1356 3928 caminus

191 3961 325 4044 interni,
347 3972 379 4026 et
400 3982 633 4050 quemcumque
656 3969 760 4033 locum
781 3989 885 4053 vapor
910 3972 966 4035 ille
988 3973 1165 4055 contingit,
1187 3989 1259 4034 eurn
1281 3971 1357 4032 infi-

191 4067 237 4133 cit
262 4067 470 4153 sterilemque
492 4080 525 4133 et
558 4073 703 4138 inutilem
725 4073 829 4136 reddit
855 4077 895 4138 ab
916 4085 1052 4164 utraque
1073 4085 1167 4159 parte
1189 4069 1304 4158 maris,
1325 4084 1357 4138 et

191 4171 362 4256 sialiquid
384 4182 573 4256 generatum
596 4177 706 4262 fuerit,
729 4179 844 4242 inutile
861 4189 969 4243 tamen
992 4188 1054 4244 eat.
1100 4181 1250 4245 Vidimus
1272 4181 1356 4246 enim

190 4279 235 4340 ibi
255 4297 349 4361 poma
379 4280 449 4360 illa,
473 4279 513 4344 de
535 4281 652 4365 quibus
674 4284 841 4368 Josephus
875 4295 906 4349 et
928 4287 1089 4369 Magister
1116 4287 1149 4350 in
1177 4303 1237 4350 suo
1259 4285 1355 4370 spec.
