2962 5022
180 687 405 774 auspicabatur
432 683 495 747 sibi
515 683 678 748 cecidisse
698 685 883 767 pecaniam,
915 683 1107 747 festinavit
1149 690 1187 744 et
1211 698 1274 774 nos
1295 693 1382 760 pere·

181 794 266 878 grini
287 809 359 854 oum
382 807 438 870 eo;
459 789 679 872 quaesivimus
700 793 817 867 autem,
839 790 977 854 sednon
1003 789 1230 869 invenimus,
1249 780 1382 862 vestigia

180 899 288 964 omnia
316 894 368 957 aui
393 894 550 988 transitus
580 893 805 976 lustravimus,
838 895 896 957 sed
925 897 958 958 iu
980 913 1123 956 vanum
1144 888 1380 954 laboravimus.
1450 907 1451 914 ι

181 1001 312 1066 Solebat
346 1005 453 1062 autem
483 1018 541 1082 pro
578 1009 682 1084 certo,
710 1001 772 1062 sibi
800 1001 970 1084 pecuniam
1001 999 1126 1061 solum
1142 1000 1197 1060 -in
1231 995 1289 1056 illo
1317 991 1380 1050 loco

179 1103 350 1170 cecidisse.
391 1103 514 1168 Locum
536 1123 614 1188 ergo
644 1107 816 1169 circuimus
837 1113 869 1168 et
902 1122 1022 1168 arenas
1065 1121 1176 1165 manu
1202 1098 1378 1161 evertimus

180 1221 215 1278 et
236 1208 497 1292 observavimus,
520 1227 562 1272 ue
582 1211 721 1293 Arabes,
741 1210 795 1272 vel
816 1210 996 1291 camelarii,
1021 1219 1087 1272 aut
1111 1204 1278 1283 asinarii,
1301 1213 1377 1281 quos

181 1317 270 1380 iures
303 1331 379 1378 esse
410 1331 510 1397 saepe
542 1314 829 1397 deprehendimus,
863 1314 1084 1395 accederent3
1124 1311 1193 1374 sed
1230 1307 1307 1370 dum
1330 1301 1378 1362 diu

180 1421 310 1486 solliciti
329 1419 604 1502 quaesivissemus
626 1429 658 1482 et
677 1420 755 1483 nibil
773 1420 1022 1500 invenissemus,
1044 1417 1241 1502 pecuniam
1264 1412 1380 1472 inven-

179 1536 246 1589 tam
268 1541 344 1587 esse
365 1531 397 1585 et
417 1522 575 1586 sublatam
596 1521 762 1608 abaliquo
782 1524 891 1585 Arabe
909 1523 962 1585 vel
978 1523 1134 1585 asinario
1149 1515 1376 1602 judicavimus

181 1639 213 1696 et
234 1628 344 1694 babitu
365 1628 447 1691 inter
463 1646 524 1691 uus
546 1628 784 1709 deliberatione,
801 1628 959 1711 quomodo
976 1647 1042 1690 rem
1063 1646 1180 1710 agere
1203 1620 1375 1692 vellemus,

180 1743 216 1798 ut
237 1731 405 1816 pecuniam
428 1733 584 1794 rehabere
605 1751 792 1814 possemus,
815 1711 997 1816 optavimus
1025 1732 1161 1795 licitum
1188 1730 1278 1806 fore,
1304 1721 1376 1782 mit-

179 1847 249 1901 tere
270 1846 376 1899 sortes
402 1843 434 1896 et
452 1855 511 1917 per
531 1844 638 1900 sortes
665 1838 842 1920 inquirere,
865 1840 950 1901 siout
974 1838 1103 1899 Josuae
1128 1835 1213 1898 Vll.
1261 1825 1372 1890 Achae

185 1942 237 2006 lur
258 1941 410 2002 inventus
441 1948 545 2002 estet
576 1923 1367 2026 Jouotbasosumeocipiens,t.Reg.X1V

180 2045 247 2150 Sed
273 2063 337 2108 non
372 2043 493 2108 licuit
483 2064 516 2106 ιιι
548 2046 610 2109 boo
628 2064 707 2110 casu
734 2057 853 2110 sortem
887 2049 1028 2132 mittere,
1052 2049 1136 2129 qnia
1171 2034 1370 2126 prohibitum

181 2131 271 2218 Exlr.
295 2149 336 2212 de
356 2148 464 2213 Sortil.
489 2151 524 2214 C.
549 2153 577 2214 1.
613 2149 838 2234 cogitavimus
860 2170 938 2234 ergo
960 2161 994 2213 et
1016 2151 1263 2224 conclusimus,
1286 2129 1368 2223 quo(l
1450 2187 1451 2200 t

182 2273 295 2321 omnm
315 2253 461 2338 Arabes,
492 2257 681 2320 camelarios
708 2267 740 2319 et
769 2258 945 2338 asinarius,
979 2259 1156 2339 quierant
1187 2251 1367 2316 nobiscum,

183 2363 342 2426 vellemus
362 2363 395 2424 in
417 2379 515 2424 uuum
538 2363 600 2443 (b)
623 2368 839 2443 congregatos
870 2361 1057 2445 obsecrare,
1088 2370 1126 2423 ut
1150 2347 1366 2420 restituerent
1450 2387 1451 2404 r

183 2469 372 2550 pecuniam,
405 2466 481 2547 quia
512 2465 541 2527 si
569 2475 686 2548 sponte
717 2466 846 2530 tradere
883 2465 1021 2548 nollent,
1051 2476 1129 2528 tunc
1160 2468 1284 2525 contra
1313 2461 1366 2509 e⁰³

182 2570 342 2632 vellemus
363 2571 549 2651 insurgere,
572 2571 753 2654 captivare,
775 2570 913 2652 nudare,
936 2579 1122 2652 percutere,
1153 2574 1314 2647 torquere
1334 2555 1365 2610 et
1450 2611 1451 2636 ,

184 2677 362 2758 castigare,
384 2673 488 2737 donec
510 2674 700 2756 redderent,
723 2693 851 2738 eramus
872 2676 956 2736 enim
982 2673 1092 2756 plures
1119 2691 1222 2754 quam
1246 2661 1311 2747 ips!
1332 2661 1362 2715 ⁰1

186 2779 291 2860 magis
313 2777 460 2857 dispositi
482 2776 522 2838 ad
544 2719 744 2840 infereud'am
766 2799 844 2848 vom.
887 2778 944 2840 Sio
965 2779 1100 2877 oonsilio
1124 2774 1286 2839 oouoluso
1307 2777 1361 2824 us·

187 2882 297 2944 censis
318 2880 421 2942 asinis
441 2881 675 2961 praecedentes
695 2881 838 2944 camelos
860 2885 964 2945 secuti
984 2901 1096 2944 sumus
1118 2901 1193 2944 cum
1218 2869 1359 2940 tristitia,
1450 2869 1451 2898 ¹

186 2987 235 3049 ira
256 2993 289 3048 et
318 2980 539 3066 indignatione
562 2995 603 3047 et
635 2985 677 3048 ad
705 3005 763 3049 eos
790 2988 959 3049 venientes
991 2988 1073 3050 tort
1066 3006 1093 3048 rs
1121 2986 1271 3050 vultibus
1304 2983 1359 3034 eos

189 3089 389 3173 respeximus
417 3088 599 3172 Calinoque
630 3090 769 3154 diximus
790 3093 948 3155 intentum
976 3101 1138 3174 nostrum,
1167 3085 1254 3172 quod
1285 3079 1356 3142 dum

189 3195 370 3260 audivisset
391 3192 549 3277 culmus,
572 3197 719 3259 turbatus
750 3206 800 3259 est
820 3204 853 3258 et
873 3199 1061 3260 convocatis
1083 3195 1250 3274 omnibus,
1280 3193 1408 3268 (1⁰⁰⁸

188 3310 359 3383 suspectos
380 3299 569 3381 babuimus,
600 3303 714 3383 petivit
736 3281 915 3383 opportune
941 3310 973 3362 et
1000 3303 1198 3384 importune,
1232 3281 1356 3360 restitui

189 3425 300 3468 aurum
322 3408 498 3492 inventum.
542 3404 608 3468 Sed
631 3424 695 3466 non
715 3413 783 3466 erat
789 3406 877 3487 ,qui
901 3424 1011 3467 verum
1039 3405 1257 3487 responderet.
1287 3391 1356 3457 Ν08

189 3510 285 3573 etiarn
308 3527 366 3572 eos
391 3483 593 3591 rogavimus,
617 3518 652 3571 ut
671 3509 834 3571 traderent
855 3518 888 3570 et
918 3510 1077 3572 inventori
1099 3527 1215 3572 munus
1236 3495 1354 3588 promi·

189 3615 307 3694 umus,
340 3612 398 3676 sed
420 3613 497 3676 nibil
520 3614 732 3697 proiecimns3
766 3615 814 3676 sio
847 3633 924 3697 ergo
946 3617 1110 3678 amaricati
1145 3622 1180 3675 et
1207 3598 1354 3696 commoti
1450 3621 1451 3704 j

188 3720 409 3801 processimus
426 3727 463 3779 et
485 3720 589 3781 minas
616 3720 664 3781 eis
687 3719 834 3782 dedimus
874 3738 996 3802 eosque
1026 3729 1231 3800 prosternere
1252 3702 1352 3777 conati

189 3837 302 3884 sumus
323 3830 355 3882 et
377 3838 475 3883 orrera
496 3819 655 3905 dejicere,
682 3833 714 3886 et
739 3824 857 3886 milites
879 3825 1063 3906 evaginatis
1083 3823 1200 3906 gladiis
1230 3818 1353 3886 stabant

189 3933 223 3991 ct
246 3924 366 3987 nullum
388 3925 561 4007 praeterire
592 3928 827 4005 permittebant.
872 3927 1031 3990 Videutes
1059 3939 1163 3991 autem
1193 3917 1350 3991 camelarii
1450 3999 1451 4014 χ

189 4038 225 4096 ei
244 4030 375 4097 asiuarii
391 4029 511 4092 serium
534 4038 676 4092 nostrum
701 4039 734 4092 et
748 4031 833 4112 quod
854 4032 1067 4115 importunius
1085 4051 1270 4116 egeremus,
1286 4038 1352 4092 stn-

189 4134 309 4221 peiacti
330 4146 422 4218 suut,
450 4143 598 4218 petentes
620 4133 786 4218 calinum,
817 4145 854 4198 ut
881 4135 1010 4198 sedaret
1032 4138 1172 4200 furorem
1204 4145 1351 4210 nostrum,
1450 4193 1451 4200 ,

188 4261 231 4305 ue
251 4243 440 4304 innocentes
461 4241 617 4304 violentia
636 4243 849 4304 turbarentur.
894 4239 1021 4318 Quibus
1043 4239 1177 4304 Calinus
1202 4242 1349 4302 intentum

188 4352 335 4410 rroatrum
350 4345 516 4426 exposuit,
539 4344 667 4425 dicens,
699 4344 783 4427 quod
804 4346 906 4426 primo
923 4343 1082 4406 vellemus
1103 4363 1229 4406 omnem
1248 4341 1350 4425 supel·
1450 4352 1451 4369 ¹

187 4443 326 4504 leotilem
350 4463 458 4504 eorum
480 4449 513 4507 in
534 4447 666 4508 camelis
693 4457 725 4509 et
746 4449 846 4509 asinis
871 4454 1018 4508 evertere
1041 4455 1074 4510 et
1095 4447 1291 4529 perscrutari
1312 4453 1346 4524 et,

189 4541 219 4597 si
239 4543 406 4614 pecuniam
427 4563 491 4606 nou
513 4549 742 4628 inveniremus,
759 4551 792 4611 iu
813 4567 869 4612 eos
890 4548 1049 4614 vellemus
1068 4553 1189 4638 irruere
1209 4558 1240 4612 et
1257 4567 1348 4631 usqae
