3016 4872
187 365 376 454 praecipitio
404 365 540 432 eolnsna
572 365 752 450 exspiravit
783 372 817 428 et
843 363 889 431 ita
923 385 1058 451 Quum
1078 367 1355 450 Jeroselymitenu

186 475 303 538 lterum
331 487 411 554 rege
437 473 549 534 cmuit.
592 471 667 534 Hoc
687 472 823 554 contigit
843 488 927 540 antro
948 472 1079 536 Domini
1095 470 1185 536 1197.
1228 471 1355 536 Deuade

186 575 221 640 in
241 593 326 640 anno
346 576 497 658 sequenti
512 575 676 638 ,innumeri
696 595 756 658 per
775 594 864 640 mare
884 575 998 640 fideles
1015 577 1354 658 inAoconvenernnt,
1449 571 1452 576 ’

186 682 221 743 iu
240 679 473 744 redemtionem
487 678 673 743 Jerusalem
695 682 819 762 parati3
840 679 901 744 sed
916 681 992 764 quia
1013 700 1077 744 non
1099 689 1169 744 erat
1182 682 1355 746 rectioncc

186 801 246 847 rex
266 785 300 845 tn
321 791 407 845 terra
426 792 561 868 sancta,
595 781 743 866 dilapsus
765 792 817 847 eat
837 785 999 861 exercitus
1040 793 1075 848 et
1105 786 1177 848 sine
1208 783 1354 866 proiectu

186 886 228 951 ad
249 889 377 970 propria
397 885 560 951 redierunt
581 887 694 951 multis
713 889 747 950 in
768 906 889 952 vanum
909 891 1088 952 consumtis
1107 890 1265 970 pecuniis.

74 999 77 1006 '
188 1047 193 1056 .
266 993 349 1056 Post
370 991 440 1055 ¹lroc
467 977 551 1056 anno
575 992 704 1057 Domini
733 991 872 1057 nccu.
896 993 951 1057 die
970 993 1077 1056 XXX.
1104 993 1215 1057 Martii
1247 998 1355 1054 terras
1430 979 1442 994 “

184 1106 291 1162 motus
323 1098 430 1162 factus
456 1106 508 1160 est
540 1103 651 1160 tantus
676 1096 846 1180 insyria,
874 1107 1014 1182 quantus
1034 1115 1100 1161 non
1121 1099 1214 1162 visus
1229 1127 1234 1148 ›
1249 1097 1355 1160 iuerat

185 1209 219 1266 ot
249 1202 368 1266 civitas
402 1201 589 1264 Aconensis
636 1209 798 1282 prostrata
825 1208 877 1264 est
914 1221 987 1266 cum
1020 1203 1151 1285 palatiis
1179 1210 1214 1266 at
1244 1199 1355 1266 moltis

184 1306 351 1388 appositis.
392 1303 450 1368 Sic
470 1314 503 1368 et
525 1306 559 1366 in
580 1303 653 1367 aliis
676 1305 864 1368 civitatibus
885 1309 1033 1388 contigit.

221 1409 353 1472 .·.Dein
385 1426 468 1471 anno
489 1409 620 1472 Domini
642 1409 733 1473 tata
767 1408 931 1472 celebrata
959 1411 1019 1473 init
1039 1409 1185 1493 synodus
1216 1406 1355 1472 maxima

184 1511 311 1576 Romae
331 1510 416 1594 apud
426 1511 622 1574 Lateranum
645 1513 685 1574 ab
706 1513 892 1576 Innocentio
906 1515 963 1578 ill.
988 1514 1084 1595 hujus
1103 1507 1353 1600 nominisPapa‚

183 1618 218 1681 in
240 1635 303 1700 quo
333 1614 470 1689 concino
500 1616 651 1680 dicuntur
683 1615 785 1678 fnisse
805 1611 931 1680 MCCC
957 1619 1120 1702 episcopi,
1161 1619 1243 1680 inter
1272 1629 1354 1699 quos

184 1721 246 1784 init
267 1719 415 1783 domiuus
436 1719 548 1802 Falco,
570 1722 743 1802 episcopus
764 1720 977 1804 Tlmlosanns,
1000 1723 1051 1802 vir
1070 1722 1355 1804 insignis„secum
1384 1763 1386 1768 -

184 1827 311 1891 babens
344 1833 494 1890 sanctum
515 1825 738 1910 nomioicum,
778 1844 850 1890 cum
884 1846 948 1911 quo
979 1827 1203 1890 Innocentium
1231 1823 1354 1902 Papam

185 1929 264 1994 adiit
284 1938 318 1993 et
338 1929 613 2020 confirmationem
627 1928 768 2015 Ordinis,
790 1931 846 2014 qni
866 1932 983 1995 dicitur
1001 1931 1274 2009 Praedicatorum,
1294 1943 1356 2008 pe-

186 2036 274 2119 tivit,
310 2052 449 2116 cumque
469 2052 553 2117 papa
573 2035 720 2117 primitus
742 2035 905 2100 difficilem
935 2055 975 2100 so
994 2037 1178 2119 exhiberet,
1208 2032 1291 2098 vidit
1321 2030 1355 2094 in

185 2140 331 2216 somniis,
350 2137 437 2222 quod
456 2138 687 2204 [lateranensis
716 2141 870 2224 ecclesia,
904 2144 981 2223 qnia
1010 2143 1080 2204 suis
1109 2136 1355 2222 compaginibus

187 2244 345 2326 resoluta,
369 2261 501 2325 gravem
523 2243 629 2306 subito
651 2245 827 2308 minaretur
848 2247 971 2308 ruinam
978 2290 988 2326 ‚
1005 2243 1066 2308 sed
1085 2248 1136 2307 air
1156 2245 1218 2307 Dei
1238 2240 1354 2304 Domi-

186 2349 281 2412 nicus
302 2347 441 2411 occurrit
469 2356 502 2410 et
531 2355 630 2410 totam
661 2348 750 2412 illam
782 2350 937 2412 fabricam
965 2351 1114 2411 murana
1140 2345 1353 2410 sustentabat.

186 2454 310 2536 Sioque
332 2469 427 2514 mane
458 2460 572 2516 sancto
593 2452 761 2515 Dominico
787 2453 948 2514 accersito
969 2454 1168 2532 propositum
1188 2467 1354 2514 commen-

188 2556 279 2620 davit
321 2563 355 2618 et
386 2556 547 2637 petionem
580 2565 672 2618 auam
712 2555 855 2620 hilariter
888 2557 1089 2638 acceptavit3
1129 2573 1212 2617 anno
1247 2561 1354 2615 autern

187 2661 336 2746 sequenti
355 2659 628 2722 confirmationem
650 2655 783 2722 Ordinis
804 2662 941 2725 obtinuit
962 2663 1001 2726 ab
1028 2661 1170 2724 Honorio
1191 2659 1246 2721 lll.

186 2805 191 2816 ·
270 2764 370 2840 Porro
406 2770 536 2845 practer
563 2761 806 2828 ecclesiasticos
838 2769 927 2832 viros
958 2770 1133 2852 episcopos
1163 2765 1292 2828 fuerunt
1321 2757 1355 2820 in

187 2869 275 2936 dicto
295 2869 431 2942 concilio
450 2867 677 2949 Patriarchae,
702 2869 995 2954 Jerosolymitanus
1026 2882 1059 2936 et
1080 2867 1356 2950 Constantinopo-

189 2976 318 3058 litauus,
338 2973 430 3037 multi
452 2970 574 3037 Graeci
595 2980 629 3035 et
648 2973 787 3036 Mmaui
805 2977 931 3059 imperii
951 2978 1066 3060 legati,
1092 2994 1204 3059 regum
1226 2955 1355 3056 quoque

188 3080 391 3156 Jerusalem,
420 3078 594 3160 liranciae,
615 3078 811 3162 Hispaniae,
842 3081 984 3164 Angliae
1012 3091 1045 3145 et
1070 3080 1173 3164 Cypri
1201 3085 1354 3141 oratores.

186 3186 232 3248 lllt
252 3184 401 3267 quamvis
421 3184 456 3245 in
476 3200 515 3245 eo
537 3182 673 3265 concilio
692 3184 800 3246 editae
821 3185 940 3248 fuerint
961 3186 1081 3249 multae
1104 3186 1255 3248 salubres.
1274 3197 1355 3243 oon·
1479 3240 1483 3258 Ι

188 3290 387 3370 stitutioues,
418 3285 606 3370 principalis
631 3295 741 3350 nmen
772 3296 928 3353 tractatus
958 3291 1019 3354 init
1046 3290 1087 3364 de
1114 3287 1355 3371 recuperatione

190 3399 297 3456 terrae
329 3399 464 3456 amase
503 3399 535 3454 et
565 3391 775 3474 Jerusalem,
817 3404 851 3458 et
879 3394 1024 3459 subsidio
1060 3394 1102 3459 ad
1139 3394 1236 3475 hujus
1269 3389 1356 3454 modi

189 3514 273 3580 opus
294 3505 326 3560 et
347 3496 389 3560 de
405 3495 702 3579 praedicationibus
722 3500 829 3562 crucis
851 3508 884 3561 et
898 3500 1137 3582 signationibus
1147 3507 1181 3561 et
1192 3498 1354 3580 agminum

189 3611 225 3664 et
244 3602 443 3666 exercituum
463 3601 652 3684 capitaneis.
670 3619 672 3626 ·
693 3601 788 3667 Unde
801 3609 973 3688 atcmpore
994 3603 1080 3667 illius
1099 3603 1226 3666 concilii
1240 3603 1355 3666 beatus

187 3707 380 3773 nominoe
401 3707 535 3772 nutrivit
555 3706 697 3788 barbam,
718 3715 755 3770 ut
786 3725 860 3771 cum
881 3708 1035 3774 militibus
1055 3707 1095 3772 ad
1116 3726 1257 3792 pugnam
1278 3724 1356 3789 pro-

188 3811 320 3878 cederet
336 3819 451 3876 contra
470 3811 668 3876 Sarraccm
687 3810 852 3895 infideles,
873 3815 959 3878 sieut
988 3815 1054 3878 iam
1084 3813 1184 3876 multo
1211 3820 1356 3893 ternpore

189 3915 403 4002 praedicando
423 3923 625 4001 pugnaverat
640 3926 753 3980 contra
765 3917 946 3982 haereticos
955 3918 1163 4001 Albigeuses,
1186 3917 1357 3997 iactusque

189 4031 240 4087 est
260 4030 335 4106 post
354 4021 418 4086 lm'c
438 4020 611 4086 aeneidum
632 4021 788 4086 mirabilis
807 4023 996 4106 populorum
1017 4021 1263 4086 occidentalium
1297 4037 1356 4102 pro
1412 4058 1414 4062 .

188 4127 377 4192 libarnione
399 4124 587 4191 Jerusalem
617 4134 651 4190 et
681 4135 787 4190 terrac
824 4131 959 4190 motae
997 4139 1185 4190 concursus.
1233 4123 1373 4190 uocem.

188 4225 1355 4317 nimtemporepuertparvinemguonraooommetnneutootcomm
