2896 4872
486 247 822 344 Μ.

187 461 290 544 igitur
309 461 456 526 dominus
476 459 660 529 Minoas.
688 477 748 524 rex
774 451 966 543 quomrum
994 459 1136 544 negotiis
1160 455 1291 524 arduis·

99 569 343 648 requirent-ibus
366 565 533 631 deseendit
568 583 588 627 a
619 564 803 628 Jerusalem
835 563 1113 649 indulcabitur,
1144 565 1178 628 in
1206 581 1272 649 qua

100 673 253 734 existens
269 673 303 734 in
323 689 459 754 gravem
479 669 592 734 incidit
612 669 846 751 infirmitatem
873 675 928 754 qut
949 677 1085 734 mortem
1105 669 1171 736 sibi
1189 685 1270 734 seu·

101 778 191 840 tiens
209 777 377 839 imminere
401 775 651 861 'periculumque
670 774 823 856 berytum
845 791 884 838 se
908 774 1071 858 deportari
1092 774 1180 844 lecit.
1221 773 1271 838 lbi

100 882 252 944 existens
279 883 372 963 regni
392 883 445 944 sni
466 879 641 963 praelatos,
661 879 748 942 sicut
769 887 802 942 et
821 879 994 963 pompos,
1016 878 1058 944 ad
1079 895 1118 942 se
1140 877 1271 944 evocari

98 986 190 1064 fecit,
223 987 339 1069 quibus
370 984 410 1045 in'
430 981 599 1064 provincia
619 1001 679 1046 sua
700 984 885 1061 constitutis
906 983 1003 1048 tidem
1024 1001 1117 1048 ruam
1148 984 1203 1066 pie
1231 999 1272 1050 ae

67 1087 72 1093 “
98 1092 258 1175 religiose
278 1088 655 1170 articulatim'aperieus,
675 1077 882 1171 pontificibus
903 1098 1039 1171 peecata
1066 1106 1138 1154 curn
1172 1087 1273 1150 inulta

98 1198 298 1262 contritione
314 1193 490 1284 confitens,
510 1193 670 1256 aerumnis
687 1192 1001 1276 solutus-ergastulo
1021 1194 1159 1258 aninam
1171 1192 1272 1261 ecelis

97 1302 212 1368 intulit
226 1319 311 1364 anuo
324 1297 453 1362 Domini
472 1296 653 1361 McbllVl.
677 1297 729 1360 die
749 1299 802 1362 aa·
827 1298 1006 1364 Februarii.
1049 1297 1132 1379 Ejus
1152 1315 1272 1382 seruus

100 1393 361 1488 transportatum
393 1405 426 1468 in
443 1402 623 1466 Jerusalem
660 1412 693 1466 et
720 1403 806 1466 inter
831 1387 910 1468 suos
935 1401 1208 1486 praedecessores
1237 1404 1272 1468 io

102 1510 248 1575 ecclesia
267 1507 415 1575 dominici
436 1507 598 1590 sepulchri
619 1507 782 1588 sepultum
802 1517 863 1572 est.
902 1509 1031 1575 Dicitur
1045 1517 1165 1590 autem,
1184 1505 1286 1592 qnod

102 1617 139 1678 in
158 1614 293 1698 quadam
315 1613 477 1676 medicina·
492 1612 556 1677 sibi
577 1631 739 1675 venenum
762 1612 1089 1697 fuerit'propinatum‚
1117 1615 1195 1698 quia
1216 1633 1271 1678 re-

102 1718 252 1800 siduum,
281 1718 367 1802 quod
398 1719 468 1800 regi
503 1735 644 1780 sumere·
664 1717 849 1783 mandatum
882 1719 1010 1803 luerat,
1040 1739 1124 1804 pane
1162 1711 1271 1784 inluso
1299 1783 1304 1792 ,

100 1823 228 1887 cuidam
261 1822 379 1886 entello
413 1820 565 1884 traditum
596 1822 706 1884 statim
739 1831 864 1886 mortua
891 1833 955 1892 est.
995 1824 1130 1890 uanum
1162 1832 1269 1888 autern

99 1930 265 1992 tristitiam
286 1929 321 1990 in
339 1925 427 1988 nullo
449 1943 550 2007 reguo
568 1944 626 2007 pro
648 1934 750 1988 morte
764 1926 902 2011 alicujus
922 1930 1077 2013 principis
1090 1929 1270 2012 exstitisse,
1300 1985 1306 1992 .
1399 2007 1404 2016 Ι

101 2032 194 2094 nulla
219 2029 355 2094 historia
386 2029 493 2092 tradit.
534 2029 651 2092 llertur
682 2031 899 2115 nihilominus,
921 2042 960 2107 et
980 2017 1093 2100 bootes
1123 2033 1199 2096 bdei
1223 2031 1272 2100 ,de

103 2143 208 2198 morte
233 2135 304 2216 ejus
326 2134 480 2215 doluisse,
501 2133 805 2216 ita‚utquibusdam
828 2137 1081 2220 suggerentibus
1090 2137 1269 2218 Noradino,

85 2240 381 2304 Damascenorum
400 2241 480 2320 regi,
506 2248 550 2320 ut,
569 2257 655 2311 eum,
668 2239 834 2303 christiani
861 2240 961 2304 doces
979 2243 1012 2306 in
1034 2242 1145 2305 multis
1159 2247 1270 2304 essent
1289 2325 1292 2334 1

102 2345 264 2426 occupati,
287 2342 372 2406 fines
390 2342 900 2426 nostrosingrederetur,·dicitur
921 2347 1144 2430 tmpondisse:
1167 2346 1269 2411 Com-

100 2449 290 2531 patiendum
322 2456 373 2531 est
412 2451 446 2510 bt
477 2449 617 2510 humane
644 2439 875 2532 indulgendum
903 2450 996 2534 justo
1025 2471 1136 2516 eorum
1165 2451 1267 2518 dolori

101 2571 157 2633 eo,
188 2554 275 2638 qnod
303 2551 480 2636 principem
508 2553 704 2636 summunt,
734 2555 864 2636 qualem
896 2555 1040 2642 reliquus
1068 2557 1165 2622 hodia
1202 2574 1267 2622 nou

101 2658 200 2721 lrabet
221 2658 317 2722 orbis.

442 2824 493 2886 Da
513 2836 608 2891 sexto
625 2843 709 2910 rege
728 2825 922 2892 Jerusalem.

189 2972 497 3039 nominmunuoino
519 2995 596 3060 rege
616 2977 889 3061 lerosolymitano
919 2977 1072 3044 neronom
1103 2979 1268 3043 successit

106 3079 138 3138 ci
172 3078 207 3139 in
225 3077 352 3143 'eudem
382 3081 514 3143 civitate
544 3090 657 3144 saneta
686 3083 874 3145 Latinorum
906 3102 965 3147 rex
991 3083 1049 3148 Vl.
1072 3084 1267 3164 Almaricua,

106 3182 207 3244 frater
227 3181 369 3244 defuncti
391 3185 487 3267 regis,
509 3203 593 3247 auno
614 3185 743 3250 Domini
753 3185 949 3271 ucnxlu„
971 3199 1004 3252 et
1026 3190 1175 3271 regnavit
1203 3173 1276 3251 ΧΠ

106 3287 200 3348 annis
220 3287 254 3347 iu
275 3283 467 3350 Jerusalem.
509 3287 711 3353 Fuit-autem
733 3292 787 3355 lric
807 3291 992 3357 Almaricus
1014 3295 1064 3358 vir
1093 3295 1267 3376 experien-

105 3391 148 3453 tia
185 3393 345 3456 saeculari
366 3381 571 3475 'praeditum
605 3395 748 3477 prudens
791 3396 958 3461 admodum
995 3406 1030 3461 et
1061 3399 1095 3462 ln
1131 3398 1266 3482 agendis
1309 3415 1312 3422 ·

102 3491 366 3578 circumspectus,
389 3497 532 3562 modicae
553 3507 661 3561 tamen
683 3501 894 3582 litteraturae,
915 3501 1119 3589 sediugenii
1139 3503 1266 3568 vivaci·

103 3601 188 3680 tate,
231 3600 406 3662 memoriae
443 3601 604 3666 beneiicio
645 3607 728 3668 satis
760 3603 928 3674 commode
955 3606 1140 3669 instructus.
1192 3607 1268 3670 Fuit
1359 3662 1363 3670 ,

103 3703 221 3783 etiam,
254 3703 340 3784 quod
372 3708 485 3788 negari
516 3725 582 3769 non
614 3717 740 3810 potest,
774 3707 932 3792 pecuniae
975 3709 1130 3794 cupidus,
1169 3728 1268 3794 supra

102 3821 196 3887 quam
217 3807 339 3888 regiam
362 3807 493 3874 deceret
515 3810 715 3894 dignitatern,
740 3813 799 3875 sed
821 3815 855 3876 iu
879 3815 970 3898 regni
990 3817 1185 3880 necessariis
1206 3831 1269 3878 nec

105 3911 255 3988 expensis
275 3914 427 3992 pareemt
448 3931 510 3976 nec
532 3916 652 3996 proprii
672 3917 817 3999 corporis
835 3917 1024 4001 fatigatione
1045 3919 1265 3984 revocabatur.

105 4009 243 4094 suisque
263 4015 296 4075 in
318 4013 414 4078 rebus
430 4017 557 4082 bellicis
572 4028 735 4102 strenuus,
757 4039 833 4083 uam
851 4021 1058 4102 praecedenti
1078 4041 1163 4090 anno
1176 4022 1267 4106 regni
1381 4037 1384 4044 ⁴

105 4113 156 4176 sui
176 4113 376 4199 (iurgantem
396 4120 632 4205 Aegyptiorum
666 4123 780 4190 ducem
799 4141 803 4148 ’
819 4125 852 4186 in
873 4125 996 4210 proelio
1028 4126 1117 4191 edita
1143 4127 1267 4209 ingenti

106 4215 206 4280 eacdo
234 4218 387 4287 divinitus
408 4227 587 4311 superavit,
609 4247 674 4310 quo
695 4237 847 4311 superato
869 4229 1099 4294 Alexandriam
1130 4227 1265 4314 obsedit,

89 4336 200 4404 -quam
221 4321 421 4408 Syraeantu,
442 4330 617 4396 tumorum
640 4331 1000 4414 praeeminentiam
1031 4351 1090 4416 per
1121 4330 1264 4408 trandum
