<?xml version="1.0" encoding="UTF-8"?>
<!DOCTYPE html PUBLIC "-//W3C//DTD XHTML 1.0 Transitional//EN"
    "http://www.w3.org/TR/xhtml1/DTD/xhtml1-transitional.dtd">
<html xmlns="http://www.w3.org/1999/xhtml" xml:lang="en" lang="en">
 <head>
  <title>
</title>
<meta http-equiv="Content-Type" content="text/html;charset=utf-8" />
  <meta name='ocr-system' content='tesseract 3.04.00' />
  <meta name='ocr-capabilities' content='ocr_page ocr_carea ocr_par ocr_line ocrx_word'/>
</head>
<body>
  <div class='ocr_page' id='page_1' title='image "./fratrisfelicisf02fabrgoog_0107.png"; bbox 0 0 2954 4914; ppageno 0'>
   <div class='ocr_carea' id='block_1_1' title="bbox 131 533 1444 4498">
    <p class='ocr_par' dir='ltr' id='par_1_1' title="bbox 131 533 1444 4498">
     <span class='ocr_line' id='line_1_1' title="bbox 195 533 1444 630; baseline -0.009 -22"><span class='ocrx_word' id='word_1_1' title='bbox 195 545 259 608; x_wconf 90' lang='lat' dir='ltr'><strong>imo</strong></span> <span class='ocrx_word' id='word_1_2' title='bbox 295 545 454 630; x_wconf 76' lang='lat' dir='ltr'>propriam</span> <span class='ocrx_word' id='word_1_3' title='bbox 492 539 714 607; x_wconf 77' lang='lat' dir='ltr'><strong>dormitionem</strong></span> <span class='ocrx_word' id='word_1_4' title='bbox 755 544 931 628; x_wconf 86' lang='lat' dir='ltr'><strong>negligunt.</strong></span> <span class='ocrx_word' id='word_1_5' title='bbox 1000 545 1051 608; x_wconf 70' lang='lat' dir='ltr'><strong>titt</strong></span> <span class='ocrx_word' id='word_1_6' title='bbox 1092 537 1264 623; x_wconf 85' lang='lat' dir='ltr'><strong>exemplo</strong></span> <span class='ocrx_word' id='word_1_7' title='bbox 1298 536 1393 600; x_wconf 88' lang='lat' dir='ltr'><strong>horon</strong></span> <span class='ocrx_word' id='word_1_8' title='bbox 1443 533 1444 560; x_wconf 66' lang='lat'>¹</span> 
     </span>
     <span class='ocr_line' id='line_1_2' title="bbox 196 647 1393 734; baseline -0.011 -22"><span class='ocrx_word' id='word_1_9' title='bbox 196 649 294 731; x_wconf 79' lang='lat' dir='ltr'><strong>aliqui</strong></span> <span class='ocrx_word' id='word_1_10' title='bbox 315 648 481 734; x_wconf 73' lang='lat' dir='ltr'><strong>simplices</strong></span> <span class='ocrx_word' id='word_1_11' title='bbox 503 649 682 712; x_wconf 75' lang='lat' dir='ltr'><strong>mechanici</strong></span> <span class='ocrx_word' id='word_1_12' title='bbox 701 651 847 731; x_wconf 85' lang='lat' dir='ltr'><strong>acceptis</strong></span> <span class='ocrx_word' id='word_1_13' title='bbox 867 650 1082 714; x_wconf 88' lang='lat' dir='ltr'><strong>carbonibus</strong></span> <span class='ocrx_word' id='word_1_14' title='bbox 1105 665 1180 710; x_wconf 89' lang='lat' dir='ltr'><strong>sua</strong></span> <span class='ocrx_word' id='word_1_15' title='bbox 1203 647 1322 726; x_wconf 86' lang='lat' dir='ltr'><strong>ignota</strong></span> <span class='ocrx_word' id='word_1_16' title='bbox 1345 657 1393 700; x_wconf 94' lang='lat' dir='ltr'><strong>no-</strong></span> 
     </span>
     <span class='ocr_line' id='line_1_3' title="bbox 196 743 1442 838; baseline -0.006 -22"><span class='ocrx_word' id='word_1_17' title='bbox 196 755 282 816; x_wconf 89' lang='lat' dir='ltr'><strong>mina</strong></span> <span class='ocrx_word' id='word_1_18' title='bbox 303 761 336 816; x_wconf 90' lang='lat' dir='ltr'><strong>et</strong></span> <span class='ocrx_word' id='word_1_19' title='bbox 357 771 436 816; x_wconf 88' lang='lat' dir='ltr'><strong>suae</strong></span> <span class='ocrx_word' id='word_1_20' title='bbox 458 753 647 817; x_wconf 71' lang='lat' dir='ltr'><strong>rusticitatis</strong></span> <span class='ocrx_word' id='word_1_21' title='bbox 677 754 772 838; x_wconf 84' lang='lat' dir='ltr'><strong>signa</strong></span> <span class='ocrx_word' id='word_1_22' title='bbox 802 753 983 836; x_wconf 87' lang='lat' dir='ltr'><strong>parietibus</strong></span> <span class='ocrx_word' id='word_1_23' title='bbox 1015 759 1229 836; x_wconf 88' lang='lat' dir='ltr'><strong>apponunt.</strong></span> <span class='ocrx_word' id='word_1_24' title='bbox 1278 743 1394 810; x_wconf 81' lang='lat' dir='ltr'><strong>Sedet</strong></span> <span class='ocrx_word' id='word_1_25' title='bbox 1441 767 1442 778; x_wconf 53' lang='lat'>¹</span> 
     </span>
     <span class='ocr_line' id='line_1_4' title="bbox 196 849 1395 942; baseline -0.01 -22"><span class='ocrx_word' id='word_1_26' title='bbox 196 857 306 920; x_wconf 89' lang='lat' dir='ltr'><strong>cleriei</strong></span> <span class='ocrx_word' id='word_1_27' title='bbox 340 867 372 921; x_wconf 90' lang='lat' dir='ltr'><strong>et</strong></span> <span class='ocrx_word' id='word_1_28' title='bbox 399 857 543 941; x_wconf 77' lang='lat' dir='ltr'><strong>religiosi</strong></span> <span class='ocrx_word' id='word_1_29' title='bbox 575 855 706 939; x_wconf 89' lang='lat' dir='ltr'><strong>quidam</strong></span> <span class='ocrx_word' id='word_1_30' title='bbox 743 877 859 942; x_wconf 82' lang='lat' dir='ltr'><strong>symea</strong></span> <span class='ocrx_word' id='word_1_31' title='bbox 890 858 1050 922; x_wconf 78' lang='lat' dir='ltr'><strong>fatuitate</strong></span> <span class='ocrx_word' id='word_1_32' title='bbox 1085 855 1285 940; x_wconf 83' lang='lat' dir='ltr'><strong>depravati</strong></span> <span class='ocrx_word' id='word_1_33' title='bbox 1324 849 1395 911; x_wconf 88' lang='lat' dir='ltr'><strong>iden</strong></span> 
     </span>
     <span class='ocr_line' id='line_1_5' title="bbox 197 952 1444 1044; baseline -0.01 -18"><span class='ocrx_word' id='word_1_34' title='bbox 197 961 357 1026; x_wconf 79' lang='lat' dir='ltr'><strong>faciehant</strong></span> <span class='ocrx_word' id='word_1_35' title='bbox 378 971 411 1026; x_wconf 90' lang='lat' dir='ltr'><strong>et</strong></span> <span class='ocrx_word' id='word_1_36' title='bbox 431 980 504 1028; x_wconf 88' lang='lat' dir='ltr'><strong>oum</strong></span> <span class='ocrx_word' id='word_1_37' title='bbox 524 964 683 1044; x_wconf 87' lang='lat' dir='ltr'><strong>incausto,</strong></span> <span class='ocrx_word' id='word_1_38' title='bbox 714 963 801 1044; x_wconf 91' lang='lat' dir='ltr'><strong>qnod</strong></span> <span class='ocrx_word' id='word_1_39' title='bbox 831 963 872 1026; x_wconf 92' lang='lat' dir='ltr'><strong>ad</strong></span> <span class='ocrx_word' id='word_1_40' title='bbox 890 971 1005 1026; x_wconf 86' lang='lat' dir='ltr'><strong>sancta</strong></span> <span class='ocrx_word' id='word_1_41' title='bbox 1036 963 1139 1039; x_wconf 77' lang='lat' dir='ltr'><strong>loca¹</strong></span> <span class='ocrx_word' id='word_1_42' title='bbox 1172 952 1396 1040; x_wconf 86' lang='lat' dir='ltr'><strong>consignanda</strong></span> <span class='ocrx_word' id='word_1_43' title='bbox 1443 995 1444 1014; x_wconf 52' lang='grc' dir='ltr'>ι</span> 
     </span>
     <span class='ocr_line' id='line_1_6' title="bbox 196 1057 1395 1150; baseline -0.006 -20"><span class='ocrx_word' id='word_1_44' title='bbox 196 1084 308 1130; x_wconf 88' lang='lat' dir='ltr'><strong>seeum</strong></span> <span class='ocrx_word' id='word_1_45' title='bbox 329 1067 479 1149; x_wconf 88' lang='lat' dir='ltr'><strong>tulerunt,</strong></span> <span class='ocrx_word' id='word_1_46' title='bbox 500 1069 643 1150; x_wconf 88' lang='lat' dir='ltr'><strong>parietes</strong></span> <span class='ocrx_word' id='word_1_47' title='bbox 668 1063 889 1146; x_wconf 69' lang='lat' dir='ltr'><strong>deturpabant.</strong></span> <span class='ocrx_word' id='word_1_48' title='bbox 939 1067 990 1129; x_wconf 86' lang='lat' dir='ltr'><strong>lle</strong></span> <span class='ocrx_word' id='word_1_49' title='bbox 1011 1067 1193 1131; x_wconf 84' lang='lat' dir='ltr'><strong>omnibus</strong></span> <span class='ocrx_word' id='word_1_50' title='bbox 1218 1064 1278 1128; x_wconf 90' lang='lat' dir='ltr'><strong>his</strong></span> <span class='ocrx_word' id='word_1_51' title='bbox 1299 1057 1395 1136; x_wconf 83' lang='lat' dir='ltr'><strong>miror,</strong></span> 
     </span>
     <span class='ocr_line' id='line_1_7' title="bbox 131 1158 1444 1258; baseline -0.011 -19"><span class='ocrx_word' id='word_1_52' title='bbox 131 1158 140 1177; x_wconf 81' lang='lat'><em>&#39;</em></span> <span class='ocrx_word' id='word_1_53' title='bbox 197 1172 282 1258; x_wconf 87' lang='lat' dir='ltr'><strong>quod</strong></span> <span class='ocrx_word' id='word_1_54' title='bbox 304 1191 369 1236; x_wconf 93' lang='lat' dir='ltr'><strong>non</strong></span> <span class='ocrx_word' id='word_1_55' title='bbox 388 1172 631 1238; x_wconf 86' lang='lat' dir='ltr'><strong>considerarunt</strong></span> <span class='ocrx_word' id='word_1_56' title='bbox 652 1169 789 1252; x_wconf 81' lang='lat' dir='ltr'><strong>vulgare</strong></span> <span class='ocrx_word' id='word_1_57' title='bbox 810 1168 941 1253; x_wconf 73' lang='lat' dir='ltr'><strong>hetam,</strong></span> <span class='ocrx_word' id='word_1_58' title='bbox 963 1171 1193 1254; x_wconf 81' lang='lat' dir='ltr'><strong>quodetiam</strong></span> <span class='ocrx_word' id='word_1_59' title='bbox 1215 1163 1394 1252; x_wconf 87' lang='lat' dir='ltr'><strong>puerisoia</strong></span> <span class='ocrx_word' id='word_1_60' title='bbox 1443 1193 1444 1218; x_wconf 72' lang='lat'>2</span> 
     </span>
     <span class='ocr_line' id='line_1_8' title="bbox 196 1267 1393 1361; baseline -0.007 -17"><span class='ocrx_word' id='word_1_61' title='bbox 196 1277 425 1361; x_wconf 79' lang='lat' dir='ltr'><strong>coaequalibus</strong></span> <span class='ocrx_word' id='word_1_62' title='bbox 439 1275 603 1360; x_wconf 87' lang='lat' dir='ltr'><strong>objiciunt,</strong></span> <span class='ocrx_word' id='word_1_63' title='bbox 627 1274 790 1338; x_wconf 87' lang='lat' dir='ltr'><strong>diceutes:</strong></span> <span class='ocrx_word' id='word_1_64' title='bbox 813 1273 1011 1360; x_wconf 62' lang='lat' dir='ltr'><strong>llawtnbtnb</strong></span> <span class='ocrx_word' id='word_1_65' title='bbox 1035 1274 1206 1360; x_wconf 66' lang='lat' dir='ltr'><strong>beftltt&#39;fett</strong></span> <span class='ocrx_word' id='word_1_66' title='bbox 1232 1267 1393 1340; x_wconf 77' lang='lat' dir='ltr'><strong>tertiato</strong></span> 
     </span>
     <span class='ocr_line' id='line_1_9' title="bbox 198 1373 1392 1465; baseline -0.017 -12"><span class='ocrx_word' id='word_1_67' title='bbox 198 1383 248 1453; x_wconf 80' lang='lat' dir='ltr'><strong>blt</strong></span> <span class='ocrx_word' id='word_1_68' title='bbox 264 1385 372 1465; x_wconf 75' lang='lat' dir='ltr'><strong>totnb3</strong></span> <span class='ocrx_word' id='word_1_69' title='bbox 395 1381 573 1444; x_wconf 85' lang='lat' dir='ltr'><strong>Stultorum</strong></span> <span class='ocrx_word' id='word_1_70' title='bbox 595 1397 711 1444; x_wconf 89' lang='lat' dir='ltr'><strong>manus</strong></span> <span class='ocrx_word' id='word_1_71' title='bbox 741 1378 910 1462; x_wconf 87' lang='lat' dir='ltr'><strong>deturpant</strong></span> <span class='ocrx_word' id='word_1_72' title='bbox 931 1381 1036 1442; x_wconf 85' lang='lat' dir='ltr'><strong>latera</strong></span> <span class='ocrx_word' id='word_1_73' title='bbox 1059 1379 1214 1444; x_wconf 82' lang='lat' dir='ltr'><strong>donnus.</strong></span> <span class='ocrx_word' id='word_1_74' title='bbox 1265 1373 1308 1438; x_wconf 84' lang='lat' dir='ltr'><strong>Si</strong></span> <span class='ocrx_word' id='word_1_75' title='bbox 1327 1385 1392 1450; x_wconf 84' lang='lat' dir='ltr'><strong>ergo</strong></span> 
     </span>
     <span class='ocr_line' id='line_1_10' title="bbox 197 1475 1391 1568; baseline -0.009 -18"><span class='ocrx_word' id='word_1_76' title='bbox 197 1487 289 1550; x_wconf 90' lang='lat' dir='ltr'><strong>stulti</strong></span> <span class='ocrx_word' id='word_1_77' title='bbox 309 1495 385 1550; x_wconf 87' lang='lat' dir='ltr'><strong>suot</strong></span> <span class='ocrx_word' id='word_1_78' title='bbox 405 1484 583 1548; x_wconf 86' lang='lat' dir='ltr'><strong>secundum</strong></span> <span class='ocrx_word' id='word_1_79' title='bbox 605 1484 683 1548; x_wconf 93' lang='lat' dir='ltr'><strong>illud</strong></span> <span class='ocrx_word' id='word_1_80' title='bbox 704 1485 909 1567; x_wconf 87' lang='lat' dir='ltr'><strong>proverbium</strong></span> <span class='ocrx_word' id='word_1_81' title='bbox 929 1485 1110 1568; x_wconf 83' lang='lat' dir='ltr'><strong>populare,</strong></span> <span class='ocrx_word' id='word_1_82' title='bbox 1140 1483 1208 1566; x_wconf 85' lang='lat' dir='ltr'><strong>qui</strong></span> <span class='ocrx_word' id='word_1_83' title='bbox 1233 1475 1391 1542; x_wconf 70' lang='lat' dir='ltr'><strong>maculant</strong></span> 
     </span>
     <span class='ocr_line' id='line_1_11' title="bbox 198 1583 1390 1674; baseline -0.016 -18"><span class='ocrx_word' id='word_1_84' title='bbox 198 1591 360 1656; x_wconf 90' lang='lat' dir='ltr'><strong>hominurn</strong></span> <span class='ocrx_word' id='word_1_85' title='bbox 373 1590 523 1673; x_wconf 89' lang='lat' dir='ltr'><strong>parietes,</strong></span> <span class='ocrx_word' id='word_1_86' title='bbox 538 1607 617 1652; x_wconf 89' lang='lat' dir='ltr'><strong>vere</strong></span> <span class='ocrx_word' id='word_1_87' title='bbox 634 1589 801 1654; x_wconf 82' lang='lat' dir='ltr'><strong>stultiores</strong></span> <span class='ocrx_word' id='word_1_88' title='bbox 821 1589 1013 1652; x_wconf 89' lang='lat' dir='ltr'><strong>aestimandi</strong></span> <span class='ocrx_word' id='word_1_89' title='bbox 1034 1597 1134 1674; x_wconf 88' lang='lat' dir='ltr'><strong>suut,</strong></span> <span class='ocrx_word' id='word_1_90' title='bbox 1162 1587 1231 1671; x_wconf 86' lang='lat' dir='ltr'><strong>qui</strong></span> <span class='ocrx_word' id='word_1_91' title='bbox 1254 1583 1390 1668; x_wconf 86' lang='lat' dir='ltr'><strong>parietes</strong></span> 
     </span>
     <span class='ocr_line' id='line_1_12' title="bbox 198 1688 1388 1778; baseline -0.009 -18"><span class='ocrx_word' id='word_1_92' title='bbox 198 1695 422 1760; x_wconf 85' lang='lat' dir='ltr'><strong>domuslleiet</strong></span> <span class='ocrx_word' id='word_1_93' title='bbox 433 1693 504 1756; x_wconf 93' lang='lat' dir='ltr'><strong>loca</strong></span> <span class='ocrx_word' id='word_1_94' title='bbox 515 1692 674 1756; x_wconf 86' lang='lat' dir='ltr'><strong>dominica</strong></span> <span class='ocrx_word' id='word_1_95' title='bbox 685 1693 847 1756; x_wconf 86' lang='lat' dir='ltr'><strong>maculare</strong></span> <span class='ocrx_word' id='word_1_96' title='bbox 855 1688 1313 1778; x_wconf 80' lang='lat' dir='ltr'><strong>praesumunt3stultissimi</strong></span> <span class='ocrx_word' id='word_1_97' title='bbox 1321 1699 1388 1746; x_wconf 79' lang='lat' dir='ltr'><strong>vero</strong></span> 
     </span>
     <span class='ocr_line' id='line_1_13' title="bbox 200 1794 1387 1884; baseline -0.01 -21"><span class='ocrx_word' id='word_1_98' title='bbox 200 1798 327 1864; x_wconf 86' lang='lat' dir='ltr'><strong>dicendi</strong></span> <span class='ocrx_word' id='word_1_99' title='bbox 351 1807 442 1881; x_wconf 90' lang='lat' dir='ltr'><strong>suut,</strong></span> <span class='ocrx_word' id='word_1_100' title='bbox 461 1802 516 1884; x_wconf 89' lang='lat' dir='ltr'><strong>qui</strong></span> <span class='ocrx_word' id='word_1_101' title='bbox 537 1808 632 1861; x_wconf 89' lang='lat' dir='ltr'><strong>scuta</strong></span> <span class='ocrx_word' id='word_1_102' title='bbox 651 1807 683 1861; x_wconf 92' lang='lat' dir='ltr'><strong>et</strong></span> <span class='ocrx_word' id='word_1_103' title='bbox 710 1815 798 1860; x_wconf 90' lang='lat' dir='ltr'><strong>arma</strong></span> <span class='ocrx_word' id='word_1_104' title='bbox 816 1817 878 1861; x_wconf 92' lang='lat' dir='ltr'><strong>sua</strong></span> <span class='ocrx_word' id='word_1_105' title='bbox 897 1799 1092 1882; x_wconf 80' lang='lat' dir='ltr'><strong>imaginihus</strong></span> <span class='ocrx_word' id='word_1_106' title='bbox 1113 1798 1195 1866; x_wconf 74' lang='lat' dir='ltr'><strong>Dei</strong></span> <span class='ocrx_word' id='word_1_107' title='bbox 1220 1804 1258 1858; x_wconf 84' lang='lat' dir='ltr'><strong>et</strong></span> <span class='ocrx_word' id='word_1_108' title='bbox 1281 1794 1387 1856; x_wconf 78' lang='lat' dir='ltr'><strong>nomae</strong></span> 
     </span>
     <span class='ocr_line' id='line_1_14' title="bbox 198 1898 1444 1988; baseline -0.006 -20"><span class='ocrx_word' id='word_1_109' title='bbox 198 1905 345 1986; x_wconf 82' lang='lat' dir='ltr'><strong>Virginis</strong></span> <span class='ocrx_word' id='word_1_110' title='bbox 355 1904 491 1987; x_wconf 85' lang='lat' dir='ltr'><strong>Mariae,</strong></span> <span class='ocrx_word' id='word_1_111' title='bbox 512 1903 765 1967; x_wconf 88' lang='lat' dir='ltr'><strong>sanctaecrueis</strong></span> <span class='ocrx_word' id='word_1_112' title='bbox 785 1911 817 1964; x_wconf 87' lang='lat' dir='ltr'><strong>et</strong></span> <span class='ocrx_word' id='word_1_113' title='bbox 829 1903 1003 1968; x_wconf 87' lang='lat' dir='ltr'><strong>electorum</strong></span> <span class='ocrx_word' id='word_1_114' title='bbox 1015 1898 1384 1988; x_wconf 80' lang='lat' dir='ltr'><strong>Deiauperdepingtmt</strong></span> <span class='ocrx_word' id='word_1_115' title='bbox 1443 1901 1444 1976; x_wconf 82' lang='lat' dir='ltr'>j</span> 
     </span>
     <span class='ocr_line' id='line_1_15' title="bbox 198 2001 1383 2093; baseline -0.007 -19"><span class='ocrx_word' id='word_1_116' title='bbox 198 2010 253 2074; x_wconf 92' lang='lat' dir='ltr'><strong>vel</strong></span> <span class='ocrx_word' id='word_1_117' title='bbox 279 2010 436 2093; x_wconf 82' lang='lat' dir='ltr'><strong>affigunt3</strong></span> <span class='ocrx_word' id='word_1_118' title='bbox 474 2026 547 2072; x_wconf 88' lang='lat' dir='ltr'><strong>cunr</strong></span> <span class='ocrx_word' id='word_1_119' title='bbox 577 2017 685 2072; x_wconf 89' lang='lat' dir='ltr'><strong>tamen</strong></span> <span class='ocrx_word' id='word_1_120' title='bbox 718 2009 904 2091; x_wconf 80' lang='lat' dir='ltr'><strong>frequenter</strong></span> <span class='ocrx_word' id='word_1_121' title='bbox 934 2007 1087 2072; x_wconf 85' lang='lat' dir='ltr'><strong>nobilium</strong></span> <span class='ocrx_word' id='word_1_122' title='bbox 1123 2007 1292 2092; x_wconf 86' lang='lat' dir='ltr'><strong>insignia</strong></span> <span class='ocrx_word' id='word_1_123' title='bbox 1326 2001 1383 2061; x_wconf 77' lang='lat' dir='ltr'><strong>siut</strong></span> 
     </span>
     <span class='ocr_line' id='line_1_16' title="bbox 199 2113 1379 2199; baseline -0.011 -19"><span class='ocrx_word' id='word_1_124' title='bbox 199 2115 322 2199; x_wconf 79' lang='lat' dir='ltr'><strong>figurae</strong></span> <span class='ocrx_word' id='word_1_125' title='bbox 353 2115 531 2197; x_wconf 88' lang='lat' dir='ltr'><strong>aliquarum</strong></span> <span class='ocrx_word' id='word_1_126' title='bbox 560 2113 753 2195; x_wconf 88' lang='lat' dir='ltr'><strong>animalium,</strong></span> <span class='ocrx_word' id='word_1_127' title='bbox 782 2113 835 2176; x_wconf 90' lang='lat' dir='ltr'><strong>vel</strong></span> <span class='ocrx_word' id='word_1_128' title='bbox 871 2113 1017 2187; x_wconf 80' lang='lat' dir='ltr'><strong>larvatae</strong></span> <span class='ocrx_word' id='word_1_129' title='bbox 1038 2113 1157 2198; x_wconf 87' lang='lat' dir='ltr'><strong>lacios,</strong></span> <span class='ocrx_word' id='word_1_130' title='bbox 1197 2118 1264 2174; x_wconf 90' lang='lat' dir='ltr'><strong>aut</strong></span> <span class='ocrx_word' id='word_1_131' title='bbox 1293 2119 1379 2168; x_wconf 82' lang='lat' dir='ltr'><strong>mon-</strong></span> 
     </span>
     <span class='ocr_line' id='line_1_17' title="bbox 199 2215 1379 2304; baseline -0.008 -18"><span class='ocrx_word' id='word_1_132' title='bbox 199 2232 347 2286; x_wconf 88' lang='lat' dir='ltr'><strong>struosae</strong></span> <span class='ocrx_word' id='word_1_133' title='bbox 364 2221 504 2304; x_wconf 86' lang='lat' dir='ltr'><strong>species,</strong></span> <span class='ocrx_word' id='word_1_134' title='bbox 526 2226 583 2282; x_wconf 90' lang='lat' dir='ltr'><strong>aut</strong></span> <span class='ocrx_word' id='word_1_135' title='bbox 603 2219 708 2282; x_wconf 89' lang='lat' dir='ltr'><strong>inanis</strong></span> <span class='ocrx_word' id='word_1_136' title='bbox 730 2219 873 2284; x_wconf 89' lang='lat' dir='ltr'><strong>colorum</strong></span> <span class='ocrx_word' id='word_1_137' title='bbox 895 2225 952 2282; x_wconf 88' lang='lat' dir='ltr'><strong>eut</strong></span> <span class='ocrx_word' id='word_1_138' title='bbox 974 2218 1152 2301; x_wconf 84' lang='lat' dir='ltr'><strong>figurarum</strong></span> <span class='ocrx_word' id='word_1_139' title='bbox 1179 2215 1281 2296; x_wconf 91' lang='lat' dir='ltr'><strong>ordo,</strong></span> <span class='ocrx_word' id='word_1_140' title='bbox 1303 2221 1379 2291; x_wconf 63' lang='lat' dir='ltr'><strong>quat</strong></span> 
     </span>
     <span class='ocr_line' id='line_1_18' title="bbox 200 2309 1375 2408; baseline -0.011 -16"><span class='ocrx_word' id='word_1_141' title='bbox 200 2329 306 2392; x_wconf 89' lang='lat' dir='ltr'><strong>omnia</strong></span> <span class='ocrx_word' id='word_1_142' title='bbox 337 2329 378 2390; x_wconf 94' lang='lat' dir='ltr'><strong>ah</strong></span> <span class='ocrx_word' id='word_1_143' title='bbox 411 2326 553 2407; x_wconf 80' lang='lat' dir='ltr'><strong>antiquio</strong></span> <span class='ocrx_word' id='word_1_144' title='bbox 590 2323 768 2388; x_wconf 87' lang='lat' dir='ltr'><strong>idololatris</strong></span> <span class='ocrx_word' id='word_1_145' title='bbox 800 2334 837 2388; x_wconf 86' lang='lat' dir='ltr'><strong>et</strong></span> <span class='ocrx_word' id='word_1_146' title='bbox 864 2325 1033 2408; x_wconf 82' lang='lat' dir='ltr'><strong>gentilium</strong></span> <span class='ocrx_word' id='word_1_147' title='bbox 1066 2319 1285 2388; x_wconf 85' lang='lat' dir='ltr'><strong>stultissimis</strong></span> <span class='ocrx_word' id='word_1_148' title='bbox 1320 2309 1375 2374; x_wconf 70' lang='lat' dir='ltr'><strong>(llis</strong></span> 
     </span>
     <span class='ocr_line' id='line_1_19' title="bbox 198 2413 1374 2515; baseline -0.006 -23"><span class='ocrx_word' id='word_1_149' title='bbox 198 2433 304 2515; x_wconf 85' lang='lat' dir='ltr'><strong>plenis</strong></span> <span class='ocrx_word' id='word_1_150' title='bbox 326 2431 503 2493; x_wconf 87' lang='lat' dir='ltr'><strong>daemoniis</strong></span> <span class='ocrx_word' id='word_1_151' title='bbox 523 2438 600 2492; x_wconf 90' lang='lat' dir='ltr'><strong>sunt</strong></span> <span class='ocrx_word' id='word_1_152' title='bbox 620 2439 764 2513; x_wconf 87' lang='lat' dir='ltr'><strong>accepta.</strong></span> <span class='ocrx_word' id='word_1_153' title='bbox 807 2429 899 2494; x_wconf 85' lang='lat' dir='ltr'><strong>Sicut</strong></span> <span class='ocrx_word' id='word_1_154' title='bbox 922 2429 1080 2514; x_wconf 86' lang='lat' dir='ltr'><strong>legimus,</strong></span> <span class='ocrx_word' id='word_1_155' title='bbox 1110 2427 1206 2512; x_wconf 89' lang='lat' dir='ltr'><strong>quod</strong></span> <span class='ocrx_word' id='word_1_156' title='bbox 1241 2423 1309 2486; x_wconf 91' lang='lat' dir='ltr'><strong>duo</strong></span> <span class='ocrx_word' id='word_1_157' title='bbox 1335 2413 1374 2478; x_wconf 75' lang='lat' dir='ltr'><strong>fill</strong></span> 
     </span>
     <span class='ocr_line' id='line_1_20' title="bbox 201 2524 1372 2618; baseline 0.003 -22"><span class='ocrx_word' id='word_1_158' title='bbox 201 2533 350 2615; x_wconf 73' lang='lat' dir='ltr'><strong>Osiridis,</strong></span> <span class='ocrx_word' id='word_1_159' title='bbox 371 2533 499 2595; x_wconf 89' lang='lat' dir='ltr'><strong>Anubis</strong></span> <span class='ocrx_word' id='word_1_160' title='bbox 521 2541 553 2594; x_wconf 90' lang='lat' dir='ltr'><strong>et</strong></span> <span class='ocrx_word' id='word_1_161' title='bbox 574 2534 727 2617; x_wconf 82' lang='lat' dir='ltr'><strong>Macedo,</strong></span> <span class='ocrx_word' id='word_1_162' title='bbox 764 2543 976 2618; x_wconf 81' lang='lat' dir='ltr'><strong>peragrantes</strong></span> <span class='ocrx_word' id='word_1_163' title='bbox 997 2543 1031 2596; x_wconf 90' lang='lat' dir='ltr'><strong>et</strong></span> <span class='ocrx_word' id='word_1_164' title='bbox 1062 2545 1234 2597; x_wconf 81' lang='lat' dir='ltr'><strong>vexantes</strong></span> <span class='ocrx_word' id='word_1_165' title='bbox 1257 2524 1372 2598; x_wconf 82' lang='lat' dir='ltr'><strong>orhenn</strong></span> 
     </span>
     <span class='ocr_line' id='line_1_21' title="bbox 201 2613 1444 2724; baseline -0.005 -24"><span class='ocrx_word' id='word_1_166' title='bbox 201 2655 334 2721; x_wconf 86' lang='lat' dir='ltr'><strong>quorum</strong></span> <span class='ocrx_word' id='word_1_167' title='bbox 355 2637 479 2718; x_wconf 90' lang='lat' dir='ltr'><strong>primus</strong></span> <span class='ocrx_word' id='word_1_168' title='bbox 500 2654 628 2719; x_wconf 87' lang='lat' dir='ltr'><strong>canem,</strong></span> <span class='ocrx_word' id='word_1_169' title='bbox 657 2639 739 2701; x_wconf 90' lang='lat' dir='ltr'><strong>alter</strong></span> <span class='ocrx_word' id='word_1_170' title='bbox 754 2639 870 2722; x_wconf 86' lang='lat' dir='ltr'><strong>¹lupum</strong></span> <span class='ocrx_word' id='word_1_171' title='bbox 890 2641 961 2702; x_wconf 87' lang='lat' dir='ltr'><strong>suis</strong></span> <span class='ocrx_word' id='word_1_172' title='bbox 994 2637 1091 2700; x_wconf 85' lang='lat' dir='ltr'><strong>armis</strong></span> <span class='ocrx_word' id='word_1_173' title='bbox 1112 2649 1303 2724; x_wconf 80' lang='lat' dir='ltr'><strong>expressos</strong></span> <span class='ocrx_word' id='word_1_174' title='bbox 1325 2625 1372 2688; x_wconf 59' lang='lat' dir='ltr'><strong>lb·</strong></span> <span class='ocrx_word' id='word_1_175' title='bbox 1443 2613 1444 2640; x_wconf 53' lang='lat'>¹</span> 
     </span>
     <span class='ocr_line' id='line_1_22' title="bbox 202 2739 1367 2826; baseline -0.007 -22"><span class='ocrx_word' id='word_1_176' title='bbox 202 2743 325 2822; x_wconf 88' lang='lat' dir='ltr'><strong>rebant,</strong></span> <span class='ocrx_word' id='word_1_177' title='bbox 347 2750 380 2802; x_wconf 89' lang='lat' dir='ltr'><strong>et</strong></span> <span class='ocrx_word' id='word_1_178' title='bbox 400 2739 541 2822; x_wconf 86' lang='lat' dir='ltr'><strong>undique</strong></span> <span class='ocrx_word' id='word_1_179' title='bbox 559 2740 690 2822; x_wconf 86' lang='lat' dir='ltr'><strong>templis</strong></span> <span class='ocrx_word' id='word_1_180' title='bbox 701 2745 895 2808; x_wconf 87' lang='lat' dir='ltr'><strong>constructis</strong></span> <span class='ocrx_word' id='word_1_181' title='bbox 906 2744 1085 2826; x_wconf 85' lang='lat' dir='ltr'><strong>affigebant</strong></span> <span class='ocrx_word' id='word_1_182' title='bbox 1105 2746 1140 2804; x_wconf 91' lang='lat' dir='ltr'><strong>in</strong></span> <span class='ocrx_word' id='word_1_183' title='bbox 1164 2747 1367 2806; x_wconf 84' lang='lat' dir='ltr'><strong>caeterorum</strong></span> 
     </span>
     <span class='ocr_line' id='line_1_23' title="bbox 202 2845 1365 2932; baseline -0.003 -22"><span class='ocrx_word' id='word_1_184' title='bbox 202 2846 333 2910; x_wconf 88' lang='lat' dir='ltr'><strong>deorum</strong></span> <span class='ocrx_word' id='word_1_185' title='bbox 372 2845 613 2911; x_wconf 86' lang='lat' dir='ltr'><strong>contumeliam:</strong></span> <span class='ocrx_word' id='word_1_186' title='bbox 646 2847 695 2910; x_wconf 90' lang='lat' dir='ltr'><strong>sio</strong></span> <span class='ocrx_word' id='word_1_187' title='bbox 723 2852 821 2912; x_wconf 89' lang='lat' dir='ltr'><strong>etiem</strong></span> <span class='ocrx_word' id='word_1_188' title='bbox 842 2869 901 2932; x_wconf 89' lang='lat' dir='ltr'><strong>per</strong></span> <span class='ocrx_word' id='word_1_189' title='bbox 928 2858 1057 2912; x_wconf 88' lang='lat' dir='ltr'><strong>nostros</strong></span> <span class='ocrx_word' id='word_1_190' title='bbox 1089 2847 1219 2910; x_wconf 86' lang='lat' dir='ltr'><strong>nobiles</strong></span> <span class='ocrx_word' id='word_1_191' title='bbox 1250 2845 1365 2906; x_wconf 75' lang='lat' dir='ltr'><strong>factum</strong></span> 
     </span>
     <span class='ocr_line' id='line_1_24' title="bbox 202 2945 1363 3036; baseline -0.001 -21"><span class='ocrx_word' id='word_1_192' title='bbox 202 2959 255 3016; x_wconf 87' lang='lat' dir='ltr'><strong>est</strong></span> <span class='ocrx_word' id='word_1_193' title='bbox 281 2953 314 3014; x_wconf 93' lang='lat' dir='ltr'><strong>in</strong></span> <span class='ocrx_word' id='word_1_194' title='bbox 342 2950 481 3016; x_wconf 86' lang='lat' dir='ltr'><strong>ecclesia</strong></span> <span class='ocrx_word' id='word_1_195' title='bbox 503 2951 653 3015; x_wconf 89' lang='lat' dir='ltr'><strong>dominici</strong></span> <span class='ocrx_word' id='word_1_196' title='bbox 680 2953 864 3036; x_wconf 90' lang='lat' dir='ltr'><strong>sepulchri,</strong></span> <span class='ocrx_word' id='word_1_197' title='bbox 893 2953 988 3036; x_wconf 88' lang='lat' dir='ltr'><strong>cujus</strong></span> <span class='ocrx_word' id='word_1_198' title='bbox 1018 2951 1090 3030; x_wconf 84' lang='lat' dir='ltr'><strong>(B)</strong></span> <span class='ocrx_word' id='word_1_199' title='bbox 1125 2955 1273 3034; x_wconf 87' lang='lat' dir='ltr'><strong>parietes</strong></span> <span class='ocrx_word' id='word_1_200' title='bbox 1301 2945 1363 3028; x_wconf 64' lang='lat' dir='ltr'><strong>jam</strong></span> 
     </span>
     <span class='ocr_line' id='line_1_25' title="bbox 201 3047 1444 3142; baseline -0.01 -18"><span class='ocrx_word' id='word_1_201' title='bbox 201 3059 328 3125; x_wconf 86' lang='lat' dir='ltr'><strong>confusi</strong></span> <span class='ocrx_word' id='word_1_202' title='bbox 349 3067 437 3124; x_wconf 89' lang='lat' dir='ltr'><strong>stant</strong></span> <span class='ocrx_word' id='word_1_203' title='bbox 458 3064 590 3142; x_wconf 90' lang='lat' dir='ltr'><strong>propter</strong></span> <span class='ocrx_word' id='word_1_204' title='bbox 608 3067 702 3122; x_wconf 89' lang='lat' dir='ltr'><strong>scuta</strong></span> <span class='ocrx_word' id='word_1_205' title='bbox 723 3075 869 3140; x_wconf 86' lang='lat' dir='ltr'><strong>appensa</strong></span> <span class='ocrx_word' id='word_1_206' title='bbox 899 3075 998 3140; x_wconf 89' lang='lat' dir='ltr'><strong>super</strong></span> <span class='ocrx_word' id='word_1_207' title='bbox 1017 3061 1169 3140; x_wconf 78' lang='lat' dir='ltr'><strong>picturas.</strong></span> <span class='ocrx_word' id='word_1_208' title='bbox 1212 3059 1283 3122; x_wconf 88' lang='lat' dir='ltr'><strong>Per</strong></span> <span class='ocrx_word' id='word_1_209' title='bbox 1306 3049 1364 3112; x_wconf 86' lang='lat' dir='ltr'><strong>cir·</strong></span> <span class='ocrx_word' id='word_1_210' title='bbox 1443 3047 1444 3086; x_wconf 69' lang='lat' dir='ltr'><strong>l</strong></span> 
     </span>
     <span class='ocr_line' id='line_1_26' title="bbox 202 3163 1364 3245; baseline -0.008 -13"><span class='ocrx_word' id='word_1_211' title='bbox 202 3170 321 3232; x_wconf 84' lang='lat' dir='ltr'><strong>cultum</strong></span> <span class='ocrx_word' id='word_1_212' title='bbox 351 3167 436 3230; x_wconf 86' lang='lat' dir='ltr'><strong>enirn</strong></span> <span class='ocrx_word' id='word_1_213' title='bbox 467 3163 675 3228; x_wconf 90' lang='lat' dir='ltr'><strong>rotunditatis</strong></span> <span class='ocrx_word' id='word_1_214' title='bbox 703 3171 794 3225; x_wconf 89' lang='lat' dir='ltr'><strong>erant</strong></span> <span class='ocrx_word' id='word_1_215' title='bbox 827 3163 902 3226; x_wconf 90' lang='lat' dir='ltr'><strong>olim</strong></span> <span class='ocrx_word' id='word_1_216' title='bbox 929 3165 1071 3245; x_wconf 88' lang='lat' dir='ltr'><strong>parietes</strong></span> <span class='ocrx_word' id='word_1_217' title='bbox 1094 3167 1239 3228; x_wconf 78' lang='lat' dir='ltr'><strong>musaico</strong></span> <span class='ocrx_word' id='word_1_218' title='bbox 1271 3167 1364 3240; x_wconf 81' lang='lat' dir='ltr'><strong>opere</strong></span> 
     </span>
     <span class='ocr_line' id='line_1_27' title="bbox 201 3253 1444 3352; baseline -0.013 -17"><span class='ocrx_word' id='word_1_219' title='bbox 201 3272 353 3351; x_wconf 87' lang='lat' dir='ltr'><strong>decorati,</strong></span> <span class='ocrx_word' id='word_1_220' title='bbox 375 3271 435 3336; x_wconf 89' lang='lat' dir='ltr'><strong>sed</strong></span> <span class='ocrx_word' id='word_1_221' title='bbox 457 3271 575 3334; x_wconf 86' lang='lat' dir='ltr'><strong>milites</strong></span> <span class='ocrx_word' id='word_1_222' title='bbox 597 3277 632 3339; x_wconf 84' lang='lat' dir='ltr'><strong>et</strong></span> <span class='ocrx_word' id='word_1_223' title='bbox 653 3268 777 3331; x_wconf 86' lang='lat' dir='ltr'><strong>nobiles</strong></span> <span class='ocrx_word' id='word_1_224' title='bbox 794 3267 988 3350; x_wconf 83' lang='lat' dir='ltr'><strong>imaginibus</strong></span> <span class='ocrx_word' id='word_1_225' title='bbox 1005 3277 1038 3330; x_wconf 88' lang='lat' dir='ltr'><strong>et</strong></span> <span class='ocrx_word' id='word_1_226' title='bbox 1058 3271 1210 3351; x_wconf 89' lang='lat' dir='ltr'><strong>pretiosis</strong></span> <span class='ocrx_word' id='word_1_227' title='bbox 1232 3256 1361 3352; x_wconf 82' lang='lat' dir='ltr'><strong>picturis</strong></span> <span class='ocrx_word' id='word_1_228' title='bbox 1443 3253 1444 3280; x_wconf 65' lang='lat'>¹</span> 
     </span>
     <span class='ocr_line' id='line_1_28' title="bbox 201 3372 1444 3456; baseline -0.006 -19"><span class='ocrx_word' id='word_1_229' title='bbox 201 3395 266 3437; x_wconf 92' lang='lat' dir='ltr'><strong>non</strong></span> <span class='ocrx_word' id='word_1_230' title='bbox 286 3385 459 3456; x_wconf 89' lang='lat' dir='ltr'><strong>paroentes</strong></span> <span class='ocrx_word' id='word_1_231' title='bbox 480 3391 540 3436; x_wconf 90' lang='lat' dir='ltr'><strong>sua</strong></span> <span class='ocrx_word' id='word_1_232' title='bbox 561 3383 657 3438; x_wconf 90' lang='lat' dir='ltr'><strong>scuta</strong></span> <span class='ocrx_word' id='word_1_233' title='bbox 677 3372 909 3456; x_wconf 87' lang='lat' dir='ltr'><strong>appenderunt,</strong></span> <span class='ocrx_word' id='word_1_234' title='bbox 933 3373 1051 3454; x_wconf 89' lang='lat' dir='ltr'><strong>quihus</strong></span> <span class='ocrx_word' id='word_1_235' title='bbox 1064 3373 1183 3436; x_wconf 87' lang='lat' dir='ltr'><strong>Christi</strong></span> <span class='ocrx_word' id='word_1_236' title='bbox 1202 3381 1236 3435; x_wconf 91' lang='lat' dir='ltr'><strong>et</strong></span> <span class='ocrx_word' id='word_1_237' title='bbox 1252 3374 1361 3436; x_wconf 78' lang='lat' dir='ltr'><strong>beatae</strong></span> <span class='ocrx_word' id='word_1_238' title='bbox 1443 3419 1444 3424; x_wconf 66' lang='grc'>,</span> 
     </span>
     <span class='ocr_line' id='line_1_29' title="bbox 201 3470 1359 3560; baseline -0.004 -20"><span class='ocrx_word' id='word_1_239' title='bbox 201 3479 350 3560; x_wconf 84' lang='lat' dir='ltr'><strong>Virginis</strong></span> <span class='ocrx_word' id='word_1_240' title='bbox 371 3477 530 3556; x_wconf 86' lang='lat' dir='ltr'><strong>imagines</strong></span> <span class='ocrx_word' id='word_1_241' title='bbox 551 3476 742 3540; x_wconf 85' lang='lat' dir='ltr'><strong>velaverunt</strong></span> <span class='ocrx_word' id='word_1_242' title='bbox 779 3487 812 3540; x_wconf 91' lang='lat' dir='ltr'><strong>et</strong></span> <span class='ocrx_word' id='word_1_243' title='bbox 833 3478 938 3542; x_wconf 89' lang='lat' dir='ltr'><strong>clavis</strong></span> <span class='ocrx_word' id='word_1_244' title='bbox 959 3477 1215 3560; x_wconf 85' lang='lat' dir='ltr'><strong>perforaverunt.</strong></span> <span class='ocrx_word' id='word_1_245' title='bbox 1259 3470 1359 3553; x_wconf 77' lang='lat' dir='ltr'><strong>Hujus</strong></span> 
     </span>
     <span class='ocr_line' id='line_1_30' title="bbox 203 3576 1442 3666; baseline -0.002 -24"><span class='ocrx_word' id='word_1_246' title='bbox 203 3580 378 3662; x_wconf 88' lang='lat' dir='ltr'><strong>despectus</strong></span> <span class='ocrx_word' id='word_1_247' title='bbox 399 3577 570 3640; x_wconf 87' lang='lat' dir='ltr'><strong>suscitavit</strong></span> <span class='ocrx_word' id='word_1_248' title='bbox 591 3580 748 3644; x_wconf 84' lang='lat' dir='ltr'><strong>llominus</strong></span> <span class='ocrx_word' id='word_1_249' title='bbox 769 3583 921 3666; x_wconf 77' lang='lat' dir='ltr'><strong>ultorem,</strong></span> <span class='ocrx_word' id='word_1_250' title='bbox 952 3581 1090 3665; x_wconf 87' lang='lat' dir='ltr'><strong>quadarn</strong></span> <span class='ocrx_word' id='word_1_251' title='bbox 1122 3599 1263 3664; x_wconf 82' lang='lat' dir='ltr'><strong>namque</strong></span> <span class='ocrx_word' id='word_1_252' title='bbox 1291 3576 1360 3640; x_wconf 74' lang='lat' dir='ltr'><strong>vice</strong></span> <span class='ocrx_word' id='word_1_253' title='bbox 1441 3647 1442 3652; x_wconf 8' lang='grc' dir='ltr'>ἵ</span> 
     </span>
     <span class='ocr_line' id='line_1_31' title="bbox 203 3676 1357 3770; baseline 0 -23"><span class='ocrx_word' id='word_1_254' title='bbox 203 3686 295 3747; x_wconf 90' lang='lat' dir='ltr'><strong>venit</strong></span> <span class='ocrx_word' id='word_1_255' title='bbox 327 3701 385 3745; x_wconf 85' lang='lat' dir='ltr'><strong>rex</strong></span> <span class='ocrx_word' id='word_1_256' title='bbox 405 3682 537 3764; x_wconf 75' lang='lat' dir='ltr'><strong>Egypti,</strong></span> <span class='ocrx_word' id='word_1_257' title='bbox 559 3679 734 3766; x_wconf 84' lang='lat' dir='ltr'><strong>Soldanus,</strong></span> <span class='ocrx_word' id='word_1_258' title='bbox 754 3686 1006 3770; x_wconf 77' lang='lat' dir='ltr'><strong>lerosolymam,</strong></span> <span class='ocrx_word' id='word_1_259' title='bbox 1035 3687 1172 3750; x_wconf 87' lang='lat' dir='ltr'><strong>adorare</strong></span> <span class='ocrx_word' id='word_1_260' title='bbox 1189 3687 1224 3748; x_wconf 91' lang='lat' dir='ltr'><strong>in</strong></span> <span class='ocrx_word' id='word_1_261' title='bbox 1244 3676 1357 3764; x_wconf 82' lang='lat' dir='ltr'><strong>templo</strong></span> 
     </span>
     <span class='ocr_line' id='line_1_32' title="bbox 203 3779 1444 3872; baseline 0 -21"><span class='ocrx_word' id='word_1_262' title='bbox 203 3803 276 3866; x_wconf 87' lang='lat' dir='ltr'><strong>suo,</strong></span> <span class='ocrx_word' id='word_1_263' title='bbox 297 3784 383 3868; x_wconf 90' lang='lat' dir='ltr'><strong>quod</strong></span> <span class='ocrx_word' id='word_1_264' title='bbox 404 3785 569 3849; x_wconf 92' lang='lat' dir='ltr'><strong>nominant</strong></span> <span class='ocrx_word' id='word_1_265' title='bbox 589 3783 790 3872; x_wconf 85' lang='lat' dir='ltr'><strong>Salomonis,</strong></span> <span class='ocrx_word' id='word_1_266' title='bbox 814 3798 846 3854; x_wconf 90' lang='lat' dir='ltr'><strong>et</strong></span> <span class='ocrx_word' id='word_1_267' title='bbox 867 3793 1012 3856; x_wconf 87' lang='lat' dir='ltr'><strong>oratione</strong></span> <span class='ocrx_word' id='word_1_268' title='bbox 1032 3791 1125 3856; x_wconf 85' lang='lat' dir='ltr'><strong>linita</strong></span> <span class='ocrx_word' id='word_1_269' title='bbox 1150 3789 1303 3854; x_wconf 85' lang='lat' dir='ltr'><strong>ascendit</strong></span> <span class='ocrx_word' id='word_1_270' title='bbox 1328 3779 1380 3845; x_wconf 73' lang='lat' dir='ltr'><strong>lss&#39;</strong></span> <span class='ocrx_word' id='word_1_271' title='bbox 1443 3823 1444 3842; x_wconf 60' lang='grc' dir='ltr'>ι</span> 
     </span>
     <span class='ocr_line' id='line_1_33' title="bbox 202 3891 1444 3977; baseline 0.002 -23"><span class='ocrx_word' id='word_1_272' title='bbox 202 3891 390 3954; x_wconf 84' lang='lat' dir='ltr'><strong>Anastasim</strong></span> <span class='ocrx_word' id='word_1_273' title='bbox 415 3891 435 3955; x_wconf 84' lang='lat' dir='ltr'><strong>i</strong></span> <span class='ocrx_word' id='word_1_274' title='bbox 460 3910 491 3960; x_wconf 77' lang='lat' dir='ltr'><strong>e.</strong></span> <span class='ocrx_word' id='word_1_275' title='bbox 525 3891 560 3952; x_wconf 94' lang='lat' dir='ltr'><strong>in</strong></span> <span class='ocrx_word' id='word_1_276' title='bbox 600 3891 772 3956; x_wconf 86' lang='lat' dir='ltr'><strong>ecelesiam</strong></span> <span class='ocrx_word' id='word_1_277' title='bbox 805 3892 984 3960; x_wconf 89' lang='lat' dir='ltr'><strong>dominicae</strong></span> <span class='ocrx_word' id='word_1_278' title='bbox 1025 3896 1290 3977; x_wconf 85' lang='lat' dir='ltr'><strong>resurrectionis,</strong></span> <span class='ocrx_word' id='word_1_279' title='bbox 1325 3892 1357 3950; x_wconf 72' lang='lat' dir='ltr'><strong>ul</strong></span> <span class='ocrx_word' id='word_1_280' title='bbox 1443 3909 1444 3924; x_wconf 62' lang='lat'>¹</span> 
     </span>
     <span class='ocr_line' id='line_1_34' title="bbox 204 3994 1444 4082; baseline 0 -24"><span class='ocrx_word' id='word_1_281' title='bbox 204 4003 238 4058; x_wconf 91' lang='lat' dir='ltr'><strong>et</strong></span> <span class='ocrx_word' id='word_1_282' title='bbox 252 3994 298 4056; x_wconf 91' lang='lat' dir='ltr'><strong>ibi</strong></span> <span class='ocrx_word' id='word_1_283' title='bbox 319 4006 439 4080; x_wconf 90' lang='lat' dir='ltr'><strong>oraret;</strong></span> <span class='ocrx_word' id='word_1_284' title='bbox 463 4005 580 4060; x_wconf 88' lang='lat' dir='ltr'><strong>etcum</strong></span> <span class='ocrx_word' id='word_1_285' title='bbox 600 3999 862 4080; x_wconf 88' lang='lat' dir='ltr'><strong>circumspiceret</strong></span> <span class='ocrx_word' id='word_1_286' title='bbox 883 4009 916 4063; x_wconf 88' lang='lat' dir='ltr'><strong>et</strong></span> <span class='ocrx_word' id='word_1_287' title='bbox 936 4001 1097 4067; x_wconf 88' lang='lat' dir='ltr'><strong>eeclesiae</strong></span> <span class='ocrx_word' id='word_1_288' title='bbox 1114 3997 1357 4082; x_wconf 79' lang='lat' dir='ltr'><strong>magnitudinem</strong></span> <span class='ocrx_word' id='word_1_289' title='bbox 1443 4025 1444 4030; x_wconf 19' lang='grc' dir='ltr'>ι</span> 
     </span>
     <span class='ocr_line' id='line_1_35' title="bbox 204 4099 1355 4190; baseline 0.002 -27"><span class='ocrx_word' id='word_1_290' title='bbox 204 4108 238 4163; x_wconf 93' lang='lat' dir='ltr'><strong>et</strong></span> <span class='ocrx_word' id='word_1_291' title='bbox 257 4107 402 4164; x_wconf 88' lang='lat' dir='ltr'><strong>ornatum</strong></span> <span class='ocrx_word' id='word_1_292' title='bbox 433 4103 621 4183; x_wconf 88' lang='lat' dir='ltr'><strong>miraretur,</strong></span> <span class='ocrx_word' id='word_1_293' title='bbox 647 4099 729 4166; x_wconf 88' lang='lat' dir='ltr'><strong>vidit</strong></span> <span class='ocrx_word' id='word_1_294' title='bbox 760 4113 853 4166; x_wconf 83' lang='lat' dir='ltr'><strong>acuta</strong></span> <span class='ocrx_word' id='word_1_295' title='bbox 881 4105 1034 4169; x_wconf 88' lang='lat' dir='ltr'><strong>nohihum</strong></span> <span class='ocrx_word' id='word_1_296' title='bbox 1055 4105 1235 4190; x_wconf 87' lang='lat' dir='ltr'><strong>parietibus</strong></span> <span class='ocrx_word' id='word_1_297' title='bbox 1266 4099 1355 4165; x_wconf 74' lang='lat' dir='ltr'><strong>affixe</strong></span> 
     </span>
     <span class='ocr_line' id='line_1_36' title="bbox 204 4203 1355 4293; baseline -0.001 -26"><span class='ocrx_word' id='word_1_298' title='bbox 204 4211 237 4270; x_wconf 87' lang='lat' dir='ltr'><strong>et</strong></span> <span class='ocrx_word' id='word_1_299' title='bbox 258 4204 392 4288; x_wconf 84' lang='lat' dir='ltr'><strong>picturis</strong></span> <span class='ocrx_word' id='word_1_300' title='bbox 412 4223 510 4288; x_wconf 90' lang='lat' dir='ltr'><strong>snper</strong></span> <span class='ocrx_word' id='word_1_301' title='bbox 530 4205 673 4290; x_wconf 89' lang='lat' dir='ltr'><strong>inducte,</strong></span> <span class='ocrx_word' id='word_1_302' title='bbox 695 4212 731 4270; x_wconf 87' lang='lat' dir='ltr'><strong>et</strong></span> <span class='ocrx_word' id='word_1_303' title='bbox 752 4224 825 4271; x_wconf 90' lang='lat' dir='ltr'><strong>curn</strong></span> <span class='ocrx_word' id='word_1_304' title='bbox 846 4211 1071 4293; x_wconf 86' lang='lat' dir='ltr'><strong>cognovisset,</strong></span> <span class='ocrx_word' id='word_1_305' title='bbox 1095 4209 1189 4292; x_wconf 89' lang='lat' dir='ltr'><strong>cujus</strong></span> <span class='ocrx_word' id='word_1_306' title='bbox 1201 4208 1250 4272; x_wconf 90' lang='lat' dir='ltr'><strong>rei</strong></span> <span class='ocrx_word' id='word_1_307' title='bbox 1260 4203 1355 4290; x_wconf 82' lang='lat' dir='ltr'><strong>gratia</strong></span> 
     </span>
     <span class='ocr_line' id='line_1_37' title="bbox 203 4308 1353 4412; baseline 0 -42"><span class='ocrx_word' id='word_1_308' title='bbox 203 4311 249 4374; x_wconf 93' lang='lat' dir='ltr'><strong>ibi</strong></span> <span class='ocrx_word' id='word_1_309' title='bbox 268 4308 461 4412; x_wconf 86' lang='lat' dir='ltr'><strong>penderent,</strong></span> <span class='ocrx_word' id='word_1_310' title='bbox 493 4309 594 4372; x_wconf 88' lang='lat' dir='ltr'><strong>iratus</strong></span> <span class='ocrx_word' id='word_1_311' title='bbox 615 4316 668 4372; x_wconf 89' lang='lat' dir='ltr'><strong>est</strong></span> <span class='ocrx_word' id='word_1_312' title='bbox 687 4309 785 4375; x_wconf 86' lang='lat' dir='ltr'><strong>valde</strong></span> <span class='ocrx_word' id='word_1_313' title='bbox 817 4322 850 4375; x_wconf 89' lang='lat' dir='ltr'><strong>et</strong></span> <span class='ocrx_word' id='word_1_314' title='bbox 871 4313 1030 4396; x_wconf 83' lang='lat' dir='ltr'><strong>cogitavit</strong></span> <span class='ocrx_word' id='word_1_315' title='bbox 1058 4316 1154 4380; x_wconf 86' lang='lat' dir='ltr'><strong>istam</strong></span> <span class='ocrx_word' id='word_1_316' title='bbox 1175 4309 1353 4374; x_wconf 73' lang='lat' dir='ltr'><strong>Anosenoi</strong></span> 
     </span>
     <span class='ocr_line' id='line_1_38' title="bbox 205 4412 1351 4498; baseline 0.001 -20"><span class='ocrx_word' id='word_1_317' title='bbox 205 4421 305 4480; x_wconf 88' lang='lat' dir='ltr'><strong>totam</strong></span> <span class='ocrx_word' id='word_1_318' title='bbox 325 4413 368 4480; x_wconf 91' lang='lat' dir='ltr'><strong>ad</strong></span> <span class='ocrx_word' id='word_1_319' title='bbox 388 4415 494 4480; x_wconf 87' lang='lat' dir='ltr'><strong>solum</strong></span> <span class='ocrx_word' id='word_1_320' title='bbox 518 4412 688 4498; x_wconf 87' lang='lat' dir='ltr'><strong>deducere,</strong></span> <span class='ocrx_word' id='word_1_321' title='bbox 708 4415 772 4480; x_wconf 89' lang='lat' dir='ltr'><strong>uisi</strong></span> <span class='ocrx_word' id='word_1_322' title='bbox 785 4417 884 4480; x_wconf 86' lang='lat' dir='ltr'><strong>Deus.</strong></span> <span class='ocrx_word' id='word_1_323' title='bbox 897 4421 1102 4485; x_wconf 82' lang='lat' dir='ltr'><strong>immutasset</strong></span> <span class='ocrx_word' id='word_1_324' title='bbox 1121 4425 1262 4484; x_wconf 88' lang='lat' dir='ltr'><strong>mentem</strong></span> <span class='ocrx_word' id='word_1_325' title='bbox 1284 4415 1351 4498; x_wconf 84' lang='lat' dir='ltr'><strong>ejru·</strong></span> 
     </span>
    </p>
   </div>
   <div class='ocr_carea' id='block_1_2' title="bbox 0 0 1485 4914">
    <p class='ocr_par' dir='ltr' id='par_1_2' title="bbox 0 0 1485 4914">
     <span class='ocr_line' id='line_1_39' title="bbox 0 0 1485 4914; baseline 0 0"><span class='ocrx_word' id='word_1_326' title='bbox 0 0 1485 4914; x_wconf 95' lang='lat' dir='ltr'><strong> </strong></span> 
     </span>
    </p>
   </div>
  </div>
 </body>
</html>
