2926 5050
711 251 754 318 18.

103 441 106 446 ’
151 434 271 522 quiin
305 430 855 518 mantuanensium
887 417 1042 496 coelestia
1070 429 1221 498 imitatur.
1279 433 1324 496 ht·

136 542 237 622 ,seut
258 539 425 621 felixesr,
450 539 508 622 qai
525 533 753 604 Claristtrmin
773 537 879 622 gloria
901 535 1009 620 vuer,
1040 543 1075 600 at
1091 526 1323 616 beatissimam
1353 555 1361 568 “

151 645 320 728 Virginem
348 643 501 726 blatum,
540 643 763 727 patriarchas,
788 642 962 725 prophetas
986 649 1023 703 et
1060 640 1244 724 apostolos:
1271 642 1321 706 sic

151 745 232 806 felix
252 754 313 826 est,
333 748 390 830 arai
411 747 533 813 Christi
554 745 698 831 vestigia
716 756 754 810 ct
773 745 890 810 beatae
912 747 1072 829 Virginis,
1094 745 1320 829 prophetatam

151 851 424 932 coapostolorum
447 852 590 916 imitatur
621 858 656 914 ct
687 847 902 920 doceminor.
943 853 1097 935 lusupcr,
1126 851 1212 916 sieut
1240 850 1323 914 felix

153 954 286 1036 dicitm,
317 957 375 1042 qni
407 955 594 1042 felicitatem
615 963 705 1018 certa
732 973 795 1038 spa
822 954 941 1024 habeti
980 957 1031 1018 sic
1058 955 1118 1042 qui
1135 955 1320 1020 Jerusalem

152 1063 337 1119 terrestrem
357 1057 452 1142 vidit,
474 1058 553 1122 felix
574 1065 635 1142 cst,
656 1055 740 1145 quia
753 1060 880 1143 dicitur,
901 1059 988 1146 qued
997 1060 1056 1144 illi,
1077 1062 1135 1144 qul
1155 1061 1321 1124 civitatem

151 1165 298 1224 ¹sanctam
314 1161 498 1228 Jonrsalem
520 1162 562 1228 ad
577 1163 639 1228 llel
660 1164 787 1250 laudem
815 1165 964 1250 adierunt
984 1173 1017 1228 et
1038 1163 1201 1248 viderunt,
1221 1163 1319 1228 intlu-

152 1262 289 1334 bitonter
309 1268 405 1342 etiam
427 1275 460 1332 et
490 1277 638 1352 procerte
669 1270 703 1332 in
732 1269 905 1334 coelestem
925 1263 1112 1336 Jorbsuem
1143 1267 1320 1360 intrabunt,

63 1370 65 1376 '
151 1375 186 1433 et
205 1371 249 1433 ibi
271 1378 380 1454 'regem
402 1374 437 1438 in
459 1391 519 1438 suo
547 1371 665 1440 decore
682 1373 859 1457 videbunt,-
881 1375 976 1460 quom
997 1375 1031 1438 in
1053 1375 1197 1438 terrestri
1217 1375 1318 1438 Jeru-

150 1474 252 1538 salem
284 1477 317 1540 in
348 1480 514 1560 praesepi,
546 1479 581 1540 in
626 1496 724 1542 cruce
757 1487 792 1542 at
823 1480 857 1542 in
878 1480 1049 1563 sepulchro
1075 1479 1318 1565 quaesiverunt·

151 1575 237 1656 outo
253 1580 315 1643 hoc
336 1580 457 1647 dictum
477 1584 627 1648 veritatis
645 1583 782 1666 ‘babeat,
804 1587 935 1668 nescio,
956 1584 1016 1647 sed
1037 1601 1146 1667 spero'
1186 1583 1239 1650 Ei
1255 1555 1318 1650 ‘bis

150 1691 240 1766 patet
258 1687 517 1774 ⁴praeeminentia
543 1686 677 1751 militum
700 1689 806 1752 sancti
826 1690 989 1772 sepulchri
1009 1707 1109 1774 snpra
1129 1688 1210 1754 alios
1231 1689 1320 1752 mili-

150 1797 210 1852 tes.
253 1789 307 1854 Aa
335 1790 395 1856 hos
426 1791 543 1855 milites
575 1792 879 1876 hierosolymitanos
912 1794 1025 1857 scribit
1046 1793 1081 1857 S.
1111 1791 1319 1859 bernhardus
1369 1841 1372 1848 .

151 1895 332 1958 ‘sermonem
365 1895 508 1979 longum,
540 1897 574 1960 iu
605 1915 670 1982 quo
703 1897 812 1960 corani
843 1879 1122 1961 conversationem
1151 1899 1201 1962 et'
1217 1897 1319 1964 vitani

151 1997 320 2061 militarem
353 1998 506 2068 describit
521 2010 566 2089 'et
595 2004 676 2067 vitia
698 1999 903 2086 reprehendit
923 2000 1057 2068 militum
1087 2003 1263 2070 cernelium
1283 1995 1319 2068 iu

149 2102 379 2186 rveapnurs
432 2107 514 2176 ·,
589 2125 591 2132 >
648 2149 653 2160 .

150 2351 210 2429 De
235 2351 356 2434 divino
382 2355 515 2437 Officio
540 2357 639 2433 illiue
663 2351 782 2429 noctis
800 2349 846 2430 ¹in
871 2351 915 2436 S.
941 2339 1134 2454 sepulchro
1159 2365 1317 2459 peracto.

230 2537 370 2602 Militum
392 2539 513 2602 creatio
541 2529 615 2602 sive
642 2539 810 2620 percussio
832 2538 871 2601 in·
898 2537 1058 2602 dominico
1080 2538 1252 2636 sqoulchpo
1281 2527 1319 2604 nt

149 2639 244 2704 modo
282 2641 385 2726 dicto,
421 2643 476 2707 tot.
507 2643 570 2707 184
602 2643 639 2706 B.
702 2644 851 2726 Longam
882 2649 992 2706 autem
1030 2647 1155 2736 accepit
1186 2663 1317 2728 moram,

147 2750 322 2829 antequam
343 2765 455 2811 omnes
475 2756 729 2831 percuterentur,
751 2767 814 2815 nec
829 2754 1043 2840 ¹potueramus
1061 2749 1186 2814 Missas
1205 2749 1318 2814 oeten:

149 2847 221 2912 iare
239 2851 436 2916 autc-huam
467 2855 699 2936 percussionis.
741 2853 962 2936 vigilavimus
991 2843 1100 2918 tamen
1131 2873 1244 2920 ornnes
1280 2861 1317 2917 et

152 2954 227 3018 loca
252 2964 367 3020 sancta
393 2973 466 3018 cum
500 2956 676 3022 luminibus
707 2957 985 3039 perlustravimus.
1038 2955 1138 3018 Porro
1172 2947 1317 3036 vigiliam

150 3047 238 3126 illius
260 3062 368 3127 noctis
389 3068 422 3123 et
441 3060 722 3143 peregrinationis.
734 3078 793 3142 per
812 3059 885 3124 loca
905 3068 1020 3122 sancta
1037 3058 1147 3142 templi
1169 3067 1202 3120 ot
1226 3057 1318 3139 jejun*

150 3166 238 3230 nium
264 3174 297 3228 ot
319 3164 480 3230 orationes
502 3183 593 3228 meas
612 3181 653 3228 ac
674 3163 876 3246 devotiones,
897 3179 991 3248 quae,
1013 3182 1072 3244 pro
1097 3162 1206 3227 dolor!
1229 3163 1319 3244 tepla

147 3269 218 3353 dae,
240 3269 405 3334 taediosae
426 3277 458 3332 et
477 3286 582 3352 paene
602 3269 736 3332 inutiles
759 3276 861 3352 erant,
879 3267 1025 3332 ordinavi
1037 3285 1095 3350 pro
1113 3267 1175 3343 bis,
1198 3265 1316 3350 quibus

147 3375 374 3458 promiseram,
397 3371 484 3458 quod
503 3374 538 3436 in
568 3373 650 3438 locis
685 3373 808 3438 sanctis
837 3378 1024 3438 memoriam
1060 3389 1169 3435 eornm
1194 3371 1316 3434 habere

147 3480 275 3562 vellem,
297 3485 410 3562 cipro
431 3479 514 3540 meis
536 3477 949 3563 dilectissimisfratribus,
977 3477 1014 3541 et
1042 3476 1315 3559 benefactoribus,

149 3587 204 3669 qni
225 3585 441 3660 mihimanum
459 3582 648 3663 adjutricem
659 3592 880 3667 porrexerant,
903 3575 1317 3664 contribneutesimpensas

149 3688 266 3753 odilla
286 3689 494 3754 sanctissima
523 3687 606 3750 loca.
649 3688 765 3752 blorlio·
788 3691 872 3755 enim
904 3697 1069 3772 tempore,
1101 3697 1170 3772 qno'
1196 3685 1317 3750 milites

147 3795 425 3877 percutiebantur,
454 3791 585 3856 ascendi
617 3792 659 3856 ad
696 3796 845 3856 sanctum
879 3803 1019 3858 montem
1042 3792 1236 3875 Calvariae,
1282 3797 1315 3853 ct

148 3901 287 3960 accenso
307 3893 429 3964 lumino
448 3906 482 3962 et
501 3904 677 3962 atramento
697 3899 808 3980 posito
825 3904 901 3961 ante
923 3916 985 3982 me,
1006 3898 1077 3961 sedi
1090 3897 1192 3980 juxta·
1204 3904 1319 3980 rupem

150 3991 409 4085 sanctissimam,
442 4003 475 4065 in
497 4020 562 4087 qua
581 4011 697 4066 sancta
725 4009 807 4064 cruri¹
828 4018 900 4064 cum
917 4001 1082 4068 crucifixo
1102 3997 1256 4084 steterat,
1279 4008 1317 4063 et

147 4105 290 4167 omnium
301 4108 481 4190 conscripsi
489 4108 631 4189 nomina,
644 4125 703 4189 pro
721 4103 839 4190 quibus
856 4126 948 4172 orare
958 4110 992 4172 in
1002 4106 1159 4192 singulari
1176 4099 1317 4189 promise

147 4223 227 4290 ram,
244 4217 278 4272 et
288 4229 346 4292 pro
364 4213 482 4295 quibus
493 4212 639 4275 tenebar.
683 4209 725 4271 Et
736 4203 917 4272 nominibus
932 4209 1079 4294 signatis,
1091 4211 1176 4274 sicut
1195 4210 1228 4274 in
1239 4210 1317 4272 tima

148 4313 221 4393 nm,
233 4317 360 4380 accessi
369 4334 444 4380 cum
456 4317 568 4380 oborta
578 4312 619 4377 ad
631 4313 734 4396 ipsam
750 4332 860 4396 rupem
870 4322 1025 4398 sanctam,
1038 4323 1072 4380 et
1083 4315 1127 4378 ibi
1135 4331 1221 4397 genu
1232 4313 1324 4378 flexo·
