2948 4876
215 443 413 527 conlegam
434 451 568 506 sanctos
597 442 724 505 iecisse
768 439 854 504 Nam
876 443 906 504 4.
928 439 1012 523 lleg.
1033 440 1075 504 V.
1111 441 1271 526 legimus,
1306 449 1406 529 qnod

214 545 364 610 Naaman
397 545 503 630 Syrna
534 549 652 630 petivit
683 548 725 608 ab
753 545 912 608 Helisaeo
939 547 1111 630 propheta,
1133 557 1169 610 ut
1190 549 1310 613 liceret
1332 555 1404 616 sibi

214 659 340 714 tautum
363 651 404 714 do
429 661 514 715 terra
533 661 648 715 sancta
670 651 802 731 tollere,
824 661 978 733 quantum
1001 652 1064 715 duo
1083 653 1166 716 asini
1188 655 1243 716 vel
1265 657 1400 720 burdo-

214 775 273 819 nes
294 767 430 840 possent
457 767 599 840 portare,
621 766 656 819 ut
679 756 811 817 duceret
833 773 903 817 eam
935 759 969 817 in
1002 767 1118 820 terram
1151 775 1250 820 suane
1286 772 1325 824 et
1355 763 1399 824 de

213 861 374 944 lapidibus
395 862 463 925 illic
484 861 586 924 altare
616 869 765 942 strueret,
797 863 832 922 in
864 878 928 942 quo
960 861 1120 924 sacrificia
1140 861 1282 926 Domino
1308 868 1397 931 coeli

213 967 352 1030 offerret.
395 967 433 1031 Si
460 985 538 1048 ergo
561 965 617 1026 ille
639 973 773 1026 tantum·
786 974 903 1028 terram
927 966 1015 1028 illam
1042 967 1224 1048 aspiciebat
1254 980 1396 1052 propter

213 1073 366 1156 ternplum
387 1073 420 1134 iu
443 1089 483 1134 ea
504 1079 722 1133 constructum
748 1079 782 1131 et
803 1069 978 1154 prophetas
999 1072 1034 1133 in
1068 1089 1107 1132 ea
1138 1071 1332 1136 habitantes
1362 1085 1395 1137 et

211 1186 343 1261 proptor
364 1176 518 1239 miracula
549 1177 582 1245 in
605 1192 644 1237 ea
664 1175 770 1256 facta,
802 1177 1047 1258 quantomagis
1073 1176 1263 1256 aspicienda
1293 1190 1351 1242 est
1372 1200 1393 1242 a

211 1284 305 1344 nobis
329 1290 459 1362 propter
480 1279 647 1362 praedicta
669 1285 703 1340 et
723 1289 854 1361 proptor
873 1279 997 1342 Christi
1018 1281 1254 1362 pretiosissima
1276 1285 1393 1346 vesti-

211 1387 266 1468 gia
299 1393 332 1446 at
353 1385 559 1446 beatissimae
580 1384 706 1446 Mariae
729 1384 873 1465 Virginis
899 1403 939 1447 ao
961 1384 1177 1466 apostolorum
1199 1395 1231 1448 et
1256 1398 1388 1470 marty-

211 1509 291 1572 rum,
314 1497 346 1550 et
368 1496 500 1571 propter
519 1489 787 1552 inaestimabilem
812 1491 1002 1572 sanguinem
1030 1489 1151 1554 Christi
1171 1490 1204 1550 in
1233 1509 1275 1552 ea
1296 1491 1386 1554 effu·
1460 1527 1461 1552 t

212 1611 295 1673 sum,
319 1611 446 1655 crucem
467 1602 500 1654 et
521 1594 740 1677 sepulchrum,
762 1611 857 1675 quam
872 1595 922 1657 sio
946 1595 1049 1677 gloria
1067 1612 1147 1656 suae
1176 1593 1385 1660 clarissimae

214 1699 459 1762 resurrectionis
469 1698 643 1762 illustravit
666 1708 699 1762 et
710 1699 788 1781 igne
807 1698 948 1781 Spiritus
960 1701 1067 1761 sancti
1083 1699 1241 1762 lustravit.
1278 1700 1383 1763 anlo
1460 1709 1461 1790 ζ

210 1822 289 1886 ergo
318 1802 429 1883 modo,
469 1803 557 1866 nulla
598 1807 740 1885 ratione,
780 1803 868 1865 nullo
901 1812 995 1884 pacto
1027 1813 1102 1866 sunt
1135 1803 1318 1886 particulae
1348 1815 1383 1867 et
1460 1801 1461 1824 ¹

209 1917 371 1992 petrarum
392 1911 499 1989 petiae
518 1908 560 1970 de
581 1908 637 1970 illa
652 1908 966 1971 illustrissimaterra
984 1918 1156 1990 assumtae,
1172 1909 1382 1990 spernendae

209 2022 265 2076 aut
283 2013 492 2097 abjiciendae,
515 2012 574 2075 sed
605 2031 678 2076 cunr
700 2015 911 2076 veneratione
937 2031 1054 2094 magna
1087 2013 1311 2096 colligendae,
1344 2023 1380 2076 et

206 2121 292 2182 inter
311 2122 501 2203 praecipuas
523 2119 676 2200 reliquias
698 2118 906 2180 ecclesiarum
929 2118 1156 2200 collocandae3
1178 2129 1211 2180 et
1230 2137 1297 2180 non
1318 2137 1380 2182 so·

207 2226 273 2287 lum
294 2228 366 2307 ipsa
382 2235 468 2286 terra
490 2233 522 2285 et
545 2223 646 2306 lapilli
676 2223 730 2286 vel
753 2232 912 2306 petrarum
934 2225 1051 2307 petiae,
1073 2224 1249 2286 sedetiam
1270 2243 1378 2306 grana
1460 2245 1461 2252 ¹

206 2337 241 2390 et
258 2329 485 2408 Pateruoster‚
513 2337 544 2390 et
570 2328 679 2410 arrunli
713 2337 745 2390 ot
774 2329 869 2410 sigua
900 2329 1180 2392 Paternostrorum
1212 2329 1376 2410 applicata

207 2434 288 2496 locis
310 2433 434 2493 sanctis
456 2441 532 2493 sunt
553 2433 787 2515 quodammodo
809 2434 1024 2517 sanctificata,
1046 2434 1119 2497 ideo
1140 2434 1375 2497 venerabiliora

206 2547 240 2600 et
260 2537 462 2618 pretiosiora,
484 2538 568 2597 siout
590 2547 678 2617 patet
690 2539 743 2601 fol.
757 2540 807 2602 36.
822 2539 862 2600 A.
894 2541 979 2605 .Nco
999 2539 1104 2602 solum
1115 2558 1181 2603 nos
1195 2538 1373 2601 Christiani

205 2642 248 2704 de
267 2639 434 2702 occidente
455 2640 516 2701 hoc
536 2637 681 2724 iacimus,
700 2643 761 2705 sad
773 2645 945 2706 orientales
963 2644 1140 2708 Christiani
1153 2644 1193 2706 de
1204 2643 1370 2712 altissimis

204 2746 337 2809 orientis
358 2744 504 2827 partibus
526 2745 650 2828 lapillos
673 2747 714 2809 de
734 2749 798 2810 illis
824 2751 917 2812 terris
950 2750 1107 2831 colligunt
1145 2758 1176 2812 et
1199 2767 1256 2810 eos
1276 2749 1368 2829 quasi

204 2871 307 2936 usque
330 2850 370 2915 ad
392 2849 534 2932 paradisi
556 2859 666 2932 portas
686 2851 806 2915 ducunt
823 2874 880 2935 pro
904 2852 1366 2934 observantissimisreliquiis.

183 2957 245 3019 lut
266 2957 350 3040 quod
372 2955 509 3039 amplius
531 2956 675 3036 mirabile
697 2966 758 3038 est,
780 2959 889 3021 audivi
911 2968 944 3020 et
976 2960 1056 3041 legi,
1088 2959 1174 3040 quod
1195 2956 1368 3020 orientales

203 3062 380 3127 Christiani
410 3062 657 3146 peregrinantur
675 3060 812 3125 Romam
840 3071 874 3125 ot
903 3063 943 3126 de
971 3063 1119 3125 ecclesiis
1147 3065 1252 3125 sancti
1277 3063 1368 3126 Petri

203 3177 237 3230 at
256 3168 362 3230 Paulli
385 3167 511 3250 lapillos
533 3168 701 3230 excutiunt
732 3175 765 3227 et
785 3187 843 3250 pro
862 3168 1006 3251 reliquiis
1023 3185 1128 3250 usque
1149 3166 1189 3229 ad
1211 3185 1367 3229 oceanum

201 3272 389 3333 orientalem
413 3271 541 3332 ducunt.
584 3271 740 3334 Nonnulli
769 3274 865 3335 etiarn
885 3272 989 3354 Alpes
1024 3269 1300 3354 transgrediuntur
1332 3278 1367 3333 et

200 3391 259 3456 per
279 3373 428 3454 llhouum
447 3373 480 3433 in
503 3371 670 3436 Coloniam
694 3377 928 3460 Aggrippinarn
951 3376 1172 3458 descendunt,
1193 3383 1227 3438 ut
1253 3373 1366 3436 eccle-

199 3477 280 3538 siam
292 3486 324 3539 et
334 3475 541 3557 sepulchrum
565 3479 660 3539 trium
670 3499 796 3562 regum,
811 3500 942 3544 snorum
956 3482 1247 3564 compatriotarum,
1267 3477 1365 3540 vidc-

200 3588 275 3662 ant,
299 3587 332 3640 et
358 3579 398 3640 de
427 3578 539 3641 eadem
568 3581 769 3646 ecclesiast
792 3587 974 3668 sepulchris
1006 3603 1118 3668 regunt
1145 3581 1271 3665 lapillos
1301 3581 1364 3644 sibi

199 3681 268 3746 dari
289 3691 472 3765 procurant,
492 3683 545 3751 vel
567 3689 729 3769 accipiunt
749 3692 779 3752 si
805 3693 952 3772 possunt,
974 3709 1056 3774 quos
1076 3695 1207 3770 postea,
1235 3685 1362 3770 quando

199 3784 370 3868 adportes
391 3803 469 3849 suas
491 3792 687 3869 revenerint,
710 3812 787 3856 auro
805 3804 838 3856 et
859 3805 992 3878 argento
1018 3794 1188 3874 includunt
1216 3801 1248 3853 et
1277 3789 1362 3871 lapi-

198 3891 291 3954 dibus
312 3893 554 3974 pretiosissimis
576 3894 764 3979 adjnugunt,
787 3906 821 3960 et
842 3901 876 3960 in
892 3901 1019 3963 annulis
1040 3909 1071 3962 et
1092 3897 1235 3962 flosculis
1251 3895 1361 3976 digitis

197 4005 362 4080 apponunt
391 4006 423 4058 et
443 3997 485 4060 ad
505 4000 591 4062 colla
610 4003 821 4082 suspendunt.
866 4005 1015 4068 Annulos
1044 4013 1152 4066 autom
1186 4009 1218 4062 at
1241 3999 1361 4080 jocalia

195 4103 251 4164 vel
275 4100 424 4165 clenodia
452 4103 615 4186 applicata
656 4107 838 4186 sepulchris
866 4129 979 4192 regum
1012 4111 1105 4172 trium
1134 4105 1360 4170 venerabiliter

196 4207 382 4270 custodiunt
402 4211 724 4291 tamquam'magnas
747 4211 910 4298 reliquias,
936 4224 968 4277 et
988 4214 1062 4277 illos
1083 4213 1285 4297 peregrinos,
1307 4212 1359 4292 qui

195 4311 236 4374 do
251 4313 376 4376 oriente
386 4313 419 4376 in
428 4311 595 4377 Coloniam
607 4315 739 4394 evagati
749 4325 835 4398 sunt,
851 4319 931 4382 miro
950 4317 1055 4398 modo,
1071 4317 1145 4382 dura
1162 4317 1357 4400 revenerint,
