2962 5022
689 25 692 33 ¹
794 19 796 22 ’
869 25 1306 120 natutasrraoruttcueau

640 445 709 528 'osb

174 621 250 696 Hoc
268 622 421 687 horribile
439 631 476 684 et
497 611 636 685 immane
658 622 784 686 facinus
807 633 858 686 est
876 623 913 686 in
931 623 1005 688 leco
1029 623 1091 690 boc
1112 625 1266 690 commis-

1 787 2 795 ,
93 741 162 790 snm
192 728 225 788 iu
258 727 447 808 perpetuum
471 726 668 790 Judaeorum
692 727 887 809 opprobium.
929 729 1014 792 Nam
1045 728 1159 812 bodie,
1190 729 1269 794 dam

92 831 163 912 quis
176 828 304 893 Judaeo
320 829 465 914 loquitur
482 830 607 894 deboc
619 829 731 911 vitulo,
746 829 861 905 rubore
882 831 1099 914 pertunditur3
1122 833 1186 896 boo
1200 848 1264 916 ego
1290 871 1296 878 -

1 921 2 1012 Q
92 935 162 1014 ipse
183 940 430 1014 expertossnm
452 933 560 997 moitis
580 935 727 1016 vicibus,
749 951 821 996 oum
843 933 987 998 Judaetr.
1001 937 1181 1000 conferens.
1224 939 1263 1000 ln

1 1025 3 1112 ζ
91 1037 152 1098 hec
173 1055 251 1119 ergo
272 1036 344 1100 loco
364 1039 422 1101 mn
442 1039 543 1102 israel
565 1036 742 1101 secundnm
763 1038 921 1120 psalmum
941 1038 1030 1102 obiiti
1052 1050 1126 1103 sunt
1146 1041 1262 1124 Deum,

1 1117 3 1135 ¹
66 1173 68 1176 ·
92 1140 307 1220 qubsolvavtt
327 1159 395 1223 cos,
417 1144 471 1224 qni
493 1143 569 1206 fecit
599 1143 763 1226 magnalia
783 1145 817 1202 tn
838 1143 1011 1225 Aegypte,
1030 1143 1197 1210 mirabilia
1228 1146 1261 1206 in

90 1240 174 1306 terr'a
205 1243 326 1325 chrm,
349 1246 502 1308 terribilia
533 1248 667 1310 inmari
693 1247 806 1321 rubro,
832 1255 865 1308 et
897 1247 1043 1310 iecerunt
1069 1245 1205 1309 vituium
1227 1249 1259 1310 in

1 1337 2 1348 ’
91 1347 176 1410 Oreb
198 1358 230 1410 et
253 1349 468 1415 odoraverunt
489 1351 641 1432 sculptile
672 1360 703 1414 et
726 1357 932 1415 mutaverunt
956 1349 1206 1432 gioriam‘snam
1228 1354 1262 1414 tn

88 1453 325 1517 similitudinem
347 1454 442 1518 nunti
463 1453 663 1518 comedentis
685 1455 826 1522 foenum.
1014 1437 1017 1444 ¹

171 1555 268 1623 Circa
289 1559 352 1621 hoc
374 1575 537 1642 ergeuen
561 1560 719 1624 immerito
740 1559 829 1622 cadit
851 1558 1020 1643 dubitatio,
1044 1577 1086 1622 ex
1114 1577 1179 1642 qno
1198 1559 1258 1622 iiiii

88 1659 189 1721 israel
210 1661 416 1725 idololatrare
436 1658 599 1747 volebant,
620 1681 721 1745 quare
740 1665 853 1746 potius
880 1663 1016 1727 vitulum
1038 1683 1095 1748 pre
1117 1663 1179 1726 deo
1199 1680 1262 1726 eno

89 1765 324 1828 constituerunt
347 1768 556 1850 conflatilem,
579 1776 674 1850 quiam
696 1769 856 1832 hominem
878 1767 1072 1832 conflatilem
1101 1767 1157 1830 vel
1189 1767 1260 1830 iec-

90 1884 174 1949 uem,
197 1879 252 1934 ant
273 1889 381 1954 ovem,
402 1883 455 1934 ant
477 1873 618 1934 Veneris
631 1909 634 1914 ·
648 1881 703 1934 ant
724 1871 820 1934 Jovis
850 1881 905 1935 aut
926 1871 1056 1935 Saturni
1088 1881 1142 1934 ant
1168 1872 1259 1934 Aes-

87 1947 208 2054 culapii
226 1971 425 2056 imaginem?
459 1974 543 2052 Quid
565 1978 661 2038 istum
694 1974 856 2036 infelicem
887 1976 1039 2056 populum
1059 1976 1092 2037 in
1115 1983 1256 2038 amorem

87 2077 181 2138 vituli
208 2078 374 2162 attraxit?
405 2080 470 2161 (b)
498 2078 708 2162 Respondco:
740 2077 907 2160 Aegyptii,
935 2079 1018 2141 inter
1047 2094 1131 2161 quos
1162 2077 1282 2140 babi-'

1 2211 3 2228 .
87 2189 237 2242 taverunt
276 2159 374 2246 multo
415 2193 576 2265 tempore,
612 2191 721 2250 erant„
735 2181 891 2244 idolatrae
917 2187 950 2242 et
983 2181 1132 2244 colebant
1159 2180 1257 2262 Apim

1 2319 4 2349 ι
84 2285 117 2345 iu
150 2287 260 2366 specie
293 2287 375 2350 tauri
406 2291 487 2350 sive*
510 2288 633 2367 tenuis,
663 2286 785 2348 Jovem
817 2301 896 2346 vcro
929 2285 962 2346 iu
991 2284 1102 2367 specie
1131 2283 1255 2346 arietis.

1 2445 3 2454 ,
83 2388 182 2451 Porro
219 2389 299 2472 Apis
331 2402 399 2454 erat
432 2391 591 2472 quondam
612 2391 725 2471 homo,
747 2407 804 2451 rex
826 2387 1030 2470 Argiuorum.
1073 2383 1138 2449 Hic
1164 2387 1257 2468 cupi·

1 2544 4 2560 ‚
84 2490 187 2553 ditate
208 2492 531 2578 ductusacquireudi
549 2493 635 2557 aliud
657 2511 792 2577 regnum
816 2491 1046 2555 transtretauit-
1062 2491 1095 2553 iu
1116 2489 1256 2576 Aegyp-

1 2627 5 2667 t
82 2603 150 2656 tum
190 2606 237 2659 et.
254 2599 405 2681 populum
440 2599 549 2661 rudem
582 2600 717 2682 devicit,
750 2595 872 2660 eisdem
904 2597 1046 2678 regimen
1075 2595 1256 2658 humaniter

2 2737 5 2768 2
82 2699 216 2762 vivendi
245 2703 370 2765 tradidit
396 2711 431 2764 et
465 2704 573 2764 viuum
598 2703 706 2764 facere
726 2708 759 2762 et
790 2701 900 2764 bibero
921 2717 979 2764 eos
998 2700 1115 2765 docuit.
1161 2699 1254 2764 Unde

81 2803 115 2863 iu
138 2811 230 2881 tauta
249 2809 457 2870 veneratione
478 2808 599 2889 incepit
618 2807 739 2888 haberi,
762 2816 795 2869 ut
817 2825 891 2869 enm
922 2826 980 2889 pro
1002 2825 1061 2870 suo
1084 2805 1145 2874 deo
1164 2804 1254 2868 coie-

2 2967 3 2979 ¹
82 2917 153 2968 rent
176 2901 305 2972 et‘lsim
339 2900 508 2996 conjugem
531 2929 621 2974 suam
649 2931 707 2994 pro
735 2910 797 2974 dea
817 2910 982 2985 habereut.
1027 2911 1092 2971 Hic
1124 2909 1254 2989 Apisa

2 2993 3 3000 ἵ
82 3001 262 3076 fratre‘suo
284 2999 418 3097 'i'ypireo
442 3014 569 3077 occulte
596 3015 724 3076 occisus
758 3014 831 3094 fuit,
852 3032 953 3094 quem.
979 3014 1043 3073 isis
1084 3029 1164 3073 uxor
1194 2997 1279 3072 sna'

82 3123 119 3176 et
142 3117 294 3201 Aegyptii
315 3109 427 3181 omu'es
456 3118 670 3179 aestimabant
697 3133 735 3176 se
763 3114 976 3178 abscondisse
997 3124 1029 3176 et
1059 3133 1130 3175 eum
1153 3113 1253 3174 multo

1 3277 3 3304 f
79 3228 225 3301 tempore
246 3226 486 3304 quaesiverunt,
505 3219 635 3283 tandem
659 3229 764 3282 autom
784 3217 880 3300 juxta
892 3217 1004 3280 Nilum
1026 3217 1253 3298 quaerentibus

77 3321 230 3386 viderunt
253 3335 376 3388 taurum
400 3327 454 3388 vei
486 3327 601 3388 bovem
631 3323 736 3386 album
759 3322 801 3384 de
832 3321 926 3406 aquis
956 3317 1133 3404 ascendere
1158 3328 1191 3380 ct
1220 3321 1253 3382 iu

1 3415 2 3420 ’
78 3427 191 3488 littore
221 3429 369 3492 saitando
398 3429 509 3492 indere
537 3429 663 3492 cunctis
690 3427 955 3512 inspectantibus.
998 3425 1095 3487 Hunc
1127 3421 1252 3488 taurum

78 3531 333 3596 aestimaverunt
356 3535 452 3616 Apim
474 3550 551 3594 esse
572 3541 606 3594 et
636 3551 707 3595 com
740 3527 891 3594 universo
912 3547 1033 3612 genere
1054 3530 1248 3594 musicarum

1 3669 3 3674 ,
77 3645 241 3698 venerunt
263 3638 457 3712 etantanto
470 3645 562 3698 tauro
584 3636 798 3718 saltauerunt,
812 3643 960 3701 currente
981 3653 1020 3698 co
1042 3645 1251 3720 cucurrerunt

1 3749 2 3756 ’
76 3747 110 3800 et
136 3757 195 3820 per
215 3759 360 3827 campum
384 3741 488 3803 secuti
510 3750 633 3802 taurum
649 3739 785 3803 choreas
804 3741 973 3822 ducebant,
987 3759 1068 3826 ques
1089 3749 1166 3804 aute
1188 3741 1251 3803 hoc

75 3832 198 3905 factum
220 3863 319 3913 ,ucmo
341 3847 476 3910 sciebat.
512 3845 605 3906 iilum
627 3861 704 3926 ergo
727 3853 861 3922 taurum,
883 3846 936 3909 vei
958 3847 1066 3928 potius
1088 3844 1248 3908 diabolum

74 3947 113 4008 in
136 3931 250 4031 tanmj
267 3950 362 4032 Apim
389 3949 549 4014 vocabant
571 3967 709 4033 eumque
732 3969 803 4032 pro¹
819 3950 884 4033 Api
914 3960 950 4014 nt
971 3950 1077 4012 Deum
1102 3946 1277 4011 colebant'

74 4058 111 4110 et
135 4065 208 4111 enm
230 4057 420 4116 nutriebant.
458 4057 550 4116 boue
570 4053 632 4116 hcc
654 4061 781 4119 mortuo·
799 4056 912 4119 iterum
932 4055 1028 4135 Apim
1054 4048 1250 4130 quaerebant

72 4161 109 4215 et
132 4153 264 4218 vitulum
286 4158 430 4241 ejrpdem
453 4159 572 4222 coloris
591 4159 803 4236 invenerunt,
836 4175 929 4236 quoru
943 4153 1110 4230 „divinitus
1131 4169 1251 4234 procu-

70 4259 141 4320 rari
174 4259 235 4321 sibi
261 4262 439 4324 credebant
471 4271 502 4324 ct
534 4259 675 4342 proripi
701 4245 878 4320 adorabant
905 4265 938 4318 et
966 4264 1079 4340 postca
1102 4256 1248 4336 Serapim

68 4363 206 4424 nomine
229 4372 360 4438 ‚mutato
394 4381 465 4426 eum
505 4363 667 4426 vocabant
692 4368 733 4422 et
769 4359 834 4442 Api
862 4359 928 4440 jam
960 4368 1070 4442 spreto
1102 4345 1247 4441 Serapim

67 4467 150 4530 ioco
170 4467 458 4531 aclis‘adouabant.
503 4465 565 4530 Cui
589 4464 732 4528 mirabile
752 4463 956 4526 simulacrum
987 4471 1026 4524 et
1041 4459 1192 4542 tempium
1215 4464 1250 4524 in
