3030 4864
728 261 792 326 438

186 439 371 504 interiorem
393 436 615 522 soutsdnen,
636 456 775 522 cumque
790 438 834 500 in
854 439 1027 522 supercilio
1046 445 1209 502 staremus
1235 445 1269 502 et
1294 455 1356 520 pa·

187 541 256 616 vidi
278 542 320 606 ad
351 543 502 608 interiora
536 543 634 628 longe
668 544 729 626 sub
762 545 855 609 nobis
885 546 1138 626 respiceremus,
1166 545 1357 628 inceperunt

187 646 351 712 camelarii
373 667 434 712 nos
455 649 616 732 respicere
643 668 714 712 cum
737 648 875 732 quadam
904 649 1024 712 laetitia
1045 656 1077 711 et
1099 648 1213 732 digitis
1236 647 1356 732 aliquid

187 749 411 818 demonstrare
431 763 547 817 cantra-
565 755 739 837 meridiem,
762 754 821 818 aed
843 773 904 818 uec
926 773 1034 817 eornm
1056 755 1151 835 signa
1173 773 1234 816 nec
1255 754 1356 817 verba

187 855 421 940 intelleximus,
443 855 579 920 Csiinus
599 868 707 922 autem
730 860 865 922 veniens
881 858 1112 922 demonstravit
1135 860 1227 922 nobis
1246 861 1355 943 regio-

182 975 260 1024 nem
287 978 308 1022 a
329 959 443 1044 longa,
464 961 562 1025 vaide
584 965 894 1047 montuosissimsm,
923 966 980 1046 qui
1001 973 1126 1029 montes
1147 973 1238 1026 erant
1259 964 1355 1026 altis-

184 1066 260 1128 simi
282 1076 315 1128 et
337 1049 530 1130 videbantur
549 1069 643 1136 nobis
663 1069 836 1152 caliginosi
856 1078 888 1132 et
911 1067 1144 1150 quodammodo
1161 1068 1257 1150 nigri,
1277 1069 1353 1149 quia

186 1169 299 1255 procul
332 1170 505 1235 distabant.
560 1173 650 1234 lnter
681 1174 742 1238 bos
771 1184 896 1238 montes
924 1174 1066 1238 ostendit
1092 1173 1185 1236 nobis
1213 1179 1362 1260 merrtem

186 1293 339 1358 magnum
360 1287 391 1339 et
413 1276 578 1340 excelsum
605 1277 717 1360 vaide,
750 1277 813 1341 dno
845 1281 1013 1341 cacumina
1040 1279 1135 1361 quasi
1163 1276 1227 1339 dno
1248 1274 1354 1358 capita
1403 1295 1418 1326 ··

185 1380 369 1463 habentem,
384 1399 517 1463 qnorum
539 1389 648 1444 tamen
668 1399 765 1444 unum
788 1380 886 1445 multo
908 1382 1004 1446 altius
1025 1384 1127 1446 altero
1149 1390 1228 1444 erat.
1251 1378 1354 1442 Cum-

182 1501 252 1566 que
272 1501 385 1546 omnes
406 1495 545 1548 montem
567 1486 781 1567 intueremur,
805 1483 899 1546 dixit:
923 1503 1017 1566 ecce,
1041 1485 1160 1549 domini
1181 1483 1353 1568 peregrini,

185 1589 240 1652 irio
259 1596 310 1649 est
332 1606 425 1650 mons
444 1573 579 1670 sendus
602 1587 688 1652 Oreb
710 1599 743 1651 et
765 1587 886 1672 Synai,
908 1590 950 1651 in'
963 1607 1026 1672 quo
1047 1598 1160 1652 vestra
1190 1589 1354 1651 laboriosa

184 1692 401 1775 peregrinatio
432 1693 639 1772 terminatus,
671 1695 747 1757 Hoc
774 1711 848 1758 cum
881 1693 1137 1775 audivissemus,
1170 1693 1278 1754 statim
1311 1690 1353 1752 de

185 1799 288 1862 asinis
313 1798 493 1862 cecidimus
521 1808 554 1862 et
575 1801 736 1888 protensis
759 1799 922 1880 manibus,
954 1795 1048 1861 flexis
1068 1798 1219 1880 genubus
1241 1803 1354 1858 contra

184 1911 325 1966 montem
355 1912 520 1986 sartctnm,
547 1904 651 1968 licum
679 1901 894 1967 adoravimus.
938 1903 1048 1966 li'iuita
1069 1911 1174 1984 autem
1210 1902 1353 1964 oratioue

186 2007 385 2078 surreximus
407 2017 440 2070 et
468 2008 509 2071 ad
540 2018 664 2093 partem
697 2009 840 2072 dextram
870 2027 958 2072 mare
989 2011 1118 2078 rubrum
1149 2006 1289 2070 vidimus
1320 2005 1353 2066 in

185 2111 280 2194 parte
299 2113 381 2176 satis
403 2133 519 2197 magna
549 2125 581 2178 et
603 2115 771 2178 videbatur
799 2115 892 2175 nobis
922 2133 1009 2176 mare
1041 2114 1169 2176 rubrum
1192 2111 1233 2174 de
1254 2126 1354 2195 prope

186 2235 272 2300 esse,
286 2235 326 2279 ac
347 2219 377 2279 si
399 2219 472 2300 quis
493 2220 526 2282 iu
548 2237 609 2284 sex
629 2219 717 2284 iroris
738 2211 850 2300 posset
870 2218 903 2281 in
925 2237 1009 2302 equo
1036 2217 1161 2281 vadens
1186 2214 1360 2300 accedere,

187 2319 247 2383 aad
281 2320 415 2384 Caiinus
448 2313 541 2386 dixit
562 2326 671 2405 nebia,
705 2322 790 2405 quod
812 2330 924 2384 esseut
955 2330 1021 2383 tres
1049 2339 1185 2402 rnagrraa
1217 2319 1351 2382 diaetae.

182 2424 253 2487 Sub
276 2435 384 2488 monte
407 2446 502 2508 vero,
524 2429 557 2489 in
579 2427 838 2509 prostituamus,
861 2433 929 2488 erat
951 2428 1042 2506 regio
1063 2424 1254 2506 campestris
1276 2422 1352 2502 tata,

183 2536 375 2611 postquam
398 2536 487 2590 erant
518 2535 664 2609 montes,
692 2531 748 2614 qui
776 2531 927 2593 continue
948 2529 981 2591 in
1002 2527 1173 2590 altitudine
1201 2525 1353 2608 proficie-

178 2635 261 2693 -bant
290 2635 395 2715 usqne
423 2629 463 2692 ad
492 2630 650 2694 altissima
681 2644 832 2699 montana
860 2633 981 2696 deserti
1013 2631 1126 2714 Syriai.
1178 2630 1271 2692 Visis
1300 2628 1352 2691 his

183 2736 354 2818 eduximus
382 2737 423 2800 de
448 2736 589 2799 mulis
614 2741 735 2801 nostris
766 2740 857 2802 cibos
884 2745 918 2801 et
941 2735 1139 2818 jantaculum
1165 2735 1353 2815 sumsimus,

179 2841 278 2904 simui
300 2840 463 2904 sedentes
486 2840 566 2903 Post
586 2842 649 2904 hoc
668 2843 812 2908 infirmos
834 2852 962 2906 nostros
984 2841 1026 2904 de
1040 2838 1233 2916 camelorum
1254 2855 1351 2921 spor·

183 2947 227 3007 tis
248 2946 448 3028 levavimus,
472 2954 507 3008 ut
526 2944 696 3028 pedestres
718 2948 883 3010 nobiscum
911 2966 970 3030 per
993 2961 1151 3028 praeceps
1172 2941 1353 3005 descende-

184 3059 266 3115 rent.
287 3067 290 3080 ·
309 3052 350 3114 Et
379 3052 530 3135 quamvis
558 3051 765 3114 involuntarii
794 3059 924 3130 esseut,
953 3060 1060 3113 tamen
1092 3049 1261 3131 oportebat
1294 3063 1351 3109 eos

183 3175 242 3237 per
256 3173 294 3218 se
314 3156 478 3218 ambulare
498 3174 558 3238 per
574 3154 662 3218 iilum
679 3155 871 3220 descensum
887 3153 1206 3238 periculosissimum.
1227 3149 1352 3212 Cameli
1424 3215 1429 3224 ,

183 3277 262 3341 ergo
294 3259 528 3341 praecedentes
555 3259 796 3324 descendebant
828 3279 902 3323 oum
933 3260 1047 3321 timore
1081 3263 1115 3318 et
1149 3265 1287 3317 tremore
1319 3261 1350 3315 et

182 3379 314 3443 passum
345 3373 419 3445 post
449 3381 581 3447 passam
614 3366 801 3446 cautissime
838 3364 1016 3442 iaciebant,
1043 3361 1196 3434 timentes
1226 3359 1288 3422 sibi
1316 3364 1351 3420 et

181 3465 253 3528 suis
274 3468 426 3529 oneribus
448 3475 482 3529 ct
502 3466 685 3531 tardissime
706 3469 805 3550 ibant,
822 3488 886 3532 uno
907 3456 991 3530 enim
1015 3466 1100 3528 iacto
1117 3480 1351 3547 pessumarum
1476 3510 1483 3523 .

141 3566 151 3580 “
181 3570 312 3651 tongam
347 3568 426 3650 (ut)
437 3577 482 3647 a)
506 3570 684 3652 iaciebant,
715 3581 887 3654 antequam
912 3571 1007 3634 atium
1039 3571 1244 3648 inchoarent,
1276 3567 1352 3647 quia

182 3689 341 3756 praecepa
363 3685 395 3736 et
416 3673 617 3758 periculosus
640 3674 828 3738 descensus
841 3685 919 3738 arat.
964 3675 1113 3758 Cumque
1133 3671 1225 3756 quasi
1247 3687 1352 3752 usqua
1483 3705 1484 3735 t

182 3776 223 3838 ad
233 3777 372 3841 medium
383 3779 489 3844 saitus
499 3780 715 3862 venissemus,
728 3780 872 3843 camelus
882 3781 945 3862 iiie,
957 3779 1098 3862 adcujus
1109 3778 1194 3842 latua
1206 3793 1290 3840 unus
1298 3775 1352 3838 in·

181 3881 294 3944 iirmus
305 3887 494 3966 peregrinus
513 3882 554 3946 de
574 3885 751 3967 potioribus
762 3895 794 3948 et
804 3886 1010 3968 nobilioribus
1029 3883 1274 3967 per·desertum
1291 3899 1352 3962 pe·
1481 3929 1482 3958 ,

181 3986 346 4072 penderat,
359 3990 474 4052 ndens
490 3989 625 4072 [voluit]
634 4008 690 4071 per
701 4008 811 4072 rupem
824 4009 919 4054 unam
934 3988 1147 4068 descender03
1161 3996 1194 4050 et
1207 3986 1281 4050 dum
1291 4002 1352 4046 arr-

181 4091 318 4155 tariores
345 4093 446 4175 pedes
481 4095 699 4176 submitteret,
732 4095 968 4176 posterioribus
998 4093 1150 4177 supernis
1181 4089 1353 4171 stantibus,

179 4196 286 4289 subitp
308 4197 390 4260 setta
410 4215 483 4262 curn
505 4200 656 4262 oneribus
678 4217 736 4279 per
756 4198 873 4261 coitum
899 4207 932 4262 et
953 4207 1049 4281 caput
1071 4197 1199 4260 bestiae
1227 4193 1353 4277 dilapsa

181 4308 249 4380 est,
271 4290 304 4362 et
325 4320 383 4382 per
406 4319 562 4385 praeceps
589 4302 695 4365 omnia
716 4302 905 4366 cecideruut
926 4303 1024 4386 louge
1046 4301 1197 4366 deorsum
1218 4297 1354 4362 rotando
