2970 4862
773 249 818 318 78

217 453 283 502 nou
307 439 431 518 onrsnt,
452 432 513 498 sed
534 429 673 517 pedagio
692 450 714 494 a
737 431 983 496 transeuntibus
1001 449 1060 516 per
1079 449 1207 498 eremos
1237 433 1381 518 exigunt.

215 541 296 606 Post
316 539 443 623 longam
467 553 544 619 ergo
563 534 827 618 disceptationem
849 541 1027 620 coegerunt
1039 535 1211 602 Semeeni
1232 538 1383 603 duetores

212 644 319 708 nostri
339 643 429 724 ipsos
451 651 605 725 patronos
627 640 669 703 ud
691 639 830 704 deudoru
854 649 929 705 outo
950 641 1086 706 duestos
1115 639 1198 725 ipsis
1218 641 1382 707 Aruernus

212 765 272 832 pru
302 745 445 830 pedagio
468 747 586 810 montis
613 752 649 808 ut
676 763 734 828 pro
764 745 937 829 violentis,
968 746 1044 829 qnia
1070 747 1232 829 peregrini
1257 745 1382 830 lapides

213 859 325 916 eontra
346 869 404 914 eos
435 851 631 914 levaverunt
659 859 693 912 et
713 852 753 913 alr
776 850 827 912 eis
845 850 880 913 vi
907 859 1120 913 reoesserunt.
1162 853 1257 913 Hune
1279 867 1382 934 peen-

210 958 296 1021 uiem
317 956 443 1040 patroni
466 953 586 1018 debunt
607 969 680 1016 oum
702 955 844 1017 murima
863 952 1086 1038 indignatione
1107 963 1142 1017 et
1158 956 1252 1018 nobis
1278 955 1381 1018 mule-

211 1063 380 1145 dieebunt,
401 1061 552 1124 volentes
575 1060 662 1122 noire
669 1101 679 1140 ,
705 1060 761 1142 qni
790 1059 982 1124 fuissentin
1005 1059 1068 1122 isto
1090 1059 1176 1122 ieoto
1194 1067 1381 1141 peeueutes,

210 1169 271 1233 sed
294 1167 403 1230 nullus
423 1164 529 1228 voluit
551 1166 601 1225 eis
614 1161 733 1244 dicere,
754 1165 842 1246 qniu,
862 1163 892 1226 si
910 1164 1086 1228 solvissent
1095 1163 1171 1226 illos
1181 1164 1380 1254 peregrinos,

209 1288 300 1336 nonu
321 1271 491 1332 exactione
506 1267 896 1350 peonnieemnlutassent.
939 1267 1090 1350 Dxpediti
1107 1277 1236 1351 ergoet
1255 1267 1380 1334 dimissi

210 1391 270 1459 per
282 1355 410 1434 Arabes
422 1369 648 1434 descendimus
660 1373 772 1434 'eontra
785 1370 929 1454 deriolro,
950 1391 1022 1436 eum
1039 1381 1148 1436 tumen
1162 1371 1204 1435 ud
1214 1372 1386 1435 sinistrum
1433 1361 1435 1366 ’

210 1477 401 1557 dimisimus,
422 1483 456 1538 et
476 1483 587 1538 eontra
612 1482 762 1557 anstrum·
774 1474 815 1546 ed
832 1475 973 1546 rudioem
983 1477 1379 1562 montiumprouessimne,

26 1605 28 1612 ’
126 1625 146 1657 μ
192 1588 249 1645 ω
277 1569 318 1644 ud
341 1583 464 1662 regium
488 1583 595 1662 vium,
619 1597 682 1662 ¹pter
703 1595 799 1663 quum
821 1577 875 1641 de
893 1580 1077 1646 Jerusalem
1098 1580 1379 1661 demutemus,

210 1671 406 1751 verriremus.
455 1681 561 1767 Supra
581 1683 712 1748 Jeriolro
735 1692 842 1748 entem
875 1685 916 1764 ed
941 1681 1102 1767 pullicum
1124 1693 1256 1747 stratum
1282 1686 1376 1748 vesi-

210 1807 284 1854 mus
306 1789 348 1860 ud
369 1803 464 1850 unum
494 1783 724 1851 testudineum
753 1783 977 1853 domunculam
1008 1793 1042 1852 in
1064 1789 1192 1868 modum
1224 1788 1379 1870 espell'se,
1410 1781 1413 1788 ⁴

210 1903 243 1958 et
263 1895 309 1957 ini
330 1901 382 1955 est
405 1891 516 1973 loeus,
531 1893 565 1952 in
587 1905 651 1974 quo
673 1893 831 1955 Dominus
851 1892 952 1957 denus
974 1893 1058 1956 duos
1077 1907 1196 1957 ooeeos
1215 1893 1379 1956 illumino-i
1413 1955 1416 1962 ,

208 2000 269 2081 vit,¹
292 2005 329 2060 ut
350 1997 717 2061 hubeturlllettlrseiw.
739 1996 838 2074 (sn
852 1998 916 2081 A),
929 2017 1064 2082 quorum
1086 2015 1170 2060 unus
1190 2005 1262 2060 eret
1281 2005 1377 2059 notus

207 2103 326 2186 multia,
348 2110 380 2163 et
404 2100 645 2164 dioelrutanur
664 2101 847 2184 thimaeus,
870 2103 957 2168 lilius
978 2103 1134 2187 ll'lrinraui,
1155 2119 1249 2185 quern
1272 2100 1377 2164 solnm
1444 2179 1449 2186 ,

150 2263 152 2270 ⁴
207 2209 350 2270 nominet
371 2206 506 2268 Mutuus
527 2221 598 2287 cap.
628 2205 668 2265 X.
713 2207 750 2266 ln
772 2207 834 2269 hoo
863 2207 934 2271 loeo
956 2205 997 2270 de
1018 2207 1121 2270 asinis
1143 2206 1318 2269 oeeidimns
1344 2191 1377 2268 et

207 2311 337 2374 Domini
351 2309 433 2371 Jesu
454 2309 596 2388 vestigia
617 2307 798 2373 deoseulati
818 2326 942 2394 sumus,
967 2320 999 2374 et
1019 2309 1239 2394 indulgentius
1259 2327 1378 2394 peree-

208 2415 314 2497 pimns
336 2412 405 2494 (is).
460 2399 513 2473 Ab
534 2411 589 2474 illo
615 2411 686 2473 looo
705 2411 747 2474 ud
769 2431 940 2477 ascensum
973 2424 1195 2478 montanorum
1215 2416 1377 2495 venimus,

209 2525 390 2600 quaesunt
412 2523 562 2576 montane
573 2513 694 2580 deserti
715 2517 908 2582 Adummim.
953 2521 990 2580 ln
1012 2537 1051 2582 ea
1071 2521 1157 2582 enim
1183 2529 1252 2582 erat
1270 2535 1379 2602 quou-

209 2621 285 2684 dem
307 2621 386 2684 villa
409 2620 483 2700 situ,
506 2618 600 2700 enjus
622 2621 730 2684 ruinas
750 2622 906 2707 vidimus,
928 2625 1058 2686 uomina
1081 2623 1281 2705 Adummim,
1301 2624 1324 2686 i.
1345 2641 1375 2686 e.

209 2741 367 2788 aseensus
410 2723 609 2806 rubentium,
641 2734 774 2808 propter
805 2728 1015 2810 sanguinem,
1048 2729 1103 2810 qui
1127 2725 1195 2791 illio
1221 2727 1336 2792 erebro
1355 2745 1377 2790 u

208 2829 387 2893 latronibus
410 2827 617 2911 illudebatur,
645 2835 678 2890 et
699 2832 739 2891 elr
762 2828 817 2893 illo
837 2831 973 2894 oustelle
992 2841 1093 2896 totu·
1113 2832 1276 2896 desertum
1297 2829 1376 2894 illud

208 2951 229 3000 a
249 2936 373 3000 Iericho
402 2951 531 2998 sursum
560 2950 666 3017 nsque
700 2933 741 2996 ud
764 2935 954 2998 Bethanium
976 2935 1092 3000 dieitur
1111 2935 1312 3018 Adummim,
1340 2943 1376 2998 et

207 3039 249 3104 ad
269 3040 421 3104 auxilium
449 3041 608 3103 viatorum
633 3036 732 3118 hujus
763 3039 962 3121 sanguinarii
994 3047 1028 3111 et
1061 3041 1187 3104 omenti
1215 3041 1278 3104 loui
1314 3040 1376 3105 leit

206 3145 377 3208 nusiellum
398 3144 442 3206 ibi
464 3143 682 3221 aedificatum,
704 3141 902 3223 praediolum
914 3143 1107 3213 Adummim.
1151 3145 1203 3208 Da
1220 3145 1282 3210 hoo
1302 3145 1375 3210 loeo

205 3249 341 3311 hebetur
362 3247 487 3310 Josnao
517 3247 567 3309 ts.
629 3246 788 3309 Dominus
828 3264 958 3331 quoqne
991 3249 1026 3312 in
1052 3250 1205 3332 purulrols
1235 3249 1375 3312 hominis

207 3349 436 3414 descendentis
452 3349 665 3413 odernsulem
685 3349 719 3411 iu
736 3351 862 3414 leriulro
884 3353 1069 3417 recordetur
1087 3354 1375 3436 lrujnsiuseuuris·

205 3455 309 3518 simeo
337 3453 414 3516 uiae
435 3451 476 3514 de
497 3453 626 3518 homine
647 3454 784 3536 spoliato
805 3463 840 3517 et
871 3459 1032 3542 suueieto,
1064 3459 1174 3521 moue
1193 3456 1235 3520 X.
1279 3455 1374 3520 lludu

205 3557 301 3622 hodie
320 3559 489 3621 ’lurtonioi
522 3557 694 3621 oastellnm
728 3558 927 3642 praediolum
949 3571 982 3624 et
1009 3561 1173 3625 desertum
1207 3563 1373 3626 nominent

204 3661 370 3745 llotluelr,
404 3664 500 3745 quusi
532 3662 623 3724 rivus
658 3664 837 3746 sanguinis.
886 3665 1091 3730 Asuenrlnnt
1127 3667 1211 3729 anim
1236 3666 1373 3730 Arabes

204 3767 314 3829 miseri
336 3775 370 3830 et
389 3766 516 3829 latitent
537 3769 571 3829 in
595 3767 652 3830 illo
670 3765 801 3831 deserto
821 3768 916 3850 juxta
940 3771 1027 3833 viem
1057 3780 1090 3834 et
1118 3771 1259 3854 spolient
1279 3779 1374 3832 trun·

203 3877 353 3953 seuutes,
374 3886 438 3933 neo
457 3871 578 3934 audent
599 3870 773 3935 Sarruueni
801 3873 866 3936 nisi
893 3873 977 3936 bene
999 3875 1152 3940 ussoeieti
1172 3874 1372 3939 desoeudere

201 3972 258 4036 vel
278 3973 465 4037 usoendere.
516 3975 601 4040 cum
622 3995 700 4059 ergo
732 3959 897 4042 desertum
917 3978 1090 4042 Adummin
1110 3978 1371 4061 eseendaremus,

202 4077 274 4140 siue
316 4079 552 4143 intermissione
588 4081 753 4162 agitabunt
799 4091 832 4145 et
874 4083 1084 4148 stimulabant
1118 4101 1180 4150 nus
1218 4083 1371 4148 ductores

200 4183 303 4246 nostri
325 4183 366 4246 ad
393 4183 535 4246 ualerem
557 4201 758 4269 praeessem,
788 4185 874 4270 qnod
896 4187 1025 4271 quidem
1047 4191 1080 4252 iu
1110 4189 1372 4274 peregrinatione

199 4303 272 4349 mee
303 4285 448 4350 seonndu
478 4289 555 4352 leve
596 4289 657 4355 luit
689 4291 845 4356 omnibus.
910 4292 978 4358 Sed
1012 4295 1047 4358 in
1080 4296 1184 4377 primu
1216 4301 1370 4379 quantum
