2926 5050
236 619 279 682 tle
300 617 452 682 tratribus
471 617 592 686 nostrie
612 619 646 680 in
667 615 925 684 medlobsuiuis
946 616 1138 682 menemus
1150 634 1215 682 nor
1232 627 1404 702 rumperet.

236 723 355 790 Statim
374 733 410 788 ut
437 723 499 788 boe
519 721 714 801 andivimus,
735 725 919 788 natavimus
941 721 983 786 sd
1005 722 1130 804 loouer,
1151 723 1207 786 nbi
1233 725 1404 788 mersus

235 829 352 909 luerat,
372 833 407 890 et
417 827 462 892 ita
476 826 749 892 eireumnetantes
762 826 1042 910 praestolabamur
1055 845 1129 890 enm
1137 827 1285 910 prodire.
1321 828 1404 888 Tan·

235 931 307 996 dem
330 940 407 1015 post
426 948 548 996 maram
570 931 652 994 setis
678 930 807 1014 longsm
829 931 962 1013 prodiit,
983 949 1078 1014 quen
1098 934 1210 994 statim
1224 951 1285 1015 per
1304 930 1405 1012 oapil-

236 1035 286 1100 los
306 1053 434 1100 sursum
453 1035 610 1098 traximus
634 1044 668 1098 et
687 1035 729 1098 ad
751 1035 846 1100 littus
866 1035 953 1098 aliud
977 1035 1241 1115 eluimuseum
1260 1036 1307 1098 erl
1324 1033 1405 1117 quob

235 1149 574 1221 transnataveramus,
606 1141 684 1221 quia
713 1141 927 1224 propinquius
957 1149 1035 1204 erat.
1078 1141 1157 1204 Erat
1178 1149 1287 1205 estam
1315 1139 1405 1222 qussi

235 1254 389 1322 mortuus,
401 1244 523 1326 gravis,
541 1259 603 1304 neo
613 1251 738 1324 poterat
749 1244 842 1307 nobis
862 1244 982 1326 [loqui]
994 1242 1078 1325 (ll),
1095 1259 1265 1327 quosque
1278 1258 1405 1322 aquam,

236 1368 322 1434 qnae
351 1367 425 1412 eum
458 1349 652 1427 intraverat,
693 1348 899 1432 euomitantlo
932 1347 1074 1430 ejieeret.
1135 1345 1211 1424 om
1239 1345 1352 1427 ejecta
1375 1345 1406 1406 in

238 1454 443 1536 erapsvimns
460 1471 546 1528 sum,
568 1470 634 1534 qna
645 1452 783 1522 stultitia
794 1453 867 1518 sine
884 1461 954 1516 arte
965 1453 1097 1516 mnndi
1108 1470 1224 1534 aqum
1230 1443 1406 1516 intrasset?

239 1555 303 1646 Qui
324 1555 506 1638 respondit:
536 1575 557 1619 a
585 1556 759 1638 juveutute
790 1575 864 1622 mea
893 1575 1023 1640 semper
1053 1566 1156 1620 artem
1189 1555 1278 1618 illum
1314 1552 1407 1632 snivi,

36 1711 38 1732 .
174 1719 182 1724 .
238 1670 349 1744 utpote
366 1660 462 1744 juxta
494 1661 599 1744 atp'uss
620 1662 769 1724 nutritus.
813 1661 881 1726 Sed
902 1669 1074 1746 postquam
1107 1663 1141 1724 in
1168 1658 1311 1724 medium
1332 1657 1407 1720 Jor-

238 1765 335 1833 tlanis
358 1766 452 1848 veni,
478 1763 603 1850 aliquid
623 1766 687 1828 sub
706 1783 791 1848 aqna
812 1767 959 1830 existens
982 1785 1035 1828 ne
1066 1766 1191 1847 tetigit,
1222 1783 1288 1846 qno
1319 1768 1407 1826 tantu

238 1871 320 1937 adeo
341 1871 471 1938 territus
493 1870 558 1952 fui,
586 1868 672 1952 quod
694 1889 789 1934 omne
810 1873 908 1938 robur
928 1871 1145 1934 membrorum
1173 1866 1316 1950 perdidi,
1349 1881 1407 1928 nee

237 1977 381 2042 brachiis
403 1992 465 2037 neo
494 1975 642 2040 eruribus
662 1993 714 2037 me
730 1974 849 2056 juvare
870 1975 968 2040 volet
1011 1975 1109 2038 Haeo
1132 1981 1240 2036 eatam
1270 1971 1407 2054 loqueris

237 2101 295 2166 per
312 2090 482 2144 tremorem
504 2088 594 2142 stere
616 2098 680 2142 non
707 2083 822 2168 potnit.
867 2080 968 2143 Porro
990 2077 1162 2142 Maeoni
1192 2097 1234 2142 ex
1259 2077 1406 2166 opposito

236 2173 378 2267 stabant,
399 2191 434 2248 et
450 2183 641 2265 clamabant,
663 2194 698 2246 ut
719 2185 817 2248 finem
839 2186 1020 2248 laceramus
1054 2187 1089 2246 et
1117 2188 1407 2260 transnataremus.

237 2290 501 2356 contremuimus
520 2307 599 2372 ergo
614 2288 705 2352 illum
720 2291 937 2372 peregrinum,
959 2298 991 2350 ot
1006 2305 1118 2352 seeum
1131 2304 1248 2370 epum
1264 2284 1406 2368 irrgressi

237 2413 362 2478 sumus,
387 2393 447 2458 sed
469 2393 544 2458 dum
564 2393 729 2476 paululum
750 2393 890 2460 natando
912 2393 1149 2478 processisset,
1164 2393 1285 2454 ,iterum
1305 2390 1407 2470 mergi

238 2499 354 2582 eoepit,
375 2517 470 2580 quem
491 2517 549 2578 per
572 2498 707 2580 capillos
729 2503 882 2558 tenentes
906 2497 996 2560 foras
1016 2496 1188 2560 eduximus
1214 2516 1286 2560 oum
1317 2495 1405 2558 diffi-

238 2599 369 2681 oultate,
395 2609 427 2661 et
447 2602 532 2663 inter
553 2603 636 2666 haoo
655 2602 786 2665 stabant
806 2601 978 2666 Sarreoeul
999 2609 1112 2664 eontra
1144 2619 1215 2665 nos
1233 2603 1408 2683 impetien-

238 2703 356 2766 tissimi
378 2711 411 2763 et
432 2699 626 2770 clamabant.
666 2705 741 2768 Duo
756 2715 864 2770 autom
887 2707 988 2770 fortes
1008 2706 1171 2788 peregrini
1191 2706 1276 2770 bene
1290 2715 1408 2775 natm

240 2808 384 2870 seientes
421 2822 460 2867 eo
496 2815 639 2870 assumo
667 2809 698 2870 in
728 2809 866 2874 medium
901 2830 1028 2894 eornm,
1059 2820 1095 2875 nt
1116 2819 1251 2894 utroque
1276 2809 1407 2872 brachio

239 2921 410 2994 utrumque
427 2909 600 2992 stringeret
629 2922 662 2974 et
688 2912 730 2976 ed
751 2916 848 2978 -oolla
876 2935 985 2980 eorum
1008 2914 1184 2997 panderet,
1206 2917 1323 2998 stipsi
1346 2931 1408 2976 na-

240 3016 339 3081 tando
360 3017 502 3080 siceum
525 3016 723 3082 reducerent.
768 3020 836 3090 Sed
847 3040 920 3084 oum
941 3027 1057 3083 natare
1077 3021 1273 3102 ineiperent,
1294 3035 1412 3090 omnes¹

240 3133 308 3188 tres
328 3123 470 3190 immersi
492 3131 579 3207 eunt,
605 3133 636 3186 et
657 3125 705 3188 illi
723 3125 788 3190 duo
808 3128 869 3190 snb
891 3129 990 3210 aquis
1007 3126 1065 3190 vix
1085 3145 1124 3190 se
1145 3128 1186 3188 ab
1208 3145 1247 3188 oo
1265 3123 1409 3186 evellere

239 3236 431 3316 potuerunt,
464 3236 498 3291 et
528 3229 634 3306 avulsi
666 3231 707 3292 ab
736 3250 775 3295 eo
805 3231 1000 3315 prodierunt.
1058 3231 1119 3296 Illa
1149 3238 1256 3294 autom
1285 3228 1408 3292 diutius

238 3337 366 3419 mansit,
385 3344 418 3398 et
438 3335 554 3398 iterum
575 3333 702 3418 prodiit,
724 3355 820 3418 quem
842 3339 929 3400 siotn
950 3337 1039 3418 prius
1056 3335 1100 3398 erl
1116 3335 1208 3400 littus
1220 3333 1409 3397 mduximue

212 3429 221 3440 ’
237 3456 341 3520 paene
351 3446 509 3502 mortuum
528 3445 560 3500 et
571 3441 719 3502 omnibus
739 3441 863 3508 viribus
877 3443 1078 3510 destitutum.
1121 3440 1232 3522 Porro,
1253 3438 1408 3502 duetores

239 3549 349 3604 nostro
381 3539 615 3615 mandaverunt
649 3543 761 3623 nobis,
793 3546 878 3626 quod
908 3565 1022 3612 omnes
1057 3553 1335 3610 trarrsneteramns
1360 3541 1408 3605 ad

240 3645 435 3707 vestimenta
455 3652 567 3707 nostra
588 3652 621 3706 ot
641 3648 845 3727 peregrinum
875 3651 964 3716 illum
981 3661 1069 3718 stare
1086 3651 1354 3735 permitteremus,
1375 3655 1408 3710 et

240 3749 304 3834 ipsi
335 3747 448 3811 vidore
476 3747 600 3810 vallent
630 3746 671 3812 do
702 3749 773 3831 ejus
804 3753 1007 3839 reductione,
1040 3767 1074 3821 et
1107 3759 1406 3820 transmutaverunt.

240 3851 389 3938 Cumque
410 3861 446 3914 et
465 3870 527 3935 ego
549 3862 751 3920 transnatare
772 3853 910 3944 vellem,
943 3880 986 3924 ax
1013 3861 1157 3944 periculo
1187 3861 1261 3923 viso
1285 3857 1407 3924 invasit

240 3975 292 4042 ma
320 3960 434 4040 timor,
458 3966 492 4020 et
513 3965 650 4023 tremere
669 3962 763 4046 eoepi
791 3973 823 4026 et
845 3967 894 4028 sio
914 3966 1079 4048 eogitari:
1102 3983 1190 4048 eece,
1211 3983 1254 4028 ex
1273 3963 1407 4028 leuitate

239 4063 443 4126 transnatavi
475 4071 507 4126 et
529 4062 699 4148 elongatus
719 4086 791 4132 sum
813 4069 853 4134 eb
875 4071 985 4136 babitu
1006 4071 1129 4136 ordinis
1150 4071 1225 4150 mei,
1245 4078 1280 4132 et
1293 4075 1406 4130 eontrs

239 4165 484 4249 prohibitionem
514 4165 713 4235 dominorum
741 4173 910 4240 ductorum
931 4177 997 4242 hue
1028 4175 1115 4238 veni.
1168 4175 1207 4240 st
1233 4173 1405 4254 obsorptus

239 4269 332 4336 fuero
350 4291 371 4335 a
391 4272 549 4354 prolnrtdo
573 4274 661 4340 illius
691 4295 797 4362 equae
827 4281 1012 4346 absorbebit
1042 4299 1095 4342 me
1128 4277 1323 4362 protundum
1353 4275 1406 4339 in·

241 4375 323 4442 serni
357 4386 489 4459 proptor
518 4379 705 4446 (insolutam
736 4382 901 4446 levitatem
924 4393 957 4446 ot
978 4384 1192 4465 irreligiosa-
1214 4379 1402 4460 nuditatem,

240 4489 370 4560 propter
411 4499 508 4564 qnam
546 4484 652 4574 etiem·
687 4483 770 4549 forte
819 4484 1184 4549 exeommunteniom
1234 4481 1332 4546 ineidi
1373 4491 1406 4546 et
