2842 4882
760 313 825 378 ltu

210 497 297 562 aliud
330 513 406 559 esse
448 496 511 558 nisi
542 495 707 560 humorem
736 496 916 559 aeattsstni
945 494 1027 558 solis
1048 504 1079 558 et
1102 495 1151 559 ita
1189 499 1378 581 experient

209 603 396 683 didicimus,
419 611 535 664 terram
559 601 646 664 illam
668 619 745 666 esse
767 611 884 664 terram
906 601 1103 684 salsuginis,
1127 600 1171 663 de
1200 623 1280 685 qna
1306 605 1379 667 habt

207 708 444 773 tur'Jereruiac
466 709 590 788 xvii,
611 709 666 771 ubi
679 709 842 791 peccatori
860 708 1073 770 comminatur
1087 705 1198 790 Deus,
1226 710 1329 794 qnod
1351 729 1379 770 er

206 815 294 877 sicut
321 813 465 894 myricae
493 815 526 875 in
555 812 702 894 deserto,
735 830 819 896 qnae
851 811 971 874 babent
1002 810 1079 873 folia
1105 829 1230 875 amara
1265 824 1305 876 et
1337 833 1379 875 ror

207 920 287 982 salis
308 918 449 1002 perfusa.
491 917 554 979 l’er
579 919 662 980 istas
683 935 762 1000 ergo
783 918 924 1000 myrices
950 916 1171 997 processimus
1219 926 1260 980 et
1296 918 1379 980 nulla

208 1041 312 1109 aquas
333 1023 528 1105 reperimus,
561 1039 706 1104 maguam
731 1023 850 1104 qnippe
880 1022 1047 1102 penuriam
1074 1039 1246 1103 aquarum
1281 1022 1379 1085 babai·

207 1147 284 1193 runs
306 1129 381 1210 sb).
432 1125 528 1190 Unde
556 1125 619 1189 hac
645 1125 697 1188 die
727 1115 911 1208 aperuimus
943 1124 1000 1188 illa
1029 1126 1186 1207 vascula,
1234 1146 1332 1212 quae
1357 1125 1380 1186 dt

149 1301 154 1311 ,
207 1233 340 1300 Gazara
358 1233 525 1296 nobiscnm
547 1230 718 1294 eduximus
739 1249 824 1314 aqua
845 1229 985 1314 repleta3
1023 1227 1145 1292 dictum
1174 1233 1278 1294 enim
1306 1231 1380 1293 notis

207 1339 269 1402 init
289 1341 322 1401 in
350 1335 491 1420 Gazara,
512 1335 598 1418 quod
619 1354 724 1418 aquae
744 1336 821 1398 illae
841 1354 905 1398 non
929 1342 1239 1417 comprutescerent
1256 1336 1295 1399 in
1320 1353 1380 1396 rae

205 1443 289 1506 culis
312 1443 395 1504 benc
415 1439 590 1522 conclusis,
612 1449 644 1503 et
666 1440 739 1504 dnm
763 1443 944 1518 necessitas
966 1446 1111 1521 urgeret,
1135 1457 1328 1522 possemus
1348 1440 1379 1500 e'e

205 1548 272 1626 nti;
298 1547 417 1626 apertis
439 1553 545 1606 eutem
574 1546 719 1620 vasculis
747 1552 857 1608 tantus
889 1543 1055 1606 exhalavit
1087 1543 1200 1607 foetor
1241 1545 1288 1608 de
1311 1561 1377 1627 aqua

205 1650 404 1732 putrefacte,
426 1647 511 1733 quod
533 1667 628 1712 tremo
649 1657 775 1732 poterat
796 1666 870 1730 eas,
891 1667 956 1710 non
978 1648 1066 1730 dico,
1089 1649 1219 1732 bibere,
1246 1651 1311 1713 sed
1333 1666 1375 1710 ner

204 1757 407 1814 contrectare
415 1795 425 1830 ,
448 1769 509 1814 nec
530 1753 613 1816 asini
636 1756 754 1835 nostri,
777 1754 831 1834 qui
853 1763 945 1816 erunt
967 1762 1031 1816 tam
1054 1754 1188 1816 multum
1215 1753 1373 1830 sitibundi

206 1873 275 1918 eam
300 1872 414 1936 aquam
436 1863 587 1937 poterant
609 1859 729 1926 bibere.
761 1857 874 1919 Ceuoti
896 1876 973 1940 ergo
995 1875 1107 1920 sumus
1129 1876 1257 1950 aquam
1283 1859 1373 1920 effun-

206 1959 301 2036 dere,
324 1977 418 2040 quarn
442 1960 618 2044 perlonga
648 1961 769 2024 deserti
794 1962 900 2046 spatia
931 1963 1097 2024 nobiscnm
1127 1961 1309 2046 duximus,
1332 1978 1370 2045 pu

206 2082 270 2146 qua
301 2061 450 2126 ducenda
483 2065 584 2128 multa
611 2067 717 2145 litigia
748 2085 819 2129 eum
854 2067 972 2130 nostris
999 2067 1162 2130 Arabibus
1198 2067 1371 2132 cemeterii

91 2229 96 2235 .
205 2161 378 2230 babuimus
400 2176 434 2232 ct
455 2169 603 2252 speciale
624 2173 760 2252 pretinm
784 2190 843 2253 pre
864 2190 905 2264 ea
931 2171 1105 2253 soluimus,
1129 2173 1209 2254 qnia
1233 2172 1369 2256 sperari·

207 2289 298 2355 runs,
331 2271 417 2354 quod
448 2274 482 2336 in
516 2283 581 2336 tam
615 2276 770 2338 extremis
803 2275 1053 2338 necessitatibus
1084 2275 1262 2356 profutura
1293 2277 1368 2338 nobis

206 2375 309 2440 tieret.
352 2376 512 2441 l'rnstrati
532 2387 639 2442 autern
662 2396 722 2461 spe
743 2387 853 2442 nostra
880 2359 966 2442 sitim
995 2379 1133 2461 amplius
1155 2378 1298 2442 sufferre
1319 2395 1368 2441 nur

205 2488 409 2562 poteramus,
433 2481 645 2546 clamavimus
667 2501 745 2566 ergo
773 2482 811 2545 ad
836 2482 986 2546 Calinum
1007 2500 1065 2565 pro
1089 2500 1191 2566 aqna,
1228 2491 1368 2566 rogantes

206 2601 280 2646 enm
310 2589 344 2644 et
374 2583 524 2646 ductores
554 2595 699 2664 nestros,
732 2595 893 2671 qnatenus
922 2607 987 2650 non
1015 2588 1216 2668 suspicarent
1239 2587 1281 2650 ad
1307 2587 1367 2650 vise

208 2685 504 2770 prolongationem,
526 2690 586 2752 sed
608 2709 668 2753 tros
689 2712 748 2775 per
773 2710 995 2775 quaecumque
1016 2692 1136 2754 deserti
1157 2691 1262 2755 devia
1281 2692 1366 2755 duee

206 2797 257 2858 ret
279 2789 322 2878 1ιιιί
352 2809 455 2874 aquas
483 2793 571 2874 (aut)
594 2794 729 2877 paludes
751 2816 808 2879 pro
831 2795 978 2860 babendo
999 2813 1091 2877 aqna.
1127 2794 1363 2878 Aoqnieverunt

212 2913 291 2977 crgo
313 2898 405 2959 nubis
428 2904 462 2960 et
485 2885 676 2961 diuertimns
698 2918 811 2964 avere
838 2901 963 2963 tramite
991 2898 1122 2962 multnru
1153 2898 1196 2962 ud
1225 2901 1357 2966 dextram

204 3006 239 3062 et
260 3001 294 3062 in
322 2999 510 3064 latissimum
535 3020 574 3064 ac
596 3003 809 3067 aridissimum
841 3021 989 3086 mmpnm
1012 3003 1216 3068 devenimus.
1260 3009 1298 3070 lu
1317 3005 1359 3068 illa

214 3120 329 3186 campo
365 3105 492 3169 obviam
530 3108 701 3197 babuimus
738 3111 967 3187 karravauern,
1002 3109 1064 3170 boc
1099 3117 1151 3170 est
1195 3111 1356 3174 exercitur

211 3209 448 3288 negotiatorum
476 3211 724 3276 Madianitarnm
755 3231 828 3275 cum
863 3211 973 3276 multia
1007 3209 1157 3290 camelis,
1193 3223 1227 3276 et
1267 3223 1358 3298 porb-

212 3311 289 3372 baut
327 3314 456 3392 species
491 3315 532 3376 de
578 3315 658 3378 mari
701 3317 805 3381 rubro.
861 3316 905 3378 lli
948 3315 1230 3398 conquerebantur
1273 3320 1355 3384 nubis

207 3413 379 3495 quodiam
402 3417 509 3481 multis
531 3419 644 3484 diebus
665 3421 848 3484 caruissent
870 3437 973 3502 aqua,
996 3428 1027 3480 et
1060 3417 1177 3482 obnixe
1200 3422 1355 3485 instabant.

207 3527 244 3580 ut
265 3519 372 3582 saltim
402 3523 536 3585 cuilibet
565 3544 663 3586 ratium
691 3524 842 3586 haustum
871 3540 978 3604 aquae
1011 3522 1176 3604 daremus,
1205 3529 1284 3607 qnia
1311 3527 1354 3588 ira

208 3625 303 3705 qnasi
329 3624 363 3686 in
394 3637 515 3707 pruneto
544 3628 714 3690 deficiendi
748 3636 860 3690 essent
892 3626 1067 3690 constituti.
1110 3625 1270 3692 Dedimus
1298 3645 1355 3710 ergt

182 3721 255 3788 'eis
286 3727 443 3811 reliquum
475 3751 596 3816 eqrrae,
624 3733 700 3814 quia
732 3732 859 3794 venturi
894 3713 1022 3794 eramus
1057 3737 1134 3792 aute
1164 3751 1354 3816 vesperarum

205 3839 333 3913 tempus
366 3831 408 3896 ud
442 3835 586 3917 paludes.
630 3836 707 3900 Post
738 3836 848 3899 horam
880 3835 976 3898 aliem
998 3837 1213 3898 karravananr
1246 3841 1355 3902 obrias

206 3937 378 4000 babuimus
412 3939 452 4002 de
479 3941 702 4020 remotioribus
731 3940 867 4004 orientis
893 3941 1053 4022 partibus,
1092 3941 1241 4004 hemines
1267 3953 1356 4004 antea

204 4041 253 4104 illi
274 4059 346 4104 cnm
377 4043 506 4107 silentio
528 4047 759 4126 praeterierunt
784 4053 816 4108 et
839 4061 899 4108 uos
920 4054 1013 4108 torvo
1034 4044 1128 4108 vultu
1150 4055 1356 4126 respexerunt,

205 4147 290 4210 sicut
312 4149 525 4211 communiter
556 4149 730 4211 orientales
761 4155 795 4212 ct
816 4147 1033 4211 occidentales
1061 4147 1145 4210 mule
1165 4166 1207 4210 se
1234 4149 1356 4214 invice·

206 4252 400 4334 respiciunt,
422 4273 464 4314 ex
485 4262 598 4315 ustura
620 4255 704 4317 enim
726 4251 833 4316 odium
855 4261 908 4316 est
926 4253 1012 4315 inter
1032 4269 1100 4334 ees,
1122 4257 1156 4313 et
1175 4253 1240 4316 nisi
1251 4256 1356 4316 ratione

207 4361 246 4410 ⁸0
270 4355 475 4438 cohiberent,
507 4356 540 4458 in
571 4373 610 4418 se
641 4357 732 4438 ipsos
765 4357 885 4420 statim·
914 4357 1097 4436 irruerent,
1125 4357 1212 4420 simut
1252 4357 1355 4422 iadau
