2954 4914
128 519 185 612 qni
217 528 371 612 protem
403 545 498 590 maan
540 525 690 602 deorsam
730 483 843 590 omnes
875 546 936 591 noa
963 527 1005 592 ad
1035 545 1074 594 se
1090 527 1300 593 'eremana

129 632 250 715 eduxit.
292 629 513 695 circuivimus
534 642 626 714 argo*
641 630 813 713 ambitum,
843 641 876 694 et
897 633 999 698 cellas
1019 635 1223 716 superiua'et
1244 633 1298 696 in·

15 767 16 774 ι
128 738 231 801 larius
252 735 393 799 vidimus
420 735 460 798 de
481 735 625 818 pulchris
655 735 829 818 aediliciis,
848 737 964 801 ‘luent
993 741 1079 802 enirn
1100 741 1134 802 in
1155 746 1299 822 tempore

18 871 20 878 ·
130 841 388 915 Christiapamra
414 843 644 912 monasterinm
679 841 865 908 monialium
899 843 1022 906 ordinis
1049 843 1085 906 S.
1119 841 1297 909 Benedicti.

131 949 278 1030 Ingressi
297 954 404 1008 autem
419 945 615 1025 aeclesiam,
637 964 721 1028 quae
742 964 829 1009 nune
850 954 902 1010 est
924 947 1095 1031 mnsebea,
1108 973 1117 992 r
1129 966 1201 1012 eam
1221 948 1298 1015 dili·

128 1053 261 1136 gentius
282 1051 571 1134 perspeximus,.et
593 1051 786 1134 notavimus,
809 1069 880 1114 eam
900 1052 1071 1132 ecclesiam
1092 1060 1238 1117 ornatam
1263 1061 1298 1119 et

130 1157 302 1240 pulchram
324 1157 443 1238 luisse,
465 1158 604 1237 parietes
626 1155 854 1238 anim‘rlepioti
876 1157 1021 1240 fuerant,
1042 1156 1102 1219 sed
1124 1155 1298 1220 Smaceni

15 1295 18 1308 =
129 1263 273 1346 picturas
294 1262 384 1326 ealce
406 1259 594 1324 deleverunt
622 1272 655 1325 et
676 1261 926 1343 dealbaverunt,
959 1263 993 1323 in
1015 1261 1160 1344 pluribus
1189 1266 1299 1322 nmen

129 1367 211 1430 loeis
226 1365 229 1369 ’
243 1367 319 1442 calx
341 1364 475 1447 decidit,
498 1367 666 1429 etiterum
688 1366 943 1430 Christianorum
974 1367 1118 1448 picturae
1137 1363 1297 1434 videntur.

15 1535 18 1562 ‚
128 1472 229 1534 Perre
250 1472 384 1535 historia
404 1472 625 1552 conceptionis
640 1481 681 1546 ,et
695 1471 877 1560 nativitatis
892 1471 1007 1534 beatae
1017 1469 1165 1552 Virginis
1175 1469 1300 1549 Mpriaa
1392 1541 1396 1548 1

130 1577 191 1640 fuit
217 1576 264 1639 ibi
295 1575 439 1658 depio'ta,
476 1577 636 1657 quomodo
668 1577 823 1652 ‚Joaehim
856 1584 986 1657 propter
1016 1574 1222 1646 sterilitatem
1257 1571 1299 1635 de

15 1733 16 1770 ι
130 1680 250 1764 temple
272 1681 333 1743 luit
355 1680 521 1764 repulsus,
544 1691 578 1743 et
598 1680 757 1764 quomodo
777 1697 852 1743 euru
873 1680 944 1742 anis
974 1671 1160 1760 pastoribus
1185 1679 1217 1740 in
1237 1677 1299 1744 de-

15 1819 16 1824 *
129 1793 217 1852 terto
246 1783 373 1868 deguit,
401 1795 435 1848 et
454 1784 613 1868 quemodo
644 1786 689 1848 ibi
710 1787 773 1848 sibi
801 1783 938 1866 angelus
972 1785 1137 1865 apparuit,
1158 1791 1191 1846 et
1215 1801 1300 1866 quo·

130 1888 225 1953 modo
246 1893 307 1951 sub
329 1894 425 1972 porta
441 1909 541 1954 aurea
559 1892 593 1952 in
612 1890 783 1972 amplexus
814 1905 896 1952 suae
916 1889 1026 1964 uxoris
1048 1889 1126 1971 ruit,
1142 1895 1194 1950 ·et
1214 1904 1298 1971 quo-

131 1993 345 2064 modoAnna
365 1995 500 2058 Mariam
529 1997 651 2078 genuit.
696 1994 747 2056 De
774 1993 831 2056 illa
860 1995 987 2074 pictura
1012 1993 1077 2078 legi
1104 1997 1138 2056 in
1160 1994 1298 2077 quodam

129 2097 333 2180 peregrinali,
356 2099 444 2181 quod
465 2099 637 2162 Sarraoani
657 2117 729 2162 eam
751 2097 792 2161 de
813 2098 1022 2161 lllaobonreto
1039 2116 1100 2160 suo
1123 2108 1297 2180 expomt.

132 2200 228 2294 Unda
250 2201 309 2264 fuit
342 2203 500 2284 quaedam
529 2202 693 2286 vetula,
692 2204 842 2266 babitans
880 2202 976 2283 juxta
1005 2202 1093 2266 illam
1123 2201 1296 2264 eeclesiam

132 2287 380 2389 sarracenicam,
412 2326 496 2388 queo
526 2309 654 2390 magnis
685 2307 760 2390 (B)
792 2307 935 2369 fletibus
954 2306 1080 2369 solebat
1116 2307 1299 2380 bominibus

131 2409 295 2492 exponere
314 2413 472 2506 picturam
493 2412 533 2475 da
553 2414 750 2475 lllaobometi
769 2413 854 2493 vita,
875 2420 908 2472 et
930 2411 970 2474 de
987 2409 1058 2512 ejus
1079 2411 1240 2494 paradiso,
1262 2421 1296 2476 et

130 2516 303 2578 camalimr
324 2518 429 2580 omnia
449 2519 729 2600 interpretabatur
751 2519 844 2579 Haeo
865 2517 972 2578 omnia
992 2533 1066 2580 cum
1086 2516 1298 2600 vidissemus,

131 2620 173 2682 rle
195 2621 336 2694 ecclesia
357 2625 518 2686 exivimus
549 2622 729 2704 dolentes,
745 2623 830 2705 quod
861 2631 926 2684 tarn
948 2622 1096 2704 pulchra
1104 2621 1246 2690 eeclesia
1265 2630 1299 2684 et

130 2734 195 2788 tarn
231 2728 397 2808 egregium
429 2721 696 2792 monesterium
686 2747 721 2790 ιιι
752 2738 818 2792 tam
848 2729 1057 2796 sauoamimo
1072 2769 1075 2776 ·
1088 2727 1159 2789 loeo
1187 2735 1238 2790 est
1264 2728 1299 2790 in

128 2829 382 2894 Sarracenerum
404 2848 475 2894 usu.
993 2854 998 2860 ’

155 2965 168 2984 ··
213 2936 314 2999 Porro
343 2945 419 2998 ante
449 2935 623 2998 ecclesiam
650 2942 717 2997 stat
735 2953 802 2998 una
822 2937 917 3000 arbor
939 2920 1057 3018 magna
1078 2946 1112 3000 e't
1134 2939 1298 3020 antiquis-

130 3041 232 3121 sima,
273 3055 368 3122 quam
402 3039 514 3104 dieunt
550 3040 653 3101 fuisse
691 3040 866 3120 plantatam
898 3059 918 3102 a
949 3041 1138 3103 beatissima
1159 3041 1298 3123 Virgine

131 3145 253 3224 Maria,
286 3143 361 3208 dum
390 3145 496 3208 adbuc
517 3153 607 3206 esset
633 3143 807 3224 infantula,
838 3145 900 3206 sub
922 3163 1000 3207 cura
1026 3153 1209 3226 parentum,
1242 3147 1298 3228 qui

130 3250 185 3312 bie
202 3250 238 3312 ia
251 3249 314 3312 hoe
333 3249 404 3312 loco
418 3247 591 3312 ereduntur
607 3248 789 3328 habitasse,
811 3247 887 3310 licet
898 3247 983 3310 enim
993 3249 1143 3311 Jeaolrlm
1157 3253 1190 3310 et
1200 3249 1299 3312 Anna

130 3353 241 3416 multis
249 3355 343 3420 annts
354 3353 520 3437 deguerint
532 3353 741 3434 inNaaareur,
749 3362 857 3416 tamen
868 3353 996 3436 quando
1008 3353 1299 3437 beatissimaVirgo

130 3459 237 3524 illaria
269 3460 479 3541 concipienda
501 3468 534 3522 et
554 3457 709 3542 parienda
730 3459 806 3540 fnit,
837 3459 1056 3541 migraverunt
1078 3477 1120 3520 ex
1141 3460 1298 3522 instinctu

131 3562 272 3645 Spiritus
306 3561 347 3624 δι
375 3585 393 3624 a
425 3559 574 3630 Galilaea
602 3565 640 3638 in,
673 3562 833 3626 Judaeam
872 3563 907 3624 in
948 3563 1149 3646 Jerusalem,
1187 3574 1222 3628 nt
1251 3565 1298 3628 lbi

131 3665 201 3730 dies
224 3684 305 3730 suos
326 3666 515 3731 clauderent
541 3669 575 3730 in
597 3667 660 3730 Dei
680 3669 831 3750 servitio,
858 3667 952 3748 juxta
982 3669 1134 3750 templum
1156 3668 1297 3752 nomini,

129 3771 339 3854 ignorantes,
360 3769 402 3864 ad
424 3780 578 3855 qnantum
599 3769 789 3855 mysterium
809 3772 901 3835 Dens
922 3791 980 3836 eos
1000 3775 1073 3836 sine
1094 3774 1202 3836 fructu
1223 3791 1298 3836 ser-

129 3886 255 3940 νυοί..
281 3876 464 3940 Venientes
494 3885 602 3938 autem
633 3893 653 3937 a
681 3875 848 3938 Nazareth
879 3877 913 3936 in
942 3877 1125 3940 Jerusalem
1153 3885 1302 3941 emerunt·

130 3979 261 4044 demum
295 3999 397 4064 prope
429 3979 581 4062 templum
612 3997 711 4061 super
743 3979 900 4061 piscinam
926 3980 1142 4064 probaticam,
1173 3983 1300 4065 inqua

129 4093 290 4168 concepta
311 4077 364 4148 eat
384 4094 419 4148 et
438 4092 517 4148 nata
536 4085 635 4146 beata
659 4084 763 4167 Virgo
784 4081 904 4163 Maria,
924 4090 1065 4145 testante
1084 4084 1298 4168 Damascene,
1335 4079 1338 4089 '

130 4190 186 4271 qai
207 4191 259 4261 sie
281 4188 377 4260 dicite
397 4191 574 4274 parturitur
597 4182 831 4274 eupem‘virgo
850 4185 956 4248 Maria
973 4187 1007 4250 in
1029 4191 1205 4269 probatica·
1217 4189 1301 4254 Joa·

129 4295 217 4358 onim
243 4293 349 4378 domo,
372 4298 444 4358 nam
461 4295 594 4377 piscine
614 4294 780 4377 probatica
796 4288 891 4372 juxta
911 4299 972 4352 eal.
1004 4291 1171 4358 summu
1190 4301 1307 4359 ulan·

131 4401 292 4482 temporis
328 4398 582 4465 aedificaverunt
602 4396 781 4467 Christiani
812 4393 853 4458 ad
896 4393 1001 4460 Ιοιιιηι
1037 4396 1126 4551 ἰὲιίιιε
1163 4401 1299 4474 unone
