2948 4876
177 541 1361 629 mttbmtmmtoseetvttetiretttternnejumeritnuertmen

177 661 245 733 est,
266 650 322 735 qui
343 648 424 730 legit
443 648 622 731 desepbum
645 648 687 712 de
711 650 774 712 boc
794 650 997 732 loquentem,
1027 660 1062 714 et
1079 670 1145 714 non
1165 651 1356 716 herrant.

175 756 284 838 llnjos
305 753 498 816 calamitatis
519 763 551 816 et
577 753 695 816 excidii
717 753 850 835 [ceusu]
872 751 962 816 Flori
982 755 1138 836 pneteert
1156 757 1358 820 inhumani·

176 869 229 924 tes
249 859 325 942 luit,
345 859 402 941 qul
418 857 565 922 Judeeos
587 858 621 921 iu
640 859 824 922 Jeruselem
847 861 1025 923 innumeris
1044 861 1216 924 sttrivorst
1247 863 1356 944 melis,

175 974 305 1049 propter
325 981 409 1048 queo
430 963 574 1028 lecesslti
596 981 660 1053 res
675 981 780 1055 noves
800 973 912 1028 contre
931 964 1098 1027 &menos
1118 985 1258 1028 movere
1280 976 1358 1028 teu-

175 1079 284 1136 teruut
319 1079 351 1132 et
380 1068 466 1132 lecto
497 1071 620 1152 impetu
649 1068 768 1132 multos
786 1069 1005 1134 Rutenorum
1035 1051 1296 1154 interimerunt,
1325 1079 1356 1132 et

177 1175 327 1240 cestium
348 1174 465 1257 Syrise
494 1171 677 1257 praesidem
712 1175 812 1237 extra'
831 1177 1030 1258 pmvineisn
1059 1177 1239 1258 ejecerunt.
1287 1174 1355 1237 Sed

178 1291 212 1346 et
231 1283 294 1367 ipsi
314 1279 433 1344 Judeel
455 1281 490 1341 lu
511 1281 645 1342 civitate
662 1279 747 1360 ipsa
767 1280 920 1360 ponimns
950 1281 1046 1363 lecti,
1075 1283 1110 1344 in
1131 1289 1202 1342 tres
1235 1289 1356 1364 partes

178 1387 275 1452 divisi
303 1394 396 1467 sunt,
429 1393 463 1448 et
494 1386 528 1448 iu
556 1385 637 1448 urbe
667 1390 744 1445 ento
762 1383 979 1448 Romanorum
1018 1385 1196 1448 adventum
1228 1386 1356 1448 caedes

178 1489 328 1556 crudeles
350 1498 382 1551 et
409 1488 561 1552 incendia
582 1491 616 1550 in
637 1468 776 1552 invicem
798 1491 946 1552 lecerunt
984 1501 1017 1553 ct
1046 1491 1266 1554 seditionibus
1288 1494 1355 1554 im·
1428 1518 1433 1527 ·

179 1594 391 1682 placabilibus
423 1592 477 1656 dia
510 1602 674 1676 noctuque
708 1577 960 1656 corrixavernntl
1019 1593 1162 1672 Quorum
1190 1595 1354 1658 melorum
1438 1597 1439 1602 ’

179 1719 280 1768 cause
311 1700 475 1763 meritoria
497 1698 560 1761 luit
583 1699 748 1762 dobaunis
768 1700 936 1782 Baptistae
956 1697 1146 1783 decollatio,
1166 1685 1255 1763 Jesu
1276 1700 1356 1762 Ns-
1439 1699 1441 1728 ³

179 1809 290 1873 euroni
325 1803 508 1884 crucifixio,
553 1803 672 1866 Jacobi
699 1804 848 1885 Apostoli
877 1805 1077 1887 interlecti03
1119 1823 1204 1888 quse
1240 1805 1355 1866 omnis

180 1911 380 1980 lamentabili
409 1928 559 1974 sermone
591 1910 625 1971 in
656 1909 787 1992 longum
830 1909 960 1973 deducit
994 1909 1162 1994 dosepbus
1191 1908 1232 1972 de
1261 1908 1354 1972 bello

180 2018 343 2188 Μῖξοοιι
375 2089 463 2185 illum
485 2077 742 2182 devastationem
763 2117 922 2200 civitatis,
950 2137 1034 2203 quae
1054 2119 1224 2196 lactaluit
1244 2117 1351 2180 Xbll.
1445 2133 1446 2148 ¹

181 2250 266 2296 anuo
288 2237 363 2313 post
383 2227 514 2290 Domini
545 2225 745 2308 passionem,
778 2224 885 2286 lactus
917 2225 978 2287 fuit
1009 2225 1102 2288 locus
1130 2223 1351 2288 lmbiteculum

87 2396 93 2408 ,
180 2336 342 2400 latronum
364 2342 398 2395 et
418 2327 623 2394 sinceriorum
644 2329 754 2392 multis
775 2331 892 2410 suuis„
911 2348 1018 2412 usque
1038 2330 1080 2392 ad
1100 2340 1229 2412 tempus
1257 2328 1350 2390 Helii

181 2440 317 2503 Adrisni
348 2437 569 2517 Imperatoris,
604 2437 659 2519 qui
691 2433 829 2497 audiens
864 2435 1117 2517 inquietudinem
1149 2435 1213 2498 loci
1246 2436 1349 2516 veuit,

183 2541 388 2628 reaedificata
417 2537 589 2620 dissipavit
616 2559 701 2602 anuo
728 2539 857 2602 Domini
886 2537 1036 2602 CXXIV.
1067 2551 1101 2602 et
1122 2539 1285 2622 inquietos
1308 2559 1350 2602 ox

152 2711 156 2718 ,
183 2665 224 2711 ea
244 2645 393 2729 perdidit.
435 2641 502 2705 Sed
524 2652 640 2725 postea
661 2644 887 2725 consideravit,
899 2645 949 2708 ibi
964 2654 1112 2727 oportere
1132 2663 1209 2708 esse
1229 2646 1349 2707 civite-

183 2761 258 2832 tem,
281 2748 373 2812 rediit
397 2764 481 2808 anuo
499 2747 629 2812 Domini
650 2748 835 2812 CXXXIX.
859 2731 996 2832 umque
1016 2751 1189 2813 renovavit
1209 2757 1242 2810 et
1263 2767 1349 2831 sug-

182 2856 356 2936 mentivit,
378 2850 547 2915 includens
567 2855 736 2918 moenibus
757 2856 898 2918 civitatis
919 2854 992 2918 loce
1015 2855 1197 2919 'dominicae
1217 2855 1349 2935 passio-

182 2962 235 3025 nis
264 2967 297 3022 at
325 2957 585 3041 resurrectionis,
619 2967 655 3020 ut
680 2951 720 3021 'in
750 2960 961 3042 sequentibus
992 2958 1113 3022 clarius
1142 2959 1281 3042 patebit,
1315 2967 1349 3020 ot

182 3066 347 3132 civitatem
369 3081 488 3128 novam
510 3063 597 3146 lecit,
619 3081 742 3126 vocans
765 3083 835 3150 eam
858 3083 901 3126 ex
920 3082 982 3126 suo
1002 3067 1194 3146 cognomine
1210 3063 1348 3124 Heliam.

245 3195 247 3202 '
266 3171 347 3234 Post
369 3170 453 3233 banc
473 3170 617 3232 ultimum
639 3163 912 3252 constructionem
934 3188 999 3233 non
1020 3169 1158 3252 legimus
1180 3185 1251 3230 esm
1273 3167 1351 3230 lun·-

106 3345 108 3351 ,
184 3278 270 3342 ditus
292 3295 457 3354 eversam,
488 3274 547 3337 sed
568 3293 668 3356 saepe
688 3275 721 3336 in
743 3261 866 3355 partem
888 3272 1102 3356 destructam,
1136 3283 1168 3336 ct
1195 3271 1350 3355 populum

184 3379 256 3461 ejus
277 3381 309 3439 in
332 3378 554 3460 captivitatem
576 3378 717 3459 ductum,
735 3391 796 3440 nac
815 3396 965 3466 nmquam
984 3388 1035 3442 est
1050 3387 1136 3441 mota
1149 3398 1170 3441 a
1186 3397 1247 3441 suo
1267 3376 1349 3458 loco,

183 3493 221 3546 ut
241 3481 420 3562 Gregorius
440 3477 570 3542 videtur
591 3482 700 3546 dicere
730 3486 763 3546 in
784 3485 930 3547 bomilia:
952 3484 1079 3548 Videns
1099 3483 1202 3546 Jesus
1229 3482 1350 3544 civite·

185 3597 249 3650 tem
271 3585 377 3664 flevit3
400 3583 460 3645 sed
480 3592 531 3645 est
552 3585 712 3670 ampliata,
735 3598 771 3652 nt
792 3588 917 3653 dicotur
937 3598 972 3652 et
992 3590 1177 3672 stepeium
1198 3588 1232 3650 in
1253 3603 1349 3668 prae-

185 3688 376 3754 cedentibus
391 3686 510 3750 dictum
529 3695 591 3751 est.
1057 3763 1060 3770 Ι

269 3791 427 3872 Quamvis
459 3802 566 3856 autom
596 3803 710 3858 sancta
740 3798 822 3862 baec
852 3800 971 3863 civitas
1003 3798 1113 3861 multis
1134 3804 1168 3860 ot
1195 3792 1348 3858 inanditls

185 3898 419 3961 calamitatibus
451 3900 558 3964 attrita
585 3901 645 3981 sit,
677 3919 850 3987 numquam
883 3914 990 3967 tamon
1007 3919 1082 3990 *nec
1114 3901 1186 3983 ejus
1212 3899 1347 3978 initium,

185 4019 247 4068 nco
268 4001 339 4085 ejus
360 4011 465 4066 status
486 4005 520 4067 in
541 4004 736 4070 oblivionem
758 4011 864 4091 venit,
886 4008 945 4072 sed
964 4015 1003 4070 ut
1024 4004 1209 4070 memoriale
1230 4021 1349 4088 peren-

185 4127 227 4172 no
255 4107 377 4191 jugiter
407 4108 490 4190 apnd
523 4119 657 4174 cunctas
689 4115 837 4176 nationes
868 4111 979 4177 muudi
1011 4120 1210 4194 perseverat.
1254 4105 1349 4186 Quod

65 4255 73 4266 ·
185 4224 292 4280 temen
320 4210 363 4276 de
392 4212 610 4280 celeberrimis
642 4217 750 4279 mundi
786 4218 989 4299 civitatibus,
1018 4209 1131 4280 'Roma
1160 4214 1287 4278 scilicet
1317 4219 1348 4288 ¹et

184 4319 290 4404 'l'roja,
305 4317 505 4402 longeeliter
520 4318 664 4401 contigit.
686 4320 771 4384 Nem
789 4325 862 4404 quis
879 4322 1026 4386 conditor
1037 4321 1127 4384 urbis
1137 4319 1262 4420 Dorum
1278 4318 1351 4382 ltre-

185 4423 235 4507 rit,
251 4444 271 4490 a
291 4426 378 4492 nollo
399 4439 550 4509 umquam
572 4433 736 4506 prouertu
761 4425 837 4488 sciri
851 4429 963 4508 potuit,
980 4433 1111 4510 propter
1121 4424 1351 4506 diversitatem,
