2948 4876
160 385 242 450 atrio
283 391 360 446 aute
397 380 553 465 templum
590 383 726 446 crebras
751 381 997 464 genudemones
1040 389 1072 442 et
1100 380 1342 446 inclinationes

161 489 296 570 iaciunt,
317 495 349 548 et
371 488 421 549 sic
441 485 664 568 ingrediuntur
681 504 755 548 cum
774 487 948 568 gravitate.

244 591 328 654 Dum
353 610 411 654 rex
432 589 594 653 Soldanus
618 600 672 655 est
690 592 725 652 in
744 590 928 666 Jerusalem
956 600 991 652 et
1022 589 1178 672 templum
1199 589 1341 671 ingredi

160 696 256 780 uult,
282 696 373 779 prius
393 696 611 778 pavimentum
640 704 674 756 et
700 694 811 777 templi
832 695 975 777 parietes
1006 713 1092 779 aqua
1120 711 1259 756 mesces
1282 693 1341 756 la-

161 811 258 878 vant,
289 809 416 887 quaet
450 802 522 882 ipse
554 799 718 864 Soldanus
748 797 931 882 baptizatur
967 808 1044 866 ante
1074 799 1238 862 introitum
1293 799 1340 862 ob

162 905 273 990 templi
295 912 329 968 et
347 905 435 990 regis
456 906 742 987 magnificentiam.

243 1013 367 1073 'l'autae
389 1011 620 1072 aestimationis
641 1018 693 1072 est
713 1009 777 1074 hoc
795 1009 950 1091 templum
967 1007 1053 1092 apud
1062 1008 1277 1091 Sarracenos,
1300 1017 1340 1070 ut

163 1117 331 1182 cohabito
358 1133 423 1184 aun
444 1113 578 1176 multum
600 1123 751 1179 curarem
771 1111 982 1178 Christianos
1013 1115 1132 1178 habere
1152 1117 1338 1178 civitatem.

163 1222 267 1288 Unde.
279 1238 363 1283 auno
390 1220 522 1282 Domini
547 1219 657 1300 taos,
690 1219 767 1289 dum
795 1215 901 1282 nostri
921 1219 1105 1282 obsiderent
1134 1219 1339 1302 Damiatam,

164 1325 313 1411 Aegypti
349 1323 533 1406 civitatem,
570 1323 687 1386 videns
725 1323 888 1387 soldanus
908 1324 1006 1406 ‚quod
1037 1325 1194 1407 capienda
1230 1337 1340 1406 esset,

163 1431 252 1494 misit
285 1427 430 1493 oratores
464 1436 499 1490 et
535 1429 664 1492 nuntios
694 1429 847 1491 solennes
874 1430 907 1492 io
937 1438 1118 1492 nostrornm
1153 1431 1339 1493 exercitum

164 1556 224 1621 pro
244 1551 367 1618 pace,
401 1542 538 1615 petens,
580 1539 618 1596 ut
659 1533 824 1596 solverent
863 1531 950 1596 illius
985 1535 1075 1596 urbis
1119 1534 1339 1616 obsidionem,
1440 1558 1444 1625 3

166 1650 200 1705 et
222 1641 406 1724 acciperent
417 1637 674 1720 Hierosolymam
693 1638 728 1698 in
741 1643 930 1720 perpetuam
947 1641 1199 1722 possessionem,
1218 1639 1339 1702 demto

165 1746 286 1828 templo
306 1744 455 1826 Domini,
488 1743 573 1825 quod
592 1761 651 1824 pro
673 1759 712 1804 se
736 1743 874 1804 retinere
895 1743 1006 1813 vellet.
1045 1745 1181 1826 Insuper
1201 1743 1338 1824 obtulit,
1451 1771 1452 1778 ¹

164 1871 204 1916 se
224 1852 294 1914 suis
315 1849 471 1931 expensis
494 1846 702 1909 reaedificare
723 1865 830 1909 muros
850 1846 1051 1931 Jerusalem,
1078 1839 1144 1930 jam
1164 1868 1223 1931 per
1244 1847 1339 1911 Cor-

165 1955 322 2038 radinum,
344 1970 453 2035 regem
476 1950 639 2033 Damasci,
657 1951 851 2048 destructps,
870 1933 905 2012 et
926 1971 1038 2014 omnes
1059 1956 1209 2036 captivos
1231 1953 1340 2016 Chri-

165 2065 289 2126 stianos
311 2057 455 2139 reddere,
471 2065 503 2118 et
524 2055 602 2118 nihil
625 2056 710 2119 velle
731 2058 870 2119 retinere
886 2075 1006 2138 eorum,
1028 2077 1112 2141 quae
1132 2058 1174 2120 ad
1195 2077 1335 2142 regnum

73 2159 80 2182 ¹
165 2166 470 2247 Jerosolymitanum
492 2162 664 2248 pertinent,
687 2163 750 2224 nisi
770 2161 922 2244 templum
944 2163 1073 2224 Domini
1092 2165 1332 2228 inJerusalem.

166 2272 263 2334 Hanc
280 2267 493 2330 conditionem
516 2266 652 2328 libenter
673 2274 706 2328 et
723 2272 893 2328 contanter
903 2255 1130 2348 acceptassent
1143 2269 1332 2350 Christiani,

167 2375 242 2438 Rex
261 2370 447 2433 Jerusalem
480 2371 649 2433 Johannes
687 2378 721 2432 et
752 2372 870 2433 Franci
896 2382 955 2443 et·
971 2374 1152 2456 Teutonici,
1184 2374 1244 2436 sed
1265 2393 1332 2438 uon

167 2477 289 2561 placuit
319 2474 469 2556 Pelagio,
500 2473 663 2573 Cardinali
682 2476 811 2556 Legato
849 2483 882 2537 et
904 2476 1041 2558 Italicis,
1071 2486 1103 2540 et
1125 2478 1333 2540 orientalibus

169 2579 373 2660 Christiania,
396 2595 457 2639 nec
479 2589 674 2660 acceperunt
693 2578 983 2646 nuntiosSoldani.
1012 2581 1135 2644 Verum
1157 2588 1232 2663 post
1248 2601 1333 2665 pau·
1451 2639 1452 2672 ᾗ

169 2701 227 2748 cos
250 2681 320 2744 dies
348 2682 522 2744 amiserunt
550 2693 675 2766 captam
705 2683 874 2746 Damioten
906 2692 938 2744 et
969 2686 1075 2746 omnia
1101 2685 1173 2748 loca
1201 2688 1334 2750 orientis

169 2797 278 2852 terrae
298 2796 442 2872 sanctae,
463 2789 518 2871 ita,
532 2796 567 2850 ut
581 2807 645 2852 non
662 2789 819 2872 haberent
832 2787 970 2870 lapidem
986 2807 1081 2852 unum
1094 2791 1127 2851 in
1139 2790 1331 2854 Jerusalem.

169 2894 211 2956 Et
232 2895 295 2958 hoc
312 2892 400 2976 justo
422 2893 483 2955 Dei
502 2893 623 2976 judicio
645 2893 761 2955 accidit
782 2893 825 2954 in.
837 2895 1034 2976 punitionem
1058 2896 1212 2958 avaritiae
1232 2896 1334 2960 ltalo-

171 3019 257 3082 rum,
287 3000 341 3083 qni
367 2986 554 3062 Damiatam¹
578 3018 635 3080 pro
665 3017 720 3079 eo,
749 2997 834 3084 quod
863 3007 932 3061 erat
959 3000 1036 3066 urbs
1063 3003 1334 3082 negotiationibus

172 3113 264 3188 apta,
296 3105 522 3186 praeferebant
542 3102 726 3166 Jerusalem
749 3111 782 3163 et
804 3110 909 3164 terrae
930 3113 1080 3186 sanctae,
1113 3109 1335 3191 aestimantes,

172 3225 210 3272 se
243 3211 348 3271 omnia
379 3225 602 3289 possessuros.
644 3207 799 3270 Fuissent
827 3207 954 3290 quidem
977 3207 1149 3272 Sarraceni
1179 3211 1333 3292 contenti,

172 3320 270 3376 totam
292 3309 467 3391 Judaeum,
498 3309 714 3374 Palaestinam
755 3320 793 3375 et·
811 3310 990 3376 Galilaeam
1021 3313 1098 3376 dare
1129 3311 1333 3394 Christianis,

173 3421 210 3478 nt
232 3413 383 3496 templum
405 3417 438 3473 in
457 3413 640 3478 Jerusalem
661 3417 762 3480 solum
785 3416 952 3500 possidere
973 3419 1169 3498 potuissent,
1191 3417 1251 3480 sed
1272 3418 1334 3480 hoc

175 3501 228 3582 eis¹
246 3515 403 3598 denegato
426 3525 524 3581 totum
547 3519 729 3604 amisimus,
752 3531 784 3584 et
804 3540 909 3604 usque
930 3521 1026 3584 hodie
1057 3531 1173 3584 terram
1196 3531 1226 3584 et
1249 3523 1333 3585 civi-

174 3631 271 3686 tatem
294 3628 441 3684 sanctam
470 3633 502 3686 et
523 3625 674 3707 templum
708 3626 891 3709 possident,
923 3627 956 3687 in
987 3627 1091 3708 ipsum
1114 3635 1220 3690 autem
1251 3637 1333 3690 tem·

173 3727 260 3813 plum
282 3725 401 3790 nullum
423 3731 646 3812 intromittunt,
668 3731 808 3812 quinon
831 3740 882 3794 est
902 3732 962 3793 sub
984 3731 1058 3814 lege
1076 3732 1281 3813 Machbmeti,
1301 3740 1333 3792 et

174 3833 513 3919 quicunqueJudaeus
531 3843 586 3928 ant
599 3831 805 3912 Christianus
826 3839 994 3918 ingressus
1012 3836 1107 3898 fuerit
1124 3845 1157 3898 et
1180 3844 1333 3918 repertus,

174 3959 250 4004 mox
270 3940 376 4021 ipsum
397 3958 489 4002 suom
518 3940 679 4021 abnegare
700 3939 794 4002 fidem
828 3950 963 4024 cogunt,
990 3940 1045 4002 vel
1067 3942 1234 4004 tormentis
1255 3958 1334 4002 con-

174 4050 314 4108 sumunt.
346 4043 421 4107 Non
443 4045 590 4108 obstante
612 4051 718 4106 autem
740 4031 801 4106 hac
823 4047 1036 4128 prohibitione
1057 4044 1150 4108 multi
1159 4042 1338 4108 Christiani

173 4166 212 4212 so
239 4148 380 4234 periculo
419 4147 495 4210 darrt
539 4151 572 4206 et
607 4146 718 4211 modos
752 4150 953 4232 excogitant,
993 4153 1111 4233 quibus
1151 4149 1334 4231 ingressum

175 4251 295 4317 habere
320 4252 462 4336 possint,
485 4250 561 4332 quia
580 4252 757 4316 secundum
787 4257 983 4318 sententiam
1012 4252 1122 4316 Ovidii
1152 4253 1284 4316 nitimur
1303 4253 1336 4316 in
