3024 4866
722 201 783 266 4⁷1

162 378 243 446 illud
272 381 460 463 exquirere,
489 384 542 466 qni
573 381 703 466 dieunt,
738 402 777 445 se
805 401 919 446 sonum
952 399 1180 466 campanarum
1213 383 1344 467 quidem
1381 410 1383 419 .

162 482 345 565 audivisse,
366 486 426 548 sed
447 488 681 550 monasterinm
704 487 811 568 ipsum
834 487 964 549 minime
984 486 1160 551 iuvenisse.
1205 489 1246 551 nt
1268 507 1343 552 ore-

165 586 260 670 dnnt,
283 591 390 672 ipsum
412 593 641 679 monasterinm
665 611 706 654 ex
729 595 834 674 gratia
855 591 918 653 Dei
939 590 1093 655 oooultari
1112 601 1241 676 propter
1261 609 1343 674 pee-

164 701 239 754 oata
260 694 415 776 Arabum,
437 714 479 758 ue
500 715 610 760 eorum
632 694 814 758 insolentiis
835 703 1012 779 graventur
1031 697 1118 758 siout
1141 696 1205 759 alia
1224 696 1343 760 deserti

162 798 1340 882 mortasteria:sientdomusbotlrfnitSodomitisooeultata,Geues.XlX.,

163 916 195 970 et
218 907 336 969 civitas
358 905 509 968 Dothaim
539 903 657 986 Syris,
686 924 727 966 ne
755 905 944 968 Helisaeum
967 911 1121 987 caperent
1142 905 1341 986 prophetam,

74 1084 77 1094 ‚
161 1009 300 1094 (5⁰0)
322 1028 417 1093 quem
431 1027 549 1093 eapere
568 1019 742 1090 venerunt,
765 1019 800 1072 nt
821 1010 956 1072 babetur
977 1012 1007 1072 4.
1019 1009 1108 1100 Regu
1125 1007 1183 1070 Vl.
1205 1007 1340 1089 pnlohra

166 1117 314 1180 historia.
357 1114 578 1177 Veruntamen
601 1115 730 1178 Arabes
752 1114 881 1197 qnidam
905 1121 980 1175 sunt
1001 1131 1071 1175 enm
1095 1112 1262 1193 fratribus,
1285 1113 1340 1194 qui

161 1219 272 1282 dieunt
292 1218 356 1282 snb
375 1217 579 1299 juramento,
609 1235 647 1280 se
669 1215 775 1277 fnisse
795 1216 829 1276 in
851 1219 1064 1296 monasterio,
1092 1215 1152 1278 sed
1181 1234 1272 1296 mox,
1302 1224 1338 1276 nt

160 1322 317 1404 exierunt,
340 1322 427 1386 viam
454 1331 486 1384 et
508 1323 736 1386 monasterinm
757 1321 947 1402 perdidisse
992 1319 1193 1402 Quandoque
1222 1319 1336 1400 dispa-

161 1435 235 1490 rent
263 1426 363 1510 aliqui
386 1427 502 1489 fratres
524 1428 560 1490 S.
583 1426 795 1505 Cathariuae,
819 1443 880 1487 neo
901 1426 1011 1504 soitnr,
1035 1423 1088 1487 ubi
1108 1429 1337 1506 pervenerunt,

162 1547 246 1613 qnos
270 1530 406 1593 eredunt
434 1533 502 1614 rapi
524 1531 565 1602 ad
586 1532 648 1595 hoe
671 1531 899 1598 monasterium
936 1528 978 1591 ad
1009 1527 1223 1611 supplendum
1245 1529 1338 1590 vices

161 1654 282 1718 eornm,
305 1637 360 1717 qni
382 1655 440 1718 pro
463 1640 605 1719 tempore
628 1637 814 1715 moriuntur,
837 1653 910 1697 oum
931 1634 990 1695 eis.
1014 1633 1088 1695 Nee
1108 1631 1257 1695 videatur
1272 1629 1335 1694 lroe

161 1740 287 1821 puerile
305 1740 363 1802 ¹vel
383 1740 639 1822 phantasticum,
674 1757 747 1800 eum
776 1739 872 1800 etiam
893 1739 927 1799 iu
948 1737 1036 1798 Vitis
1056 1745 1182 1818 patrum
1214 1734 1332 1797 similia

12 1857 13 1864 ’
130 1904 134 1912 ,
160 1845 308 1925 legemus
343 1846 438 1906 etiam
466 1844 507 1905 de
539 1842 618 1925 hoo,
652 1843 693 1904 de
721 1861 784 1924 qno
815 1858 901 1902 unuo
928 1848 979 1902 est
1007 1838 1145 1919 leontio,
1186 1838 1335 1918 deserto,

159 1949 280 2028 inquo
303 1947 406 2008 fertur
427 1945 594 2008 habitasse
617 1945 745 2028 quidam
768 1952 918 2026 sarrotns,
953 1961 1047 2026 quem
1070 1961 1164 2004 nemo
1187 1943 1337 2003 iuvenire

160 2050 280 2130 potnit3
303 2050 388 2111 hnuo
418 2049 521 2122 abhas,
550 2050 738 2112 Postumius
759 2049 909 2110 visitator
933 2054 1061 2129 patrum
1095 2055 1129 2107 et
1148 2053 1334 2109 surrotornm

159 2155 191 2214 in
221 2153 359 2215 desertis
388 2155 651 2216 commorantium
680 2152 737 2222 din
783 2151 943 2235 quaesivit
990 2167 1051 2212 nee
1084 2151 1233 2221 inuenire
1260 2168 1335 2211 eum
1413 2171 1422 2184 ·’

158 2257 279 2338 potnit,
304 2263 377 2320 nuru
400 2257 547 2338 quotiens
573 2276 644 2320 eum
668 2243 737 2321 viri
752 2257 895 2340 religiosi
917 2255 1006 2318 adire
1026 2253 1211 2338 voluerunt,
1232 2271 1331 2316 eursu

159 2362 235 2423 avia
256 2369 370 2443 petens
397 2361 502 2423 looum
523 2362 670 2444 ignotum
692 2362 850 2447 quendam
875 2360 964 2444 adiit,
987 2375 1186 2441 congressus
1206 2359 1335 2421 vitabat

159 2466 335 2546 humanos,
378 2474 599 2529 verumtamen
633 2469 795 2531 ferebatur
818 2485 871 2552 se
900 2467 1108 2548 praebuisse,
1137 2464 1202 2545 qni,
1224 2462 1333 2544 oredo,

158 2571 279 2651 potenti
305 2569 338 2632 id
358 2569 423 2632 fide
444 2571 590 2633 obtinere
623 2575 748 2636 meruit.
793 2571 854 2634 Cui
882 2573 968 2642 ,inter
988 2568 1148 2652 colloquia
1169 2585 1330 2648 perenne-

160 2674 250 2753 t'auti,
274 2691 332 2735 eur
354 2683 442 2737 tauto
465 2676 612 2738 homiues
634 2696 733 2760 opere
752 2677 886 2758 uitaret,
917 2674 1099 2757 respondit:
1137 2673 1166 2734 si
1187 2673 1334 2734 homines

158 2795 210 2838 me
233 2777 483 2858 frequentarent,
500 2780 606 2862 angeli
628 2799 647 2842 a
669 2800 721 2841 me
737 2780 901 2862 fugerent,
921 2797 1055 2857 quornm
1074 2777 1332 2858 frequentatione

158 2887 240 2942 ntor.
282 2880 396 2943 Simile
418 2882 538 2965 legitur
568 2885 611 2948 de
631 2883 666 2946 S.
690 2884 872 2965 Hilarioue,
906 2901 1002 2966 quem
1030 2881 1172 2943 latrones
1203 2878 1328 2941 deserti
1396 2899 1400 2908 ’

156 2985 262 3066 ipsum
284 2987 428 3047 seientes
449 3005 549 3070 saepe
570 2991 821 3072 quaesiverunt,
850 2987 911 3049 sed
932 2985 1046 3048 cellam
1068 2987 1157 3046 senis
1178 2985 1327 3047 iuvenire

158 3087 342 3150 rmilateuus
363 3099 521 3171 poterunt.
563 3096 637 3156 Hoo
658 3095 691 3154 iu
713 3092 813 3174 Speo.
846 3092 968 3152 Histor.
990 3090 1027 3148 L.
1056 3087 1107 3151 1⁷.
1129 3107 1201 3172 oap.
1224 3089 1273 3158 19.
1298 3097 1331 3150 et

157 3181 196 3256 li.
223 3193 270 3254 19.
295 3210 324 3256 o.
350 3195 398 3257 1⁷.
423 3201 455 3253 et
487 3205 538 3260 ost
569 3197 728 3282 originale
748 3197 948 3280 leronymus
970 3191 1011 3254 de
1031 3194 1100 3256 vita
1122 3194 1207 3256 beati
1234 3191 1330 3254 Hila-

159 3297 276 3379 rionis,
300 3315 328 3360 o.
350 3299 380 3361 9.
883 3370 887 3382 ι

238 3400 365 3464 Deinde
386 3405 604 3468 eonvertimus
617 3403 729 3468 nosad
748 3403 942 3490 aquilonem,
958 3402 1013 3465 nbi
1030 3401 1179 3485 juugitur
1200 3402 1326 3483 orienti,

155 3515 187 3569 et
209 3515 322 3569 eontra
343 3510 507 3591 regionem
536 3509 678 3579 Arabiae
701 3511 808 3573 visum
844 3506 1059 3590 oonjeoirnus,
1092 3524 1176 3590 quae
1203 3505 1328 3569 latissi-

155 3627 225 3687 mas
262 3611 454 3676 solitudines
484 3615 630 3676 eontinet
668 3621 701 3678 et
723 3615 754 3676 iu
787 3611 932 3696 pluribus
961 3611 1030 3673 suis
1062 3611 1206 3694 partibus
1236 3611 1328 3675 ferax

155 3721 208 3775 est
229 3713 430 3792 diversorum
453 3720 667 3800 pretiosorum
691 3727 885 3802 aromatnm3
907 3721 948 3781 ob
971 3710 1067 3800 qnam
1090 3733 1223 3778 oausam
1244 3714 1328 3777 dioi-

156 3825 207 3878 tnr
224 3814 346 3882 Arabia
368 3822 446 3886 felix
469 3831 500 3884 et
522 3821 722 3905 protenditur
743 3825 827 3885 iuter
847 3832 1017 3905 utrumqne
1039 3821 1145 3882 siunm
1160 3805 1326 3901 ¹persionm

154 3927 189 3981 et
210 3922 372 3986 arabicum
396 3936 428 3988 et
450 3936 582 4010 propter
602 3927 798 4010 singularem
817 3945 898 3989 snae
918 3927 1034 4010 glebae
1055 3926 1231 3989 bonitatem
1248 3921 1327 3984 felix

154 4021 279 4085 dieitur.
322 4025 408 4090 Nam
429 4031 463 4092 iu
484 4030 675 4112 quibusdam
697 4031 778 4093 loeis
804 4030 924 4092 effossa
959 4041 1045 4094 terra
1073 4029 1202 4114 aliquae
1231 4044 1327 4109 repe·

153 4129 277 4190 riuntnr
297 4145 400 4194 suave
422 4133 547 4198 olentes
567 4134 698 4218 glebae.
743 4134 902 4198 Effoditnr
929 4126 962 4196 in
985 4155 1023 4198 ea
1048 4135 1181 4216 regione
1203 4150 1325 4213 eurum,

152 4231 238 4315 quod
266 4252 330 4297 nou
360 4237 438 4320 igue
474 4236 682 4322 decoquitur,
713 4249 748 4302 ut
777 4240 854 4302 alibi
887 4239 956 4304 fieri
994 4239 1182 4320 consuevit,
1216 4235 1277 4299 sed
1307 4254 1325 4297 e
