2962 5022
103 445 321 530 perieuiimiu
346 461 507 512 mennon
529 447 647 510 ruentis
668 453 902 530 penenuuntp
922 463 987 531 quo
1007 463 1080 512 ouer
1103 439 1283 528 venineut,

98 557 298 634 inponerent
324 569 445 636 eorpus
488 551 652 634 integrm
685 549 834 634 virginis
854 549 887 613 iu
920 549 1026 618 ioeule
1059 561 1171 635 petree
1211 547 1283 612 oieo

100 655 203 737 pleno
228 655 419 720 nirebiliter
439 653 630 720 oolionetnur
651 663 684 718 el
704 673 769 720 uon
792 653 990 736 dubittlrnut,
1011 659 1090 740 quin
1111 655 1177 720 inte
1194 659 1284 718 eret

104 761 289 822 theseum
315 762 366 824 eie
393 759 588 843 premissus,
625 757 688 822 sed
716 759 792 844 quie
817 767 923 842 enei,
953 767 1010 822 eut
1042 757 1136 842 ouius
1168 757 1283 838 meriti,
1371 767 1384 778 '

100 867 237 944 penitis
258 865 460 946 iguornitrnt.
492 861 745 928 Prostreuernnt
765 878 843 944 ergo
870 879 987 944 seper
1012 863 1178 926 eirouitnru
1206 879 1283 926 eor·

104 969 199 1049 poris
234 977 388 1050 regentes
409 965 529 1050 ileum,
562 975 597 1030 nt
617 963 790 1030 ostendere
821 964 1007 1048 dignaretur
1027 965 1174 1040 Sernotne
1192 963 1281 1028 iilius

104 1089 228 1134 neuen
259 1080 292 1132 et
326 1072 485 1134 meriture.
526 1071 569 1134 Et
598 1085 694 1150 eoos,
729 1069 809 1152 ipsis
836 1071 1003 1132 orentiirns
1035 1067 1204 1134 ndeoendit
1237 1067 1281 1132 ed

102 1193 163 1240 eos
186 1194 247 1258 per
271 1191 369 1257 rupes
389 1173 473 1238 eiius
499 1173 695 1239 emehoretn
722 1190 826 1236 senex
859 1171 987 1235 dioens:
1013 1173 1122 1257 Rene,
1143 1172 1274 1254 intre,

108 1299 163 1344 ere
184 1278 442 1342 rnisitllorninnn
460 1277 503 1342 ed
522 1295 594 1359 vos,
616 1277 822 1362 roeuiiestm
844 1293 971 1357 nomeu,
994 1279 1106 1358 vitem,
1128 1278 1279 1342 ueritum

102 1395 134 1446 et
157 1383 297 1466 gloriam
317 1381 415 1463 irujne
436 1381 664 1446 nnetunuee
690 1379 840 1462 virginis,
863 1389 895 1442 et
916 1397 1056 1445 exorsus
1076 1389 1145 1463 est,
1168 1379 1281 1446 dieeoe

105 1489 158 1550 eis
181 1495 286 1550 ortnru
309 1487 447 1569 virginio
466 1495 497 1550 et
524 1503 651 1566 nonen,
671 1501 789 1566 perus,
810 1487 1065 1570 conversionem,
1085 1485 1282 1569 pensionem,

107 1591 220 1654 iocum
245 1591 408 1671 pensionis
429 1601 461 1654 et
484 1609 600 1654 nomen
613 1587 734 1671 indicis
762 1597 794 1652 el
823 1597 965 1673 tempus,
991 1599 1125 1654 mortem
1154 1589 1227 1673 ejus
1248 1600 1282 1656 et

103 1693 289 1758 enuntiem
314 1693 556 1763 treusletionern
577 1694 724 1776 eorporis
752 1691 823 1775 ejus
854 1693 930 1758 irno-
951 1703 983 1756 et
1010 1695 1198 1778 engelornrn
1219 1713 1281 1760 ou·

107 1798 252 1864 stediern
274 1797 419 1860 eedulern
443 1797 601 1882 usquein
623 1794 822 1860 henediern.
861 1795 987 1858 Deinde
1014 1798 1192 1861 monnellus
1221 1798 1280 1862 ille

105 1903 287 1984 proecepit,
310 1909 343 1962 nt
365 1899 441 1964 inde
462 1901 610 1965 tollerent
630 1917 748 1984 eorpus
776 1909 809 1964 et
836 1901 874 1990 iu·
897 1901 1125 1962 monesterium
1146 1908 1280 1964 seueiee

104 2005 237 2068 Nerine
256 2003 298 2067 ed
321 2003 450 2068 linitum
472 2014 637 2088 portarent
659 2002 753 2083 illud,
774 2003 850 2086 quie
869 2001 1011 2065 iirturum
1031 2010 1138 2084 esset,
1161 2011 1197 2066 nt
1217 2003 1280 2066 lno-

105 2111 212 2172 rniuee
243 2107 285 2172 de
313 2110 468 2172 extremis
494 2109 640 2192 pertibus
667 2105 778 2174 mnndi
817 2105 964 2168 venirent
998 2103 1041 2168 ed
1075 2105 1278 2169 visitandum

108 2229 229 2276 seeres
251 2211 414 2295 reliquisti.
458 2215 532 2277 lloo
561 2213 647 2276 dieto
681 2211 857 2274 monnellus
883 2208 937 2271 ille
964 2206 1159 2272 deosculans
1184 2227 1280 2273 seore

107 2334 191 2380 osse
213 2333 273 2397 per
292 2315 445 2399 soopuior
467 2327 598 2400 repente
619 2314 764 2398 dilnpsns
785 2313 933 2379 deorsum
953 2329 1082 2376 onmem
1104 2315 1226 2396 reoepit
1246 2323 1280 2376 et

106 2423 140 2485 in
163 2438 259 2484 sunm
282 2422 464 2484 horninibus
492 2422 690 2504 incognitum
718 2437 851 2503 speoum
873 2435 1025 2482 reversus
1053 2426 1105 2482 est
1124 2435 1185 2480 neo
1205 2437 1279 2482 um·

109 2543 209 2608 quen
232 2523 373 2607 emplius
392 2525 487 2588 niens
508 2534 568 2588 est.

197 2628 404 2709 Aeceperunt
427 2645 506 2710 ergo
528 2626 675 2691 moueolri
702 2626 750 2688 ilii
776 2645 895 2718 eorpus
921 2627 958 2698 S
983 2627 1177 2694 Cetherinne
1205 2647 1278 2694 oum

107 2749 230 2815 magne
249 2731 430 2794 rewrentie
451 2741 482 2794 et
505 2717 755 2814 deporteuernnt
775 2729 907 2795 illudio
924 2733 1141 2796 eoelesieurS
1154 2733 1280 2796 lileriee

109 2835 152 2900 eri
173 2835 305 2898 linium
327 2843 362 2896 et
379 2835 581 2918 seroophngo
600 2854 787 2899 marmoreo
813 2834 901 2898 laeto
917 2801 1167 2917 imposuerunt,
1194 2838 1279 2898 siout

109 2939 208 3002 lrodie
229 2941 374 3001 oernitnr
392 2949 425 3000 et
447 2939 487 3000 eb
510 2938 672 3002 universis
700 2938 822 3002 (lonleii
844 2935 994 3001 fidelibus
1022 2938 1119 3020 longe
1143 2938 1274 3018 letoque

21 3069 25 3082 ι
108 3062 169 3125 per
190 3043 301 3104 orbern
323 3041 478 3124 dispersis
500 3043 665 3126 quaeritur
691 3060 763 3105 oum
780 3043 880 3104 ritae
901 3039 1046 3123 perioulo
1074 3048 1107 3108 et
1127 3041 1279 3105 maximis

109 3146 273 3210 lrlnorilnns
307 3155 340 3234 et
364 3145 590 3228 grandissimis
618 3145 789 3228 expensir;
822 3143 908 3208 unde
946 3141 1073 3226 quidem
1096 3141 1186 3224 l'epe
1217 3143 1278 3208 nub

109 3266 216 3332 poene
237 3248 453 3312 ennlhernetls
474 3249 559 3312 hono
571 3250 860 3333 peregrinationem
890 3246 1050 3329 prolribuit
1072 3247 1105 3310 in
1123 3243 1280 3328 singulari

109 3360 243 3436 propter
265 3357 340 3414 viee
363 3340 545 3415 'erotiteteur
575 3361 609 3414 et
640 3351 794 3437 perioule.
837 3350 1059 3432 Peregrinatio
1089 3356 1197 3412 eutem
1217 3349 1280 3412 Je-

102 3455 344 3538 *roselyuriteue
364 3457 524 3539 prohibite
545 3466 595 3518 est
608 3456 712 3518 solum
734 3464 863 3537 propter
884 3453 1099 3534 Serreeenos3
1122 3461 1173 3516 est
1194 3451 1279 3516 eninr

101 3553 223 3622 'eedem
249 3561 464 3642 peregrinatio
485 3568 638 3642 respeetu
659 3557 746 3621 illius
772 3557 929 3641 quaedem
963 3557 1120 3621 recreatio
1142 3564 1175 3618 et
1199 3573 1280 3638 epe-

110 3665 309 3728 ilementum.
351 3663 435 3726 Dure
465 3681 544 3745 ergo
565 3653 652 3726 iinon
671 3661 877 3744 sepulchrum
899 3661 935 3724 S.
961 3654 1156 3724 Cerberinee
1176 3677 1280 3740 expe-

111 3766 171 3829 diti
194 3783 360 3849 essemus,
392 3769 610 3850 prooessinns
639 3766 681 3830 de
701 3767 800 3830 ohoro
821 3765 863 3828 ed
881 3764 1036 3848 oepellern
1060 3761 1095 3824 S.
1117 3761 1280 3824 Joheunis

110 3871 292 3952 Bnptisine,
312 3870 346 3931 iu
379 3888 444 3952 que
474 3879 552 3933 sunt
579 3870 689 3952 plnres
711 3871 868 3954 reliquiae
890 3879 920 3931 et
944 3884 1081 3950 megrree
1106 3863 1281 3945 indulgen·

111 3975 197 4040 tien.
195 3969 247 4035 ln
268 3989 310 4034 ee
330 3991 409 4055 ergo
430 3976 577 4036 oratione
594 3973 636 4036 ed
657 3974 693 4036 S.
715 3973 896 4038 Johennem
918 3971 1040 4036 direete
1059 3967 1280 4050 indulgentior

109 4078 293 4159 reeepimes
313 4076 385 4157 st)-
407 4077 514 4140 lt'iuito
536 4057 645 4140 oiiloio
677 4074 765 4140 illiue
791 4074 937 4157 oepellee
964 4077 999 4136 ln
1027 4090 1068 4136 ee
1099 4070 1279 4136 resedimus

111 4195 226 4244 omines
246 4188 279 4242 et
296 4177 393 4260 jussu
425 4181 583 4244 seoristee
613 4177 834 4242 neleeemute
854 4175 972 4258 pedum
1005 4185 1186 4240 nostrornm
1208 4173 1280 4238 sol·

112 4285 220 4347 vimus
240 4290 274 4345 er
295 4281 505 4366 nudipedes
495 4301 529 4346 ιιι
551 4281 646 4350 elinrn
667 4281 825 4364 erpellere
854 4279 934 4382 linio
949 4297 1108 4344 nunexeur
1135 4280 1280 4362 ingruei
