<?xml version="1.0" encoding="UTF-8"?>
<!DOCTYPE html PUBLIC "-//W3C//DTD XHTML 1.0 Transitional//EN"
    "http://www.w3.org/TR/xhtml1/DTD/xhtml1-transitional.dtd">
<html xmlns="http://www.w3.org/1999/xhtml" xml:lang="en" lang="en">
 <head>
  <title>
</title>
<meta http-equiv="Content-Type" content="text/html;charset=utf-8" />
  <meta name='ocr-system' content='tesseract 3.04.00' />
  <meta name='ocr-capabilities' content='ocr_page ocr_carea ocr_par ocr_line ocrx_word'/>
</head>
<body>
  <div class='ocr_page' id='page_1' title='image "./fratrisfelicisf02fabrgoog_0090.png"; bbox 0 0 2970 4862; ppageno 0'>
   <div class='ocr_carea' id='block_1_1' title="bbox 43 410 1401 3938">
    <p class='ocr_par' dir='ltr' id='par_1_1' title="bbox 43 410 1401 3938">
     <span class='ocr_line' id='line_1_1' title="bbox 144 410 1312 495; baseline 0.002 -21"><span class='ocrx_word' id='word_1_1' title='bbox 144 410 374 474; x_wconf 83' lang='lat' dir='ltr'><strong>sustinentiam</strong></span> <span class='ocrx_word' id='word_1_2' title='bbox 396 411 604 474; x_wconf 80' lang='lat' dir='ltr'><strong>habuerimus</strong></span> <span class='ocrx_word' id='word_1_3' title='bbox 625 431 685 495; x_wconf 92' lang='lat' dir='ltr'><strong>per</strong></span> <span class='ocrx_word' id='word_1_4' title='bbox 717 413 804 476; x_wconf 87' lang='lat' dir='ltr'><strong>illam</strong></span> <span class='ocrx_word' id='word_1_5' title='bbox 826 412 913 476; x_wconf 79' lang='lat' dir='ltr'><strong>viam</strong></span> <span class='ocrx_word' id='word_1_6' title='bbox 944 431 1008 476; x_wconf 91' lang='lat' dir='ltr'><strong>nou</strong></span> <span class='ocrx_word' id='word_1_7' title='bbox 1041 411 1136 476; x_wconf 84' lang='lat' dir='ltr'><strong>iacile</strong></span> <span class='ocrx_word' id='word_1_8' title='bbox 1169 410 1312 476; x_wconf 78' lang='lat' dir='ltr'>dixerim.</span> 
     </span>
     <span class='ocr_line' id='line_1_2' title="bbox 142 514 1314 600; baseline 0.003 -22"><span class='ocrx_word' id='word_1_9' title='bbox 142 515 263 579; x_wconf 79' lang='lat' dir='ltr'><strong>Audeo</strong></span> <span class='ocrx_word' id='word_1_10' title='bbox 281 514 399 599; x_wconf 87' lang='lat' dir='ltr'><strong>dicere,</strong></span> <span class='ocrx_word' id='word_1_11' title='bbox 421 515 508 599; x_wconf 83' lang='lat' dir='ltr'><strong>quod</strong></span> <span class='ocrx_word' id='word_1_12' title='bbox 528 517 562 578; x_wconf 92' lang='lat' dir='ltr'><strong>in</strong></span> <span class='ocrx_word' id='word_1_13' title='bbox 588 535 640 578; x_wconf 87' lang='lat' dir='ltr'><strong>me</strong></span> <span class='ocrx_word' id='word_1_14' title='bbox 660 518 732 600; x_wconf 82' lang='lat' dir='ltr'><strong>ipro</strong></span> <span class='ocrx_word' id='word_1_15' title='bbox 754 519 838 580; x_wconf 87' lang='lat' dir='ltr'><strong>etin</strong></span> <span class='ocrx_word' id='word_1_16' title='bbox 858 517 932 580; x_wconf 86' lang='lat' dir='ltr'><strong>aliis</strong></span> <span class='ocrx_word' id='word_1_17' title='bbox 952 519 1052 582; x_wconf 88' lang='lat' dir='ltr'><strong>sociie</strong></span> <span class='ocrx_word' id='word_1_18' title='bbox 1073 517 1155 581; x_wconf 87' lang='lat' dir='ltr'><strong>meis</strong></span> <span class='ocrx_word' id='word_1_19' title='bbox 1175 517 1314 600; x_wconf 79' lang='lat' dir='ltr'><strong>majores</strong></span> 
     </span>
     <span class='ocr_line' id='line_1_3' title="bbox 143 619 1313 704; baseline 0.003 -20"><span class='ocrx_word' id='word_1_20' title='bbox 143 621 295 684; x_wconf 84' lang='lat' dir='ltr'><strong>miserias</strong></span> <span class='ocrx_word' id='word_1_21' title='bbox 312 628 345 683; x_wconf 88' lang='lat' dir='ltr'><strong>ct</strong></span> <span class='ocrx_word' id='word_1_22' title='bbox 356 619 557 684; x_wconf 76' lang='lat' dir='ltr'><strong>defectiones</strong></span> <span class='ocrx_word' id='word_1_23' title='bbox 578 629 732 704; x_wconf 83' lang='lat' dir='ltr'><strong>expertus</strong></span> <span class='ocrx_word' id='word_1_24' title='bbox 751 637 823 686; x_wconf 87' lang='lat' dir='ltr'><strong>sum</strong></span> <span class='ocrx_word' id='word_1_25' title='bbox 837 621 871 684; x_wconf 91' lang='lat' dir='ltr'><strong>in</strong></span> <span class='ocrx_word' id='word_1_26' title='bbox 890 623 1149 704; x_wconf 83' lang='lat' dir='ltr'><strong>peregrinatione</strong></span> <span class='ocrx_word' id='word_1_27' title='bbox 1158 623 1313 690; x_wconf 72' lang='lat' dir='ltr'><strong>dordonia</strong></span> 
     </span>
     <span class='ocr_line' id='line_1_4' title="bbox 142 725 1312 809; baseline 0.006 -23"><span class='ocrx_word' id='word_1_28' title='bbox 142 731 270 786; x_wconf 80' lang='lat' dir='ltr'><strong>tantum</strong></span> <span class='ocrx_word' id='word_1_29' title='bbox 297 725 331 792; x_wconf 91' lang='lat' dir='ltr'><strong>in</strong></span> <span class='ocrx_word' id='word_1_30' title='bbox 356 725 460 809; x_wconf 87' lang='lat' dir='ltr'><strong>prima</strong></span> <span class='ocrx_word' id='word_1_31' title='bbox 489 743 561 788; x_wconf 86' lang='lat' dir='ltr'><strong>mea</strong></span> <span class='ocrx_word' id='word_1_32' title='bbox 589 728 852 808; x_wconf 84' lang='lat' dir='ltr'><strong>pereginatione,</strong></span> <span class='ocrx_word' id='word_1_33' title='bbox 884 743 981 808; x_wconf 88' lang='lat' dir='ltr'><strong>quam</strong></span> <span class='ocrx_word' id='word_1_34' title='bbox 1013 725 1048 788; x_wconf 89' lang='lat' dir='ltr'><strong>in</strong></span> <span class='ocrx_word' id='word_1_35' title='bbox 1076 729 1223 792; x_wconf 90' lang='lat' dir='ltr'><strong>omnibus</strong></span> <span class='ocrx_word' id='word_1_36' title='bbox 1249 731 1312 792; x_wconf 84' lang='lat' dir='ltr'><strong>viis</strong></span> 
     </span>
     <span class='ocr_line' id='line_1_5' title="bbox 142 828 1312 912; baseline 0.006 -23"><span class='ocrx_word' id='word_1_37' title='bbox 142 828 311 892; x_wconf 78' lang='lat' dir='ltr'><strong>seumdae</strong></span> <span class='ocrx_word' id='word_1_38' title='bbox 325 830 604 912; x_wconf 74' lang='lat' dir='ltr'><strong>peregrinationis.</strong></span> <span class='ocrx_word' id='word_1_39' title='bbox 645 831 747 912; x_wconf 85' lang='lat' dir='ltr'><strong>lgitnr</strong></span> <span class='ocrx_word' id='word_1_40' title='bbox 768 833 802 892; x_wconf 92' lang='lat' dir='ltr'><strong>in</strong></span> <span class='ocrx_word' id='word_1_41' title='bbox 814 831 958 892; x_wconf 86' lang='lat' dir='ltr'><strong>tenebris</strong></span> <span class='ocrx_word' id='word_1_42' title='bbox 974 833 1123 892; x_wconf 86' lang='lat' dir='ltr'><strong>verrimus</strong></span> <span class='ocrx_word' id='word_1_43' title='bbox 1144 831 1187 894; x_wconf 87' lang='lat' dir='ltr'><strong>ad</strong></span> <span class='ocrx_word' id='word_1_44' title='bbox 1206 833 1312 896; x_wconf 84' lang='lat' dir='ltr'><strong>saltus</strong></span> 
     </span>
     <span class='ocr_line' id='line_1_6' title="bbox 143 932 1313 1017; baseline 0.004 -23"><span class='ocrx_word' id='word_1_45' title='bbox 143 941 179 994; x_wconf 92' lang='lat' dir='ltr'><strong>et</strong></span> <span class='ocrx_word' id='word_1_46' title='bbox 202 932 309 996; x_wconf 82' lang='lat' dir='ltr'><strong>clivos</strong></span> <span class='ocrx_word' id='word_1_47' title='bbox 323 934 516 1014; x_wconf 88' lang='lat' dir='ltr'><strong>praecipites</strong></span> <span class='ocrx_word' id='word_1_48' title='bbox 543 941 577 996; x_wconf 91' lang='lat' dir='ltr'><strong>et</strong></span> <span class='ocrx_word' id='word_1_49' title='bbox 605 935 833 998; x_wconf 79' lang='lat' dir='ltr'><strong>inaccensum</strong></span> <span class='ocrx_word' id='word_1_50' title='bbox 868 933 1125 1016; x_wconf 73' lang='lat' dir='ltr'><strong>praecipitiorum</strong></span> <span class='ocrx_word' id='word_1_51' title='bbox 1148 937 1313 1017; x_wconf 21' lang='lat' dir='ltr'><strong>,cogebant</strong></span> 
     </span>
     <span class='ocr_line' id='line_1_7' title="bbox 142 1034 1313 1122; baseline 0.003 -21"><span class='ocrx_word' id='word_1_52' title='bbox 142 1053 208 1101; x_wconf 90' lang='lat' dir='ltr'><strong>nos</strong></span> <span class='ocrx_word' id='word_1_53' title='bbox 230 1036 271 1099; x_wconf 90' lang='lat' dir='ltr'><strong>de</strong></span> <span class='ocrx_word' id='word_1_54' title='bbox 286 1037 388 1100; x_wconf 81' lang='lat' dir='ltr'><strong>asinis</strong></span> <span class='ocrx_word' id='word_1_55' title='bbox 416 1034 633 1118; x_wconf 89' lang='lat' dir='ltr'><strong>descendere,</strong></span> <span class='ocrx_word' id='word_1_56' title='bbox 666 1047 698 1100; x_wconf 90' lang='lat' dir='ltr'><strong>et</strong></span> <span class='ocrx_word' id='word_1_57' title='bbox 726 1037 896 1120; x_wconf 79' lang='lat' dir='ltr'><strong>pedestres</strong></span> <span class='ocrx_word' id='word_1_58' title='bbox 917 1039 974 1122; x_wconf 84' lang='lat' dir='ltr'><strong>ire,</strong></span> <span class='ocrx_word' id='word_1_59' title='bbox 997 1047 1029 1101; x_wconf 93' lang='lat' dir='ltr'><strong>et</strong></span> <span class='ocrx_word' id='word_1_60' title='bbox 1050 1039 1108 1101; x_wconf 87' lang='lat' dir='ltr'><strong>vix</strong></span> <span class='ocrx_word' id='word_1_61' title='bbox 1128 1048 1313 1122; x_wconf 76' lang='lat' dir='ltr'><strong>poteramus</strong></span> 
     </span>
     <span class='ocr_line' id='line_1_8' title="bbox 142 1133 1321 1227; baseline 0.003 -22"><span class='ocrx_word' id='word_1_62' title='bbox 142 1144 270 1226; x_wconf 84' lang='lat' dir='ltr'><strong>spirare</strong></span> <span class='ocrx_word' id='word_1_63' title='bbox 290 1160 370 1225; x_wconf 82' lang='lat' dir='ltr'><strong>prae</strong></span> <span class='ocrx_word' id='word_1_64' title='bbox 390 1139 512 1210; x_wconf 82' lang='lat' dir='ltr'><strong>inedia.</strong></span> <span class='ocrx_word' id='word_1_65' title='bbox 555 1140 633 1204; x_wconf 86' lang='lat' dir='ltr'><strong>Vidi</strong></span> <span class='ocrx_word' id='word_1_66' title='bbox 645 1142 763 1206; x_wconf 86' lang='lat' dir='ltr'><strong>multos</strong></span> <span class='ocrx_word' id='word_1_67' title='bbox 777 1133 965 1226; x_wconf 83' lang='lat' dir='ltr'><strong>peregrinos</strong></span> <span class='ocrx_word' id='word_1_68' title='bbox 981 1145 1015 1206; x_wconf 86' lang='lat' dir='ltr'><strong>in</strong></span> <span class='ocrx_word' id='word_1_69' title='bbox 1031 1145 1134 1208; x_wconf 83' lang='lat' dir='ltr'><strong>asinis</strong></span> <span class='ocrx_word' id='word_1_70' title='bbox 1149 1144 1321 1227; x_wconf 70' lang='lat' dir='ltr'><strong>sedentes„</strong></span> 
     </span>
     <span class='ocr_line' id='line_1_9' title="bbox 142 1245 1312 1336; baseline 0.003 -26"><span class='ocrx_word' id='word_1_71' title='bbox 142 1252 201 1332; x_wconf 80' lang='lat' dir='ltr'><strong>qui</strong></span> <span class='ocrx_word' id='word_1_72' title='bbox 223 1265 288 1310; x_wconf 93' lang='lat' dir='ltr'><strong>uon</strong></span> <span class='ocrx_word' id='word_1_73' title='bbox 309 1255 457 1329; x_wconf 88' lang='lat' dir='ltr'><strong>poterant</strong></span> <span class='ocrx_word' id='word_1_74' title='bbox 484 1264 563 1330; x_wconf 86' lang='lat' dir='ltr'><strong>prae</strong></span> <span class='ocrx_word' id='word_1_75' title='bbox 594 1245 759 1309; x_wconf 89' lang='lat' dir='ltr'><strong>debilitate</strong></span> <span class='ocrx_word' id='word_1_76' title='bbox 781 1245 913 1336; x_wconf 35' lang='lat' dir='ltr'><strong>,frenum</strong></span> <span class='ocrx_word' id='word_1_77' title='bbox 944 1246 1041 1310; x_wconf 75' lang='lat' dir='ltr'><strong>radii</strong></span> <span class='ocrx_word' id='word_1_78' title='bbox 1065 1255 1191 1332; x_wconf 88' lang='lat' dir='ltr'><strong>tenera,</strong></span> <span class='ocrx_word' id='word_1_79' title='bbox 1225 1249 1312 1312; x_wconf 90' lang='lat' dir='ltr'><strong>unde</strong></span> 
     </span>
     <span class='ocr_line' id='line_1_10' title="bbox 81 1339 1311 1437; baseline -0.002 -19"><span class='ocrx_word' id='word_1_80' title='bbox 81 1355 83 1360; x_wconf 84' lang='lat'>&#39;</span> <span class='ocrx_word' id='word_1_81' title='bbox 142 1353 244 1436; x_wconf 89' lang='lat' dir='ltr'><strong>aliqui</strong></span> <span class='ocrx_word' id='word_1_82' title='bbox 267 1352 308 1415; x_wconf 92' lang='lat' dir='ltr'><strong>de</strong></span> <span class='ocrx_word' id='word_1_83' title='bbox 328 1352 430 1422; x_wconf 80' lang='lat' dir='ltr'><strong>asinis</strong></span> <span class='ocrx_word' id='word_1_84' title='bbox 452 1351 612 1434; x_wconf 79' lang='lat' dir='ltr'><strong>cadebant</strong></span> <span class='ocrx_word' id='word_1_85' title='bbox 644 1359 678 1412; x_wconf 89' lang='lat' dir='ltr'><strong>et</strong></span> <span class='ocrx_word' id='word_1_86' title='bbox 699 1339 843 1428; x_wconf 78' lang='lat' dir='ltr'><strong>dimissis</strong></span> <span class='ocrx_word' id='word_1_87' title='bbox 865 1353 970 1428; x_wconf 78' lang='lat' dir='ltr'><strong>arinis</strong></span> <span class='ocrx_word' id='word_1_88' title='bbox 991 1353 1024 1414; x_wconf 92' lang='lat' dir='ltr'><strong>in</strong></span> <span class='ocrx_word' id='word_1_89' title='bbox 1046 1361 1132 1416; x_wconf 82' lang='lat' dir='ltr'><strong>terra</strong></span> <span class='ocrx_word' id='word_1_90' title='bbox 1147 1353 1311 1437; x_wconf 86' lang='lat' dir='ltr'><strong>jacebant,</strong></span> 
     </span>
     <span class='ocr_line' id='line_1_11' title="bbox 54 1454 1310 1544; baseline 0 -26"><span class='ocrx_word' id='word_1_91' title='bbox 54 1513 56 1518; x_wconf 90' lang='lat'><em>.</em></span> <span class='ocrx_word' id='word_1_92' title='bbox 119 1467 356 1544; x_wconf 20' lang='lat' dir='ltr'><strong>&#39;questam&#39;en</strong></span> <span class='ocrx_word' id='word_1_93' title='bbox 377 1455 551 1519; x_wconf 76' lang='lat' dir='ltr'><strong>sarraceni</strong></span> <span class='ocrx_word' id='word_1_94' title='bbox 572 1473 644 1535; x_wconf 87' lang='lat' dir='ltr'><strong>curn</strong></span> <span class='ocrx_word' id='word_1_95' title='bbox 671 1454 1101 1539; x_wconf 74' lang='lat' dir='ltr'><strong>indignationeprocedere</strong></span> <span class='ocrx_word' id='word_1_96' title='bbox 1138 1461 1310 1540; x_wconf 81' lang='lat' dir='ltr'><strong>cogebant.</strong></span> 
     </span>
     <span class='ocr_line' id='line_1_12' title="bbox 126 1545 1310 1648; baseline -0.002 -23"><span class='ocrx_word' id='word_1_97' title='bbox 126 1547 315 1626; x_wconf 69' lang='lat' dir='ltr'><strong>“canorem.</strong></span> <span class='ocrx_word' id='word_1_98' title='bbox 328 1561 416 1624; x_wconf 75' lang='lat' dir='ltr'><strong>rinos</strong></span> <span class='ocrx_word' id='word_1_99' title='bbox 436 1561 561 1648; x_wconf 64' lang='lat' dir='ltr'><strong>cornone</strong></span> <span class='ocrx_word' id='word_1_100' title='bbox 581 1545 813 1638; x_wconf 72' lang='lat' dir='ltr'><strong>intolerabilem</strong></span> <span class='ocrx_word' id='word_1_101' title='bbox 836 1559 992 1624; x_wconf 64' lang='lat' dir='ltr'><strong>innonat</strong></span> <span class='ocrx_word' id='word_1_102' title='bbox 1016 1562 1123 1636; x_wconf 66' lang='lat' dir='ltr'><strong>amors</strong></span> <span class='ocrx_word' id='word_1_103' title='bbox 1142 1562 1310 1645; x_wconf 78' lang='lat' dir='ltr'><strong>corgon</strong></span> 
     </span>
     <span class='ocr_line' id='line_1_13' title="bbox 142 1649 1401 1749; baseline -0.002 -21"><span class='ocrx_word' id='word_1_104' title='bbox 142 1651 318 1749; x_wconf 82' lang='lat' dir='ltr'><strong>periculum</strong></span> <span class='ocrx_word' id='word_1_105' title='bbox 340 1649 599 1749; x_wconf 80' lang='lat' dir='ltr'><strong>praecipitiorum</strong></span> <span class='ocrx_word' id='word_1_106' title='bbox 628 1671 662 1724; x_wconf 94' lang='lat' dir='ltr'><strong>et</strong></span> <span class='ocrx_word' id='word_1_107' title='bbox 689 1663 839 1727; x_wconf 84' lang='lat' dir='ltr'><strong>debilitas</strong></span> <span class='ocrx_word' id='word_1_108' title='bbox 860 1653 1094 1746; x_wconf 84' lang='lat' dir='ltr'><strong>perigrinorum</strong></span> <span class='ocrx_word' id='word_1_109' title='bbox 1126 1675 1158 1734; x_wconf 88' lang='lat' dir='ltr'><strong>et</strong></span> <span class='ocrx_word' id='word_1_110' title='bbox 1188 1667 1310 1749; x_wconf 88' lang='lat' dir='ltr'><strong>impor-</strong></span> <span class='ocrx_word' id='word_1_111' title='bbox 1398 1719 1401 1726; x_wconf 89' lang='lat'><em>.</em></span> 
     </span>
     <span class='ocr_line' id='line_1_14' title="bbox 43 1755 1317 1853; baseline 0.002 -20"><span class='ocrx_word' id='word_1_112' title='bbox 43 1775 46 1780; x_wconf 85' lang='grc'><em>“</em></span> <span class='ocrx_word' id='word_1_113' title='bbox 143 1780 222 1833; x_wconf 83' lang='lat' dir='ltr'><strong>tuna</strong></span> <span class='ocrx_word' id='word_1_114' title='bbox 255 1770 428 1833; x_wconf 72' lang='lat' dir='ltr'><strong>stimulatio</strong></span> <span class='ocrx_word' id='word_1_115' title='bbox 454 1767 731 1851; x_wconf 77' lang='lat' dir='ltr'><strong>&#39;Sarraceuurum3</strong></span> <span class='ocrx_word' id='word_1_116' title='bbox 764 1769 962 1832; x_wconf 87' lang='lat' dir='ltr'><strong>sicutenim</strong></span> <span class='ocrx_word' id='word_1_117' title='bbox 992 1770 1125 1853; x_wconf 81' lang='lat' dir='ltr'><strong>aurig&#39;ae</strong></span> <span class='ocrx_word' id='word_1_118' title='bbox 1154 1755 1317 1835; x_wconf 76' lang='lat' dir='ltr'><strong>ducentes</strong></span> 
     </span>
     <span class='ocr_line' id='line_1_15' title="bbox 141 1873 1309 1958; baseline 0 -20"><span class='ocrx_word' id='word_1_119' title='bbox 141 1877 257 1956; x_wconf 79' lang='lat' dir='ltr'><strong>gravia</strong></span> <span class='ocrx_word' id='word_1_120' title='bbox 274 1875 416 1958; x_wconf 84' lang='lat' dir='ltr'><strong>pondera</strong></span> <span class='ocrx_word' id='word_1_121' title='bbox 436 1873 470 1934; x_wconf 90' lang='lat' dir='ltr'><strong>in</strong></span> <span class='ocrx_word' id='word_1_122' title='bbox 492 1873 640 1936; x_wconf 86' lang='lat' dir='ltr'><strong>curribus</strong></span> <span class='ocrx_word' id='word_1_123' title='bbox 661 1889 720 1953; x_wconf 88' lang='lat' dir='ltr'><strong>per</strong></span> <span class='ocrx_word' id='word_1_124' title='bbox 750 1875 940 1955; x_wconf 89' lang='lat' dir='ltr'><strong>praecipitia</strong></span> <span class='ocrx_word' id='word_1_125' title='bbox 973 1884 1006 1936; x_wconf 91' lang='lat' dir='ltr'><strong>et</strong></span> <span class='ocrx_word' id='word_1_126' title='bbox 1028 1876 1131 1938; x_wconf 87' lang='lat' dir='ltr'><strong>clivos</strong></span> <span class='ocrx_word' id='word_1_127' title='bbox 1152 1879 1309 1940; x_wconf 88' lang='lat' dir='ltr'><strong>montium</strong></span> 
     </span>
     <span class='ocr_line' id='line_1_16' title="bbox 143 1976 1309 2043; baseline -0.003 0"><span class='ocrx_word' id='word_1_128' title='bbox 143 1980 229 2043; x_wconf 89' lang='lat' dir='ltr'><strong>altos</strong></span> <span class='ocrx_word' id='word_1_129' title='bbox 262 1978 424 2041; x_wconf 84' lang='lat' dir='ltr'><strong>continuis</strong></span> <span class='ocrx_word' id='word_1_130' title='bbox 449 1976 644 2038; x_wconf 87' lang='lat' dir='ltr'><strong>clamoribus</strong></span> <span class='ocrx_word' id='word_1_131' title='bbox 674 1984 706 2038; x_wconf 93' lang='lat' dir='ltr'><strong>et</strong></span> <span class='ocrx_word' id='word_1_132' title='bbox 732 1977 922 2039; x_wconf 87' lang='lat' dir='ltr'><strong>verberibus</strong></span> <span class='ocrx_word' id='word_1_133' title='bbox 944 1979 1066 2040; x_wconf 83' lang='lat' dir='ltr'><strong>bestias</strong></span> <span class='ocrx_word' id='word_1_134' title='bbox 1093 1979 1255 2040; x_wconf 88' lang='lat' dir='ltr'><strong>minantur</strong></span> <span class='ocrx_word' id='word_1_135' title='bbox 1276 1987 1309 2040; x_wconf 89' lang='lat' dir='ltr'><strong>et</strong></span> 
     </span>
     <span class='ocr_line' id='line_1_17' title="bbox 143 2078 1311 2162; baseline -0.004 -15"><span class='ocrx_word' id='word_1_136' title='bbox 143 2082 319 2162; x_wconf 82' lang='lat' dir='ltr'><strong>stimulent,</strong></span> <span class='ocrx_word' id='word_1_137' title='bbox 340 2080 389 2141; x_wconf 88' lang='lat' dir='ltr'><strong>sic</strong></span> <span class='ocrx_word' id='word_1_138' title='bbox 409 2081 511 2142; x_wconf 83' lang='lat' dir='ltr'><strong>nostri</strong></span> <span class='ocrx_word' id='word_1_139' title='bbox 531 2078 683 2142; x_wconf 89' lang='lat' dir='ltr'><strong>ductores</strong></span> <span class='ocrx_word' id='word_1_140' title='bbox 703 2080 776 2142; x_wconf 91' lang='lat' dir='ltr'><strong>sine</strong></span> <span class='ocrx_word' id='word_1_141' title='bbox 795 2081 1033 2142; x_wconf 82' lang='lat' dir='ltr'><strong>intermissione</strong></span> <span class='ocrx_word' id='word_1_142' title='bbox 1054 2097 1115 2142; x_wconf 90' lang='lat' dir='ltr'><strong>uos</strong></span> <span class='ocrx_word' id='word_1_143' title='bbox 1133 2088 1166 2142; x_wconf 90' lang='lat' dir='ltr'><strong>et</strong></span> <span class='ocrx_word' id='word_1_144' title='bbox 1184 2081 1311 2143; x_wconf 85' lang='lat' dir='ltr'><strong>bestiae</strong></span> 
     </span>
     <span class='ocr_line' id='line_1_18' title="bbox 142 2183 1308 2266; baseline -0.004 -15"><span class='ocrx_word' id='word_1_145' title='bbox 142 2193 274 2252; x_wconf 89' lang='lat' dir='ltr'><strong>nostras</strong></span> <span class='ocrx_word' id='word_1_146' title='bbox 294 2183 502 2248; x_wconf 72' lang='lat' dir='ltr'><strong>stimulabant</strong></span> <span class='ocrx_word' id='word_1_147' title='bbox 523 2201 581 2266; x_wconf 94' lang='lat' dir='ltr'><strong>per</strong></span> <span class='ocrx_word' id='word_1_148' title='bbox 600 2184 672 2246; x_wconf 89' lang='lat' dir='ltr'><strong>vias</strong></span> <span class='ocrx_word' id='word_1_149' title='bbox 694 2184 997 2266; x_wconf 86' lang='lat' dir='ltr'><strong>periculosissimas,</strong></span> <span class='ocrx_word' id='word_1_150' title='bbox 1019 2184 1054 2245; x_wconf 92' lang='lat' dir='ltr'><strong>in</strong></span> <span class='ocrx_word' id='word_1_151' title='bbox 1075 2183 1194 2266; x_wconf 82' lang='lat' dir='ltr'><strong>quibus</strong></span> <span class='ocrx_word' id='word_1_152' title='bbox 1209 2201 1308 2246; x_wconf 85' lang='lat' dir='ltr'><strong>casus</strong></span> 
     </span>
     <span class='ocr_line' id='line_1_19' title="bbox 140 2287 1309 2373; baseline -0.005 -17"><span class='ocrx_word' id='word_1_153' title='bbox 140 2293 268 2356; x_wconf 84' lang='lat' dir='ltr'><strong>bestiae</strong></span> <span class='ocrx_word' id='word_1_154' title='bbox 288 2307 374 2352; x_wconf 88' lang='lat' dir='ltr'><strong>mors</strong></span> <span class='ocrx_word' id='word_1_155' title='bbox 396 2297 429 2352; x_wconf 86' lang='lat' dir='ltr'><strong>et</strong></span> <span class='ocrx_word' id='word_1_156' title='bbox 450 2289 671 2373; x_wconf 70' lang='lat' dir='ltr'><strong>praecipitatio</strong></span> <span class='ocrx_word' id='word_1_157' title='bbox 693 2287 813 2350; x_wconf 82' lang='lat' dir='ltr'><strong>luisset</strong></span> <span class='ocrx_word' id='word_1_158' title='bbox 843 2289 993 2354; x_wconf 87' lang='lat' dir='ltr'><strong>bominis.</strong></span> <span class='ocrx_word' id='word_1_159' title='bbox 1038 2288 1131 2352; x_wconf 83' lang='lat' dir='ltr'><strong>Adeo</strong></span> <span class='ocrx_word' id='word_1_160' title='bbox 1154 2287 1254 2352; x_wconf 75' lang='lat' dir='ltr'><strong>durum</strong></span> <span class='ocrx_word' id='word_1_161' title='bbox 1276 2296 1309 2352; x_wconf 87' lang='lat' dir='ltr'><strong>et</strong></span> 
     </span>
     <span class='ocr_line' id='line_1_20' title="bbox 144 2390 1310 2480; baseline -0.002 -20"><span class='ocrx_word' id='word_1_162' title='bbox 144 2397 257 2480; x_wconf 83' lang='lat' dir='ltr'><strong>gravis</strong></span> <span class='ocrx_word' id='word_1_163' title='bbox 284 2404 353 2458; x_wconf 88' lang='lat' dir='ltr'><strong>erat</strong></span> <span class='ocrx_word' id='word_1_164' title='bbox 375 2394 465 2458; x_wconf 76' lang='lat' dir='ltr'><strong>tabor</strong></span> <span class='ocrx_word' id='word_1_165' title='bbox 483 2394 549 2476; x_wconf 88' lang='lat' dir='ltr'><strong>ille,</strong></span> <span class='ocrx_word' id='word_1_166' title='bbox 573 2390 709 2476; x_wconf 87' lang='lat' dir='ltr'><strong>quodsi</strong></span> <span class='ocrx_word' id='word_1_167' title='bbox 734 2394 807 2475; x_wconf 86' lang='lat' dir='ltr'><strong>quis</strong></span> <span class='ocrx_word' id='word_1_168' title='bbox 828 2411 901 2458; x_wconf 91' lang='lat' dir='ltr'><strong>cum</strong></span> <span class='ocrx_word' id='word_1_169' title='bbox 928 2394 1049 2458; x_wconf 87' lang='lat' dir='ltr'><strong>lumine</strong></span> <span class='ocrx_word' id='word_1_170' title='bbox 1070 2394 1310 2477; x_wconf 87' lang='lat' dir='ltr'><strong>peregrinorum</strong></span> 
     </span>
     <span class='ocr_line' id='line_1_21' title="bbox 143 2487 1310 2583; baseline -0.003 -19"><span class='ocrx_word' id='word_1_171' title='bbox 143 2503 245 2564; x_wconf 84' lang='lat' dir='ltr'><strong>facies</strong></span> <span class='ocrx_word' id='word_1_172' title='bbox 263 2500 504 2581; x_wconf 84' lang='lat' dir='ltr'><strong>contemplatus</strong></span> <span class='ocrx_word' id='word_1_173' title='bbox 526 2487 661 2581; x_wconf 84' lang='lat' dir='ltr'><strong>luisset,</strong></span> <span class='ocrx_word' id='word_1_174' title='bbox 684 2496 856 2560; x_wconf 87' lang='lat' dir='ltr'><strong>madentes</strong></span> <span class='ocrx_word' id='word_1_175' title='bbox 884 2499 1032 2562; x_wconf 86' lang='lat' dir='ltr'><strong>maxillas</strong></span> <span class='ocrx_word' id='word_1_176' title='bbox 1061 2518 1139 2583; x_wconf 87' lang='lat' dir='ltr'><strong>prae</strong></span> <span class='ocrx_word' id='word_1_177' title='bbox 1169 2500 1310 2562; x_wconf 88' lang='lat' dir='ltr'><strong>lacrimis</strong></span> 
     </span>
     <span class='ocr_line' id='line_1_22' title="bbox 142 2601 1309 2687; baseline -0.003 -19"><span class='ocrx_word' id='word_1_178' title='bbox 142 2605 281 2668; x_wconf 86' lang='lat' dir='ltr'><strong>vidisset</strong></span> <span class='ocrx_word' id='word_1_179' title='bbox 311 2613 343 2666; x_wconf 92' lang='lat' dir='ltr'><strong>et</strong></span> <span class='ocrx_word' id='word_1_180' title='bbox 377 2605 490 2668; x_wconf 87' lang='lat' dir='ltr'><strong>oculos</strong></span> <span class='ocrx_word' id='word_1_181' title='bbox 519 2621 598 2685; x_wconf 88' lang='lat' dir='ltr'><strong>prae</strong></span> <span class='ocrx_word' id='word_1_182' title='bbox 619 2601 696 2663; x_wconf 88' lang='lat' dir='ltr'><strong>iletu</strong></span> <span class='ocrx_word' id='word_1_183' title='bbox 719 2601 874 2665; x_wconf 88' lang='lat' dir='ltr'><strong>rubentes</strong></span> <span class='ocrx_word' id='word_1_184' title='bbox 895 2622 1023 2687; x_wconf 86' lang='lat' dir='ltr'><strong>eorum,</strong></span> <span class='ocrx_word' id='word_1_185' title='bbox 1054 2606 1109 2687; x_wconf 90' lang='lat' dir='ltr'><strong>qui</strong></span> <span class='ocrx_word' id='word_1_186' title='bbox 1136 2606 1170 2668; x_wconf 91' lang='lat' dir='ltr'><strong>in</strong></span> <span class='ocrx_word' id='word_1_187' title='bbox 1191 2605 1309 2668; x_wconf 88' lang='lat' dir='ltr'><strong>nostris</strong></span> 
     </span>
     <span class='ocr_line' id='line_1_23' title="bbox 141 2707 1309 2791; baseline -0.002 -21"><span class='ocrx_word' id='word_1_188' title='bbox 141 2707 397 2791; x_wconf 73' lang='lat' dir='ltr'><strong>pertimiscant),</strong></span> <span class='ocrx_word' id='word_1_189' title='bbox 430 2715 564 2788; x_wconf 81' lang='lat' dir='ltr'><strong>argento</strong></span> <span class='ocrx_word' id='word_1_190' title='bbox 595 2712 630 2768; x_wconf 92' lang='lat' dir='ltr'><strong>et</strong></span> <span class='ocrx_word' id='word_1_191' title='bbox 664 2707 802 2786; x_wconf 76' lang='lat' dir='ltr'><strong>geminus</strong></span> <span class='ocrx_word' id='word_1_192' title='bbox 830 2715 992 2770; x_wconf 89' lang='lat' dir='ltr'><strong>ornantur.</strong></span> <span class='ocrx_word' id='word_1_193' title='bbox 1035 2707 1158 2772; x_wconf 85' lang='lat' dir='ltr'><strong>Audivi</strong></span> <span class='ocrx_word' id='word_1_194' title='bbox 1188 2711 1223 2772; x_wconf 90' lang='lat' dir='ltr'><strong>in</strong></span> <span class='ocrx_word' id='word_1_195' title='bbox 1253 2707 1309 2770; x_wconf 90' lang='lat' dir='ltr'><strong>illa</strong></span> 
     </span>
     <span class='ocr_line' id='line_1_24' title="bbox 142 2809 1310 2895; baseline 0.001 -22"><span class='ocrx_word' id='word_1_196' title='bbox 142 2818 241 2875; x_wconf 89' lang='lat' dir='ltr'><strong>nocte</strong></span> <span class='ocrx_word' id='word_1_197' title='bbox 262 2819 430 2893; x_wconf 84' lang='lat' dir='ltr'><strong>gementes</strong></span> <span class='ocrx_word' id='word_1_198' title='bbox 449 2818 483 2870; x_wconf 90' lang='lat' dir='ltr'><strong>et</strong></span> <span class='ocrx_word' id='word_1_199' title='bbox 507 2809 627 2872; x_wconf 83' lang='lat' dir='ltr'><strong>flentes</strong></span> <span class='ocrx_word' id='word_1_200' title='bbox 646 2817 682 2870; x_wconf 91' lang='lat' dir='ltr'><strong>et</strong></span> <span class='ocrx_word' id='word_1_201' title='bbox 704 2811 860 2892; x_wconf 86' lang='lat' dir='ltr'><strong>quosdam</strong></span> <span class='ocrx_word' id='word_1_202' title='bbox 880 2821 1021 2895; x_wconf 86' lang='lat' dir='ltr'><strong>orantes,</strong></span> <span class='ocrx_word' id='word_1_203' title='bbox 1043 2813 1215 2876; x_wconf 91' lang='lat' dir='ltr'><strong>nonnullos</strong></span> <span class='ocrx_word' id='word_1_204' title='bbox 1230 2829 1310 2874; x_wconf 88' lang='lat' dir='ltr'><strong>vero</strong></span> 
     </span>
     <span class='ocr_line' id='line_1_25' title="bbox 142 2911 1308 2998; baseline -0.003 -20"><span class='ocrx_word' id='word_1_205' title='bbox 142 2913 372 2978; x_wconf 86' lang='lat' dir='ltr'><strong>maledicentes</strong></span> <span class='ocrx_word' id='word_1_206' title='bbox 383 2911 445 2974; x_wconf 90' lang='lat' dir='ltr'><strong>sibi</strong></span> <span class='ocrx_word' id='word_1_207' title='bbox 456 2912 555 2994; x_wconf 91' lang='lat' dir='ltr'><strong>ipsis,</strong></span> <span class='ocrx_word' id='word_1_208' title='bbox 574 2914 659 2997; x_wconf 90' lang='lat' dir='ltr'><strong>viae,</strong></span> <span class='ocrx_word' id='word_1_209' title='bbox 680 2923 795 2998; x_wconf 89' lang='lat' dir='ltr'><strong>terrae,</strong></span> <span class='ocrx_word' id='word_1_210' title='bbox 817 2915 949 2978; x_wconf 89' lang='lat' dir='ltr'><strong>militiae</strong></span> <span class='ocrx_word' id='word_1_211' title='bbox 967 2933 1047 2980; x_wconf 89' lang='lat' dir='ltr'><strong>suae</strong></span> <span class='ocrx_word' id='word_1_212' title='bbox 1066 2924 1098 2977; x_wconf 92' lang='lat' dir='ltr'><strong>et</strong></span> <span class='ocrx_word' id='word_1_213' title='bbox 1110 2913 1308 2978; x_wconf 84' lang='lat' dir='ltr'><strong>Sarracenis.</strong></span> 
     </span>
     <span class='ocr_line' id='line_1_26' title="bbox 141 3014 1308 3098; baseline -0.001 -19"><span class='ocrx_word' id='word_1_214' title='bbox 141 3017 236 3080; x_wconf 84' lang='lat' dir='ltr'><strong>Alios</strong></span> <span class='ocrx_word' id='word_1_215' title='bbox 257 3035 337 3079; x_wconf 89' lang='lat' dir='ltr'><strong>vero</strong></span> <span class='ocrx_word' id='word_1_216' title='bbox 358 3014 469 3078; x_wconf 88' lang='lat' dir='ltr'><strong>audivi</strong></span> <span class='ocrx_word' id='word_1_217' title='bbox 488 3035 548 3097; x_wconf 93' lang='lat' dir='ltr'><strong>pro</strong></span> <span class='ocrx_word' id='word_1_218' title='bbox 567 3019 619 3078; x_wconf 88' lang='lat' dir='ltr'><strong>sui</strong></span> <span class='ocrx_word' id='word_1_219' title='bbox 641 3019 837 3082; x_wconf 81' lang='lat' dir='ltr'><strong>excitatione</strong></span> <span class='ocrx_word' id='word_1_220' title='bbox 853 3021 1066 3082; x_wconf 85' lang='lat' dir='ltr'><strong>&#39;mussitantes</strong></span> <span class='ocrx_word' id='word_1_221' title='bbox 1095 3020 1131 3080; x_wconf 90' lang='lat' dir='ltr'><strong>in</strong></span> <span class='ocrx_word' id='word_1_222' title='bbox 1158 3035 1196 3080; x_wconf 88' lang='lat' dir='ltr'><strong>se</strong></span> <span class='ocrx_word' id='word_1_223' title='bbox 1216 3017 1308 3098; x_wconf 85' lang='lat' dir='ltr'><strong>ipsis.</strong></span> 
     </span>
     <span class='ocr_line' id='line_1_27' title="bbox 141 3119 1310 3202; baseline -0.004 -16"><span class='ocrx_word' id='word_1_224' title='bbox 141 3121 209 3186; x_wconf 82' lang='lat' dir='ltr'><strong>Sed</strong></span> <span class='ocrx_word' id='word_1_225' title='bbox 230 3121 264 3182; x_wconf 90' lang='lat' dir='ltr'><strong>in</strong></span> <span class='ocrx_word' id='word_1_226' title='bbox 286 3120 337 3184; x_wconf 89' lang='lat' dir='ltr'><strong>bis</strong></span> <span class='ocrx_word' id='word_1_227' title='bbox 360 3119 507 3182; x_wconf 86' lang='lat' dir='ltr'><strong>omuibus</strong></span> <span class='ocrx_word' id='word_1_228' title='bbox 530 3123 795 3202; x_wconf 81' lang='lat' dir='ltr'><strong>comperegrinae</strong></span> <span class='ocrx_word' id='word_1_229' title='bbox 815 3131 849 3184; x_wconf 88' lang='lat' dir='ltr'><strong>et</strong></span> <span class='ocrx_word' id='word_1_230' title='bbox 874 3125 987 3186; x_wconf 89' lang='lat' dir='ltr'><strong>sociae</strong></span> <span class='ocrx_word' id='word_1_231' title='bbox 1014 3135 1146 3186; x_wconf 81' lang='lat' dir='ltr'><strong>nostrae</strong></span> <span class='ocrx_word' id='word_1_232' title='bbox 1165 3137 1310 3184; x_wconf 86' lang='lat' dir='ltr'><strong>annosae</strong></span> 
     </span>
     <span class='ocr_line' id='line_1_28' title="bbox 140 3223 1310 3311; baseline -0.003 -21"><span class='ocrx_word' id='word_1_233' title='bbox 140 3223 272 3290; x_wconf 75' lang='lat' dir='ltr'><strong>verdae</strong></span> <span class='ocrx_word' id='word_1_234' title='bbox 292 3223 526 3288; x_wconf 83' lang='lat' dir='ltr'><strong>antecedebant</strong></span> <span class='ocrx_word' id='word_1_235' title='bbox 548 3241 628 3310; x_wconf 82' lang='lat' dir='ltr'><strong>nos,</strong></span> <span class='ocrx_word' id='word_1_236' title='bbox 656 3228 892 3311; x_wconf 86' lang='lat' dir='ltr'><strong>praeripientes</strong></span> <span class='ocrx_word' id='word_1_237' title='bbox 913 3228 986 3292; x_wconf 82' lang='lat' dir='ltr'><strong>loca</strong></span> <span class='ocrx_word' id='word_1_238' title='bbox 1007 3227 1161 3310; x_wconf 89' lang='lat' dir='ltr'><strong>militum,</strong></span> <span class='ocrx_word' id='word_1_239' title='bbox 1182 3230 1218 3287; x_wconf 90' lang='lat' dir='ltr'><strong>et</strong></span> <span class='ocrx_word' id='word_1_240' title='bbox 1246 3241 1310 3286; x_wconf 91' lang='lat' dir='ltr'><strong>nec</strong></span> 
     </span>
     <span class='ocr_line' id='line_1_29' title="bbox 140 3325 1308 3415; baseline 0 -23"><span class='ocrx_word' id='word_1_241' title='bbox 140 3333 329 3414; x_wconf 78' lang='lat' dir='ltr'><strong>gemebant,</strong></span> <span class='ocrx_word' id='word_1_242' title='bbox 361 3347 424 3392; x_wconf 91' lang='lat' dir='ltr'><strong>uec</strong></span> <span class='ocrx_word' id='word_1_243' title='bbox 446 3329 519 3413; x_wconf 76' lang='lat' dir='ltr'><strong>(B)</strong></span> <span class='ocrx_word' id='word_1_244' title='bbox 541 3333 819 3414; x_wconf 85' lang='lat' dir='ltr'><strong>conquerebantur</strong></span> <span class='ocrx_word' id='word_1_245' title='bbox 850 3331 891 3394; x_wconf 91' lang='lat' dir='ltr'><strong>de</strong></span> <span class='ocrx_word' id='word_1_246' title='bbox 912 3333 1041 3415; x_wconf 85' lang='lat' dir='ltr'><strong>labore,</strong></span> <span class='ocrx_word' id='word_1_247' title='bbox 1069 3325 1129 3396; x_wconf 86' lang='lat' dir='ltr'><strong>sed</strong></span> <span class='ocrx_word' id='word_1_248' title='bbox 1158 3331 1308 3394; x_wconf 84' lang='lat' dir='ltr'><strong>fortiores</strong></span> 
     </span>
     <span class='ocr_line' id='line_1_30' title="bbox 141 3434 1307 3522; baseline -0.001 -24"><span class='ocrx_word' id='word_1_249' title='bbox 141 3435 224 3498; x_wconf 81' lang='lat' dir='ltr'><strong>viris</strong></span> <span class='ocrx_word' id='word_1_250' title='bbox 268 3442 301 3495; x_wconf 92' lang='lat' dir='ltr'><strong>et</strong></span> <span class='ocrx_word' id='word_1_251' title='bbox 347 3434 503 3498; x_wconf 85' lang='lat' dir='ltr'><strong>militibus</strong></span> <span class='ocrx_word' id='word_1_252' title='bbox 538 3435 728 3500; x_wconf 79' lang='lat' dir='ltr'><strong>audaciores</strong></span> <span class='ocrx_word' id='word_1_253' title='bbox 759 3440 883 3522; x_wconf 80' lang='lat' dir='ltr'><strong>pn&#39;mae</strong></span> <span class='ocrx_word' id='word_1_254' title='bbox 909 3439 943 3500; x_wconf 91' lang='lat' dir='ltr'><strong>in</strong></span> <span class='ocrx_word' id='word_1_255' title='bbox 973 3440 1045 3502; x_wconf 89' lang='lat' dir='ltr'><strong>acie</strong></span> <span class='ocrx_word' id='word_1_256' title='bbox 1082 3435 1307 3519; x_wconf 84' lang='lat' dir='ltr'><strong>procedebant.</strong></span> 
     </span>
     <span class='ocr_line' id='line_1_31' title="bbox 138 3535 1308 3621; baseline 0 -19"><span class='ocrx_word' id='word_1_257' title='bbox 138 3539 294 3621; x_wconf 76' lang='lat' dir='ltr'><strong>Magnam</strong></span> <span class='ocrx_word' id='word_1_258' title='bbox 316 3539 547 3602; x_wconf 84' lang='lat' dir='ltr'><strong>verecundiam</strong></span> <span class='ocrx_word' id='word_1_259' title='bbox 570 3535 735 3606; x_wconf 83' lang='lat' dir='ltr'><strong>iaciebant</strong></span> <span class='ocrx_word' id='word_1_260' title='bbox 754 3546 849 3606; x_wconf 89' lang='lat' dir='ltr'><strong>nobis</strong></span> <span class='ocrx_word' id='word_1_261' title='bbox 869 3544 953 3606; x_wconf 89' lang='lat' dir='ltr'><strong>istae</strong></span> <span class='ocrx_word' id='word_1_262' title='bbox 973 3543 1103 3606; x_wconf 88' lang='lat' dir='ltr'><strong>vetulae</strong></span> <span class='ocrx_word' id='word_1_263' title='bbox 1123 3539 1308 3605; x_wconf 84' lang='lat' dir='ltr'><strong>suaintati-</strong></span> 
     </span>
     <span class='ocr_line' id='line_1_32' title="bbox 138 3641 1306 3730; baseline 0.001 -24"><span class='ocrx_word' id='word_1_264' title='bbox 138 3641 315 3726; x_wconf 78' lang='lat' dir='ltr'><strong>gebllitate,</strong></span> <span class='ocrx_word' id='word_1_265' title='bbox 352 3641 439 3706; x_wconf 92' lang='lat' dir='ltr'><strong>unde</strong></span> <span class='ocrx_word' id='word_1_266' title='bbox 466 3643 593 3726; x_wconf 83' lang='lat' dir='ltr'><strong>quidam</strong></span> <span class='ocrx_word' id='word_1_267' title='bbox 625 3647 719 3709; x_wconf 86' lang='lat' dir='ltr'><strong>miles</strong></span> <span class='ocrx_word' id='word_1_268' title='bbox 741 3646 822 3710; x_wconf 83' lang='lat' dir='ltr'><strong>dixit</strong></span> <span class='ocrx_word' id='word_1_269' title='bbox 841 3649 935 3712; x_wconf 87' lang='lat' dir='ltr'><strong>mibi:</strong></span> <span class='ocrx_word' id='word_1_270' title='bbox 969 3665 1057 3730; x_wconf 88' lang='lat' dir='ltr'><strong>ecee,</strong></span> <span class='ocrx_word' id='word_1_271' title='bbox 1091 3647 1211 3728; x_wconf 86' lang='lat' dir='ltr'><strong>irater,</strong></span> <span class='ocrx_word' id='word_1_272' title='bbox 1242 3661 1306 3708; x_wconf 90' lang='lat' dir='ltr'><strong>uon</strong></span> 
     </span>
     <span class='ocr_line' id='line_1_33' title="bbox 140 3746 1307 3832; baseline 0.002 -22"><span class='ocrx_word' id='word_1_273' title='bbox 140 3747 239 3810; x_wconf 90' lang='lat' dir='ltr'><strong>credo</strong></span> <span class='ocrx_word' id='word_1_274' title='bbox 260 3748 321 3811; x_wconf 82' lang='lat' dir='ltr'><strong>baa</strong></span> <span class='ocrx_word' id='word_1_275' title='bbox 342 3746 570 3812; x_wconf 47' lang='lat' dir='ltr'><strong>vetulasierse</strong></span> <span class='ocrx_word' id='word_1_276' title='bbox 593 3748 758 3832; x_wconf 82' lang='lat' dir='ltr'><strong>foeminas,</strong></span> <span class='ocrx_word' id='word_1_277' title='bbox 780 3750 840 3814; x_wconf 90' lang='lat' dir='ltr'><strong>sed</strong></span> <span class='ocrx_word' id='word_1_278' title='bbox 863 3751 1133 3832; x_wconf 88' lang='lat' dir='ltr'><strong>daemonessuut,</strong></span> <span class='ocrx_word' id='word_1_279' title='bbox 1155 3749 1307 3813; x_wconf 81' lang='lat' dir='ltr'><strong>mulieres</strong></span> 
     </span>
     <span class='ocr_line' id='line_1_34' title="bbox 139 3851 1306 3938; baseline 0 -24"><span class='ocrx_word' id='word_1_280' title='bbox 139 3853 235 3934; x_wconf 89' lang='lat' dir='ltr'><strong>enim,</strong></span> <span class='ocrx_word' id='word_1_281' title='bbox 257 3851 447 3935; x_wconf 81' lang='lat' dir='ltr'><strong>praesertim</strong></span> <span class='ocrx_word' id='word_1_282' title='bbox 470 3867 625 3936; x_wconf 87' lang='lat' dir='ltr'><strong>annosae,</strong></span> <span class='ocrx_word' id='word_1_283' title='bbox 647 3862 723 3918; x_wconf 90' lang='lat' dir='ltr'><strong>sunt</strong></span> <span class='ocrx_word' id='word_1_284' title='bbox 744 3855 889 3938; x_wconf 75' lang='lat' dir='ltr'><strong>fragiles,</strong></span> <span class='ocrx_word' id='word_1_285' title='bbox 918 3863 1048 3920; x_wconf 85' lang='lat' dir='ltr'><strong>tenerae</strong></span> <span class='ocrx_word' id='word_1_286' title='bbox 1077 3863 1109 3916; x_wconf 90' lang='lat' dir='ltr'><strong>et</strong></span> <span class='ocrx_word' id='word_1_287' title='bbox 1140 3853 1306 3935; x_wconf 89' lang='lat' dir='ltr'><strong>delicatae,</strong></span> 
     </span>
    </p>
   </div>
   <div class='ocr_carea' id='block_1_2' title="bbox 138 3949 1455 4048">
    <p class='ocr_par' dir='ltr' id='par_1_2' title="bbox 138 3949 1455 4048">
     <span class='ocr_line' id='line_1_35' title="bbox 138 3949 1455 4048; baseline 0.002 -30"><span class='ocrx_word' id='word_1_288' title='bbox 138 3956 223 4022; x_wconf 84' lang='lat' dir='ltr'><strong>istae</strong></span> <span class='ocrx_word' id='word_1_289' title='bbox 242 3965 350 4020; x_wconf 81' lang='lat' dir='ltr'><strong>autern</strong></span> <span class='ocrx_word' id='word_1_290' title='bbox 371 3964 449 4019; x_wconf 84' lang='lat' dir='ltr'><strong>sunt</strong></span> <span class='ocrx_word' id='word_1_291' title='bbox 469 3958 607 4042; x_wconf 83' lang='lat' dir='ltr'><strong>ferreae,</strong></span> <span class='ocrx_word' id='word_1_292' title='bbox 631 3959 758 4022; x_wconf 79' lang='lat' dir='ltr'><strong>cunetis</strong></span> <span class='ocrx_word' id='word_1_293' title='bbox 775 3959 931 4048; x_wconf 64' lang='lat' dir='ltr'><strong>militibus</strong></span> <span class='ocrx_word' id='word_1_294' title='bbox 945 3961 1103 4024; x_wconf 84' lang='lat' dir='ltr'><strong>fortiores.</strong></span> <span class='ocrx_word' id='word_1_295' title='bbox 1147 3957 1306 4041; x_wconf 73' lang='lat' dir='ltr'><strong>Optabam</strong></span> <span class='ocrx_word' id='word_1_296' title='bbox 1428 3949 1455 3960; x_wconf 79' lang='grc'><strong>““</strong></span> 
     </span>
    </p>
   </div>
   <div class='ocr_carea' id='block_1_3' title="bbox 138 4057 1307 4353">
    <p class='ocr_par' dir='ltr' id='par_1_3' title="bbox 138 4057 1307 4353">
     <span class='ocr_line' id='line_1_36' title="bbox 138 4057 1305 4147; baseline 0.003 -27"><span class='ocrx_word' id='word_1_297' title='bbox 138 4057 346 4124; x_wconf 85' lang='lat' dir='ltr'><strong>Salomonem</strong></span> <span class='ocrx_word' id='word_1_298' title='bbox 369 4059 506 4124; x_wconf 79' lang='lat' dir='ltr'><strong>affuisse</strong></span> <span class='ocrx_word' id='word_1_299' title='bbox 524 4062 558 4124; x_wconf 91' lang='lat' dir='ltr'><strong>in</strong></span> <span class='ocrx_word' id='word_1_300' title='bbox 579 4072 690 4126; x_wconf 89' lang='lat' dir='ltr'><strong>nostro</strong></span> <span class='ocrx_word' id='word_1_301' title='bbox 703 4064 857 4147; x_wconf 83' lang='lat' dir='ltr'><strong>exercitu,</strong></span> <span class='ocrx_word' id='word_1_302' title='bbox 880 4073 912 4126; x_wconf 91' lang='lat' dir='ltr'><strong>et</strong></span> <span class='ocrx_word' id='word_1_303' title='bbox 926 4065 1107 4128; x_wconf 83' lang='lat' dir='ltr'><strong>invenisset</strong></span> <span class='ocrx_word' id='word_1_304' title='bbox 1123 4081 1187 4126; x_wconf 89' lang='lat' dir='ltr'><strong>nou</strong></span> <span class='ocrx_word' id='word_1_305' title='bbox 1198 4078 1305 4142; x_wconf 87' lang='lat' dir='ltr'><strong>unam,</strong></span> 
     </span>
     <span class='ocr_line' id='line_1_37' title="bbox 138 4162 1307 4252; baseline -0.001 -28"><span class='ocrx_word' id='word_1_306' title='bbox 138 4162 201 4225; x_wconf 89' lang='lat' dir='ltr'><strong>sed</strong></span> <span class='ocrx_word' id='word_1_307' title='bbox 222 4165 333 4246; x_wconf 87' lang='lat' dir='ltr'><strong>plnres</strong></span> <span class='ocrx_word' id='word_1_308' title='bbox 350 4165 508 4228; x_wconf 87' lang='lat' dir='ltr'><strong>mulieres</strong></span> <span class='ocrx_word' id='word_1_309' title='bbox 532 4166 642 4230; x_wconf 85' lang='lat' dir='ltr'><strong>fortes.</strong></span> <span class='ocrx_word' id='word_1_310' title='bbox 687 4165 756 4230; x_wconf 85' lang='lat' dir='ltr'><strong>Suo</strong></span> <span class='ocrx_word' id='word_1_311' title='bbox 773 4184 912 4251; x_wconf 88' lang='lat' dir='ltr'><strong>namque</strong></span> <span class='ocrx_word' id='word_1_312' title='bbox 932 4177 1077 4252; x_wconf 89' lang='lat' dir='ltr'><strong>tempore</strong></span> <span class='ocrx_word' id='word_1_313' title='bbox 1096 4167 1210 4230; x_wconf 85' lang='lat' dir='ltr'><strong>statuit</strong></span> <span class='ocrx_word' id='word_1_314' title='bbox 1230 4181 1307 4246; x_wconf 88' lang='lat' dir='ltr'><strong>pre-</strong></span> 
     </span>
     <span class='ocr_line' id='line_1_38' title="bbox 138 4267 1306 4353; baseline 0.001 -24"><span class='ocrx_word' id='word_1_315' title='bbox 138 4267 218 4330; x_wconf 89' lang='lat' dir='ltr'><strong>tium</strong></span> <span class='ocrx_word' id='word_1_316' title='bbox 237 4269 334 4332; x_wconf 90' lang='lat' dir='ltr'><strong>unius</strong></span> <span class='ocrx_word' id='word_1_317' title='bbox 355 4270 499 4335; x_wconf 83' lang='lat' dir='ltr'><strong>mulieris</strong></span> <span class='ocrx_word' id='word_1_318' title='bbox 523 4270 618 4337; x_wconf 81' lang='lat' dir='ltr'><strong>fortis</strong></span> <span class='ocrx_word' id='word_1_319' title='bbox 640 4269 681 4336; x_wconf 88' lang='lat' dir='ltr'><strong>de</strong></span> <span class='ocrx_word' id='word_1_320' title='bbox 701 4271 822 4338; x_wconf 86' lang='lat' dir='ltr'><strong>ultimis</strong></span> <span class='ocrx_word' id='word_1_321' title='bbox 842 4270 962 4336; x_wconf 83' lang='lat' dir='ltr'><strong>finibus</strong></span> <span class='ocrx_word' id='word_1_322' title='bbox 979 4271 1101 4353; x_wconf 89' lang='lat' dir='ltr'><strong>mnudi,</strong></span> <span class='ocrx_word' id='word_1_323' title='bbox 1123 4280 1158 4336; x_wconf 90' lang='lat' dir='ltr'><strong>ut</strong></span> <span class='ocrx_word' id='word_1_324' title='bbox 1171 4271 1306 4334; x_wconf 83' lang='lat' dir='ltr'><strong>babetur</strong></span> 
     </span>
    </p>
   </div>
   <div class='ocr_carea' id='block_1_4' title="bbox 0 0 1490 4862">
    <p class='ocr_par' dir='ltr' id='par_1_4' title="bbox 0 0 1490 4862">
     <span class='ocr_line' id='line_1_39' title="bbox 0 0 1490 4862; baseline 0 1"><span class='ocrx_word' id='word_1_325' title='bbox 0 0 1490 4862; x_wconf 95' lang='lat' dir='ltr'><strong> </strong></span> 
     </span>
    </p>
   </div>
  </div>
 </body>
</html>
