2962 5022
748 413 814 478 484

285 597 532 676 θουηιιωιοι
552 609 574 654 a
594 591 668 656 loco
690 593 857 676 praedicto
883 612 945 656 nos
970 594 1146 656 avertimus
1174 599 1210 652 ot
1238 591 1369 656 descur-
1449 655 1450 660 ,

200 685 306 766 «londo
327 701 361 762 iu
381 694 502 760 nullom
523 695 612 758 illam
634 697 732 760 latam
760 708 793 760 et
813 699 991 780 spatiosm
1013 697 1180 777 remmus,
1201 713 1260 776 per
1281 715 1370 778 quan

198 803 315 868 nudius
337 800 451 866 tertius
473 799 669 866 intravimus.
685 800 728 863 ud
750 799 1035 864 ammaricus,
1058 797 1266 880 catharinae,
1289 803 1369 862 sicut

197 908 334 972 hunnos
354 921 453 986 supra
477 903 533 966 tol.
554 903 606 984 uo,
632 908 672 972 s,
700 907 729 965 la.
758 905 820 968 Est
839 894 947 968 autom
969 903 1066 966 vallis
1086 921 1223 964 amoena
1243 913 1277 964 et
1297 923 1370 985 spa-
1449 969 1450 982 χ

197 1013 284 1074 tiosa
303 1028 362 1092 per
392 1005 521 1072 modom
553 1007 660 1070 crucis
685 1008 770 1072 iuter
806 1017 958 1071 mootsna
983 1025 1130 1088 expansa
1156 1015 1190 1068 ot
1224 1009 1369 1088 quamvis
1449 1049 1450 1058 2

198 1117 264 1178 siut
288 1121 415 1178 montes
434 1129 494 1194 per
514 1111 682 1174 circuitum
701 1109 779 1187 (54
789 1117 835 1188 ιι)
856 1111 924 1194 alti,
943 1121 1021 1174 suut
1041 1121 1150 1174 tamen
1171 1109 1276 1172 valles
1297 1109 1369 1172 clari

197 1229 232 1282 et
269 1215 368 1281 lucidi
397 1223 530 1298 propter
564 1213 748 1278 distendam
787 1217 943 1280 montium
972 1216 1014 1276 sla
1056 1215 1214 1295 invice-3
1242 1212 1366 1294 quaudo

198 1329 313 1386 uscut
338 1335 444 1403 cquae
467 1319 503 1380 in
523 1317 580 1380 illa
599 1317 743 1399 regione,
763 1329 852 1381 esset
875 1319 993 1384 nobilis
1013 1337 1072 1399 pro
1092 1318 1254 1381 hominum
1276 1318 1366 1378 iah..

196 1425 363 1505 bitatione,
382 1441 441 1505 pro
456 1422 583 1484 civibus
604 1429 637 1483 et
654 1421 752 1484 villis.
780 1423 818 1483 in
831 1421 884 1486 his
903 1421 1043 1485 vallibus
1056 1421 1274 1484 castrametati
1295 1429 1367 1482 suot

197 1527 258 1590 tilii
289 1526 410 1608 lamet,
441 1535 611 1608 postquam
643 1543 732 1589 mare
763 1527 893 1590 rubrum
931 1526 1144 1607 transierunt,
1165 1533 1201 1587 nt
1233 1525 1366 1586 habetur

194 1628 303 1692 Exodi
330 1627 421 1688 xxi.
463 1629 593 1692 Dicitur
618 1638 726 1692 autem
748 1631 838 1710 regio
868 1629 924 1692 illu
944 1629 1109 1715 desertum
1131 1629 1236 1711 Syuai
1266 1648 1287 1689 e
1316 1647 1366 1690 re-
1449 1647 1450 1654 ¹

193 1733 291 1815 gioue
312 1731 432 1794 montis
451 1729 574 1812 Syriai,
595 1731 628 1793 in
651 1749 716 1813 qua
737 1732 795 1796 lilii
815 1733 917 1794 lsrael
945 1751 1004 1814 pro
1025 1731 1137 1814 majori
1157 1743 1250 1814 parte
1276 1733 1366 1794 habi·

194 1843 346 1901 taveruut
366 1836 402 1894 in
423 1832 491 1895 illis
510 1834 573 1896 XL
594 1836 700 1915 aunis,
719 1838 802 1917 quos
834 1841 894 1918 per
914 1838 1087 1899 Dominum
1109 1835 1234 1898 detecti
1254 1837 1288 1898 iu
1308 1835 1366 1898 de-
1449 1869 1450 1872 π

193 1949 281 2004 serto
303 1939 441 2010 luerunt.
1164 1952 1168 1962 ·

277 2088 514 2153 Descendimns
547 2109 625 2172 ergo
656 2093 691 2154 in
712 2091 837 2175 locum,
858 2095 914 2156 ubi
934 2092 1038 2156 valles
1061 2079 1307 2154 ‚conveniuntur
1335 2097 1365 2149 et

192 2195 247 2257 ubi
269 2213 389 2278 magua
409 2195 544 2258 latitudo
578 2203 684 2257 estet
716 2197 878 2277 planities.
921 2198 968 2259 lbi
1002 2195 1143 2258 vidimus
1174 2195 1365 2278 eminentem

191 2307 341 2392 petrum,¹
356 2316 440 2382 quae
470 2307 540 2361 erat
570 2297 760 2362 admodum
784 2299 957 2362 cathedrae
986 2297 1222 2381 praedicantia,
1241 2298 1277 2358 in
1303 2315 1366 2378 qna

193 2400 307 2464 dicunt
330 2403 627 2492 Moyseu‘stetisse
655 2413 686 2464 et
709 2406 810 2466 verba
841 2405 969 2466 Domini
997 2403 1114 2486 populo
1140 2401 1368 2483 pronuntiasse

191 2511 226 2565 et
251 2504 356 2586 legem
379 2503 440 2566 sibi
475 2503 621 2567 traditam
644 2507 870 2589 promulgasse
891 2514 926 2569 et
957 2507 1114 2589 apoputo
1135 2505 1177 2567 ibi
1210 2521 1367 2586 responsa

191 2608 362 2688 accepisse
399 2617 431 2669 et
450 2606 528 2671 Deo*
552 2611 586 2671 iu
614 2619 751 2672 montem
775 2612 925 2673 retulisse
955 2611 1137 2698 et-Domiui
1166 2607 1368 2672 voluntatem
1449 2689 1450 2700 ἵ

192 2709 236 2771 ibi
259 2709 446 2793 frequenter
465 2714 677 2793 proposuisse
698 2714 815 2796 populo
836 2713 948 2776 lsrael.
1008 2791 1012 2797 .

273 2831 349 2895 Ilnit
372 2833 520 2914 profecto
546 2834 637 2898 locus
659 2839 701 2920 ad
719 2837 967 2920 praedicandum
981 2848 1077 2921 aptus
1099 2847 1130 2898 et
1151 2836 1288 2899 inferius
1306 2854 1367 2918 pro

187 2935 305 3021 populo
328 2935 426 2999 valde
446 2939 629 3022 spatiosus,
651 2940 738 3024 quod
758 2959 896 3004 necesse
917 2952 999 3028 erat,
1020 2941 1096 3024 qnia
1116 2939 1256 3023 populns
1278 2939 1367 3000 mul-

188 3050 242 3104 tus
265 3043 337 3126 fuit,
359 3042 484 3105 scilicet
505 3053 659 3107 sexcenta
681 3043 781 3107 millia
801 3043 944 3127 peditum
966 3045 1119 3126 virorum,
1142 3044 1267 3126 absquo
1286 3060 1368 3123 par-

186 3145 274 3209 vulis
297 3156 330 3210 et
346 3146 544 3216 mulieribus.
577 3147 692 3210 Sedet
712 3148 831 3230 vulgus
853 3150 1069 3232 promiscuum
1084 3141 1367 3209 et‘innnmerabile

187 3249 336 3312 ascendit
358 3269 429 3312 cnm
452 3251 510 3333 eis,
524 3270 604 3314 oves
626 3262 658 3315 et
680 3263 824 3314 armenta
837 3262 869 3314 et
890 3252 1063 3340 animantia
1077 3249 1198 3314 diversi
1217 3251 1368 3332 generis,
1449 3311 1450 3324 ,

185 3351 285 3414 multa
303 3353 409 3436 nimis,
431 3365 467 3418 ut
487 3357 622 3446 habetur
642 3354 756 3418 Exodi.
782 3357 831 3419 12.
1449 3341 1450 3360 d

270 3506 310 3564 iu
330 3505 497 3587 hocloco,
518 3509 592 3590 quia
614 3506 699 3570 lutus
719 3515 753 3568 et
773 3508 937 3588 spallosus
958 3514 1010 3568 est
1038 3515 1070 3566 et
1091 3504 1132 3567 ad
1154 3521 1227 3567 eum
1249 3521 1371 3566 omnes

183 3603 288 3667 valles
310 3625 368 3687 per
398 3626 515 3690 gyrum
545 3611 666 3673 habent
687 3618 910 3692 prospectum,
932 3610 990 3672 tilii
1019 3607 1122 3671 lsrael
1143 3610 1177 3668 iu
1208 3606 1369 3670 absentia

183 3707 467 3790 Moys1s‚qnaudo
489 3722 558 3776 erat
580 3709 652 3778 cum
668 3714 807 3776 Domino
824 3714 858 3774 in
879 3713 1002 3788 monta}
1017 3730 1112 3773 aureo
1135 3708 1249 3791 vitulo,
1271 3709 1368 3790 quod

185 3810 309 3872 iecerat
340 3812 389 3872 eis
410 3813 537 3898 Aaron,
559 3817 827 3880 sacrificaverunt*
855 3826 888 3877 et
917 3835 974 3898 per
995 3814 1067 3896 ejus
1089 3813 1258 3876 circuitum
1280 3807 1369 3876 nu'di

182 3913 434 3977 chorizuvernut
464 3925 497 3978 at
528 3926 625 3991 totam
658 3918 786 4001 plebem
818 3918 859 3982 de
887 3919 1052 3981 omnibus·
1068 3917 1292 3979 mansionibus
1330 3925 1368 3978 et

181 4020 328 4084 tentoriis
350 4023 631 4101 congregaverunt
660 4023 703 4085 ad
724 4023 961 4090 solemnitatem
983 4021 1077 4084 vituli
1099 4019 1367 4102 proclamantes:
1449 4081 1450 4084 ,

180 4121 214 4184 hi
246 4133 322 4186 snut
356 4123 401 4187 dii
429 4122 627 4216 tui,1srael‚
658 4127 713 4206 qni
741 4135 776 4188 te
807 4125 987 4188 eduxomut
1018 4124 1060 4188 de
1089 4132 1175 4199 tassu
1194 4121 1367 4202 Aegypti

179 4221 290 4304 Aliqui
310 4225 469 4310 otiamde
494 4227 659 4306 princibus
677 4239 710 4292 et
732 4229 915 4302 ardoribus
943 4229 977 4289 iu
998 4213 1103 4290 locum
1123 4223 1368 4304 asconderunt,

178 4324 234 4380 ubi
252 4327 389 4404 Moyses
411 4330 580 4390 cousuevit
595 4339 683 4392 staro
704 4330 986 4416 adraltoqueudum
1004 4330 1154 4413 populum
1176 4336 1209 4389 ot
1231 4329 1370 4409 populo
1448 4366 1450 4413 J

178 4417 314 4480 vitutum
336 4423 636 4490 demonstraveruut
658 4429 698 4492 ed
719 4428 761 4492 sd
782 4430 980 4497 adorandum
1000 4451 1073 4496 enm
1094 4431 1328 4495 exhibuerunt.
1448 4428 1450 4488 ἰ
