2896 4872
611 227 797 328 sm

187 412 366 495 avibusque
398 417 432 472 et
463 407 608 492 pisoibus
656 411 848 492 eunetisqua
878 409 1096 474 animantibus
1125 415 1161 471 et
1190 407 1361 492 reptilibus

186 523 295 580 terrae
315 515 541 578 convenientia
573 515 727 597 imposuit
746 515 877 577 nomina
898 515 931 575 iu
964 515 1136 598 bonagro.
1181 515 1221 574 ln
1244 515 1363 595 imagi-

186 619 277 682 naria
297 637 427 702 qnoque
448 619 575 682 visione
595 621 770 682 universae
790 618 969 682 immobiles
987 625 1176 698 creaturae,
1206 617 1363 680 videlieet

187 731 332 806 montes,
363 723 507 805 insulae,
542 725 657 806 maria,
690 725 824 786 arbores
861 733 895 786 et
925 741 1039 786 omnes
1067 725 1196 785 herbae
1215 723 1285 784 sibi
1305 721 1365 782 ad-

188 827 306 892 ductae
326 837 417 912 sunt,
439 836 473 890 et
493 828 604 891 itidem
627 828 715 891 feeit.
748 827 806 892 Sie
826 847 905 912 ergo
926 829 961 892 iu
982 829 1044 890 boo
1065 845 1145 921 agro
1166 845 1236 888 non
1259 825 1362 889 solum

188 933 369 1018 plasmatus
389 942 441 996 est
462 935 584 1016 primus
605 934 715 1016 homo,
737 932 797 996 sad
822 941 856 996 et
878 933 1000 1017 primns
1030 932 1143 995 dootor
1165 938 1202 993 et
1230 931 1362 1013 perfee

190 1040 338 1103 tissimum
370 1039 524 1120 magister
560 1038 604 1099 iti
639 1045 768 1110 oreatus
796 1038 930 1100 exstitit.
983 1037 1059 1101 Non
1098 1035 1235 1098 dubium
1269 1034 1362 1097 alieni

190 1143 286 1206 debet
307 1161 399 1226 essa,
431 1144 509 1225 quin
530 1159 610 1226 ager
630 1142 686 1204 ille
715 1141 860 1204 etloeus
898 1159 938 1204 ae
969 1150 1055 1205 terra
1074 1141 1119 1203 sit
1150 1139 1282 1220 optime
1301 1137 1361 1199 bu·

191 1267 307 1312 manae
327 1249 416 1311 vitae
443 1249 699 1328 proportionata,
734 1264 799 1310 oon
832 1248 916 1309 enim
937 1247 1029 1308 Dens
1060 1244 1228 1334 domiuum
1260 1252 1359 1305 terrae

171 1354 316 1416 'oreavb
338 1358 369 1414 et
391 1351 546 1414 assumsit
577 1351 641 1412 nisi
673 1350 714 1413 de
735 1353 856 1433 optima
876 1358 984 1413 terrae
1004 1359 1105 1432 parte.
1148 1345 1251 1411 Unde
1269 1345 1358 1406 Plato

190 1455 286 1539 dioit,
309 1451 449 1538 quadiu
470 1454 625 1537 Aegypto
647 1463 680 1518 et
700 1453 813 1537 Syria,
835 1455 929 1538 eujus
948 1455 1077 1518 Judaea
1095 1469 1175 1535 pars
1201 1459 1268 1534 est,
1291 1451 1358 1512 lou-

189 1577 316 1642 guevae
335 1561 424 1622 vitae
445 1561 655 1623 inveniantur
673 1559 820 1622 homines
841 1568 972 1643 propter
993 1559 1202 1642 aequalitatis
1222 1573 1357 1637 propor-

188 1664 319 1728 tionem.
361 1662 466 1725 Adam
489 1683 568 1727 voro
589 1665 639 1726 sio
661 1664 799 1726 omnium
822 1673 1037 1750 creaturarum
1061 1681 1139 1746 rege
1159 1668 1198 1724 et
1217 1663 1357 1742 impera-

190 1776 260 1831 toro
281 1767 455 1832 constituto
493 1786 568 1830 mox
588 1769 702 1831 eodem
722 1769 775 1832 dio
812 1788 884 1832 enm
917 1770 1074 1833 Dominus
1103 1767 1145 1830 de
1177 1765 1254 1829 looo
1282 1781 1356 1826 sure

190 1871 417 1934 seminationis
448 1881 480 1934 ot
502 1873 735 1936 informationis
766 1873 930 1936 transtulit
950 1875 984 1936 iu
998 1871 1192 1956 paradisum
1225 1870 1356 1932 delicia-

190 1997 259 2042 rum
292 1978 409 2060 ibique·
432 1973 494 2034 sibi
524 1973 644 2036 soniam
667 1977 772 2039 Evam
795 1997 837 2040 ex
858 1996 919 2040 sua
948 1984 1042 2039 eosta
1063 1976 1249 2038 fabricavit.
1293 1971 1355 2035 Sed

191 2089 327 2166 peceato
348 2080 583 2144 inobedientiae
605 2079 715 2144 eodem
731 2082 783 2144 die
798 2083 843 2146 ibi
863 2083 1036 2146 commisso
1063 2081 1158 2164 ejecti
1173 2090 1254 2143 sunt
1269 2079 1355 2141 ambo

193 2187 234 2251 de
254 2187 405 2269 paradiso
446 2194 479 2249 et
511 2185 627 2262 retrusi
663 2204 735 2249 eum
767 2187 916 2269 originali
948 2187 1044 2270 culpa
1077 2195 1110 2248 et
1146 2185 1293 2250 miseriis
1321 2200 1356 2244 aa

192 2294 306 2374 poenis
328 2310 399 2353 earn
426 2291 700 2385 consequentibus
730 2293 764 2351 in
786 2291 873 2353 hune
899 2310 1029 2376 agrurn,
1061 2301 1096 2354 nt
1116 2293 1172 2353 ubi
1195 2291 1356 2372 inceperat

191 2394 312 2458 habere
333 2396 433 2456 vitam
458 2395 643 2480 gloriosam,
660 2397 704 2458 ibi
724 2395 857 2458 duceret
877 2398 977 2460 vitam
998 2396 1229 2459 calamitosam.
1251 2393 1356 2456 Holus

193 2499 278 2561 euim
298 2499 464 2579 Angelus,
487 2502 539 2563 cui
561 2521 676 2564 nomen
699 2509 751 2562 est
771 2499 913 2584 Reseplr,
936 2502 968 2563 in
996 2500 1156 2581 serpentis
1176 2499 1286 2582 figam
1305 2517 1358 2560 se-

193 2603 284 2666 duxit
305 2604 408 2666 Evam
432 2603 554 2665 invidia
576 2606 703 2688 duetus,
725 2609 780 2688 qui
798 2613 831 2668 et
852 2606 1022 2669 Dominum
1037 2604 1151 2667 desum
1174 2605 1207 2666 in
1231 2603 1358 2667 deserto

195 2725 373 2790 aggressus
396 2709 550 2791 tentavit,
582 2719 615 2772 ut
636 2711 773 2773 habetur
794 2712 828 2773 in
858 2710 954 2792 Speo.
976 2709 1051 2771 Nat.
1072 2709 1110 2770 11.
1134 2709 1174 2770 11.
1208 2726 1237 2770 e.
1257 2709 1306 2772 l&
1328 2717 1357 2768 et

193 2833 252 2898 per
272 2815 376 2877 Evam
397 2813 503 2876 Adam
526 2814 653 2896 dejecit,
676 2813 774 2896 (Ua)
817 2813 874 2877 Sia
894 2832 973 2896 ergo
1006 2813 1193 2876 oeciderunt
1225 2812 1267 2875 de
1296 2813 1357 2874 alto

193 2921 365 3004 inimum,
398 2920 440 2982 de
472 2919 544 2981 luae
575 2917 616 2981 ad
638 2921 805 3001 tenebras,
842 2918 883 2981 de
911 2918 1053 2981 inuolatn
1081 2918 1114 2980 iu
1143 2917 1294 3000 exilium,
1323 2915 1359 2979 de

194 3024 288 3088 domo
311 3023 351 3087 ad
375 3024 521 3105 devium,
545 3023 715 3086 deaurare
741 3025 773 3086 in
796 3023 919 3106 odium,
951 3023 993 3085 de
1013 3024 1081 3085 risu
1101 3024 1135 3083 in
1157 3021 1302 3102 luorum,
1322 3019 1359 3083 de

194 3107 276 3212 paee
298 3131 331 3191 in
361 3128 520 3212 jurgium,
556 3127 597 3190 do
619 3127 751 3191 duloore
772 3126 813 3189 ad
834 3128 1048 3208 absinthium,
1077 3125 1121 3188 de
1141 3128 1357 3208 prosperitate

195 3232 235 3294 ad
258 3233 491 3314 poeuilitatem,
520 3231 561 3293 de
581 3232 739 3313 sospitate
770 3232 810 3293 ad
832 3232 1066 3313 infirmitatem,
1098 3231 1140 3292 de
1164 3229 1358 3293 abundantia

195 3334 236 3396 ad
259 3337 440 3416 penuriam,
473 3336 514 3398 de
542 3336 646 3418 gratia
667 3335 707 3397 od
729 3336 876 3418 eulpam,
907 3336 947 3398 de
976 3337 1047 3398 vita
1067 3335 1107 3397 ad
1140 3343 1296 3414 mortem,
1327 3341 1357 3394 et

197 3437 274 3499 faeti
295 3445 386 3499 sunt
415 3441 557 3523 undique
584 3441 730 3503 fortunae
765 3440 933 3504 ludibrium
961 3451 1093 3523 propter
1123 3438 1358 3502 inobedientiae

194 3542 300 3623 viam,
325 3542 409 3624 quod
430 3547 543 3628 utique
564 3554 615 3608 est
637 3545 728 3607 radix
749 3547 889 3608 omrrinm
916 3545 1070 3624 malorum
1092 3553 1125 3606 et
1146 3543 1281 3605 humani
1301 3561 1359 3626 ge·

196 3646 284 3709 neris
304 3648 453 3732 exitium,
475 3669 534 3732 par
554 3650 617 3712 hoo
638 3651 722 3711 onim
745 3651 838 3731 quasi
870 3651 1022 3712 reseratis
1044 3650 1192 3731 postibus
1212 3647 1358 3710 victricia

195 3752 276 3814 vitio
297 3752 403 3815 orbem
426 3755 588 3830 intravere
610 3763 775 3836 terrarum,
799 3752 885 3817 nudo
906 3763 1037 3836 egestas
1069 3763 1102 3814 et
1122 3750 1357 3817 sollicitudines

195 3857 325 3939 anxiae,
347 3857 507 3939 pallentes
529 3860 632 3921 morbi
658 3866 692 3922 et
722 3861 834 3942 gravis
865 3859 1008 3943 pondero
1029 3855 1212 3920 miseranda
1241 3873 1358 3918 senee-

195 3970 266 4043 tus,
298 3964 458 4041 servitus,
495 3962 641 4045 exilium,
681 3962 770 4029 labor
802 3964 990 4027 indeficiens
1024 3972 1057 4025 et
1088 3979 1175 4026 mors
1196 3961 1356 4023 hominum

197 4067 321 4130 ineerta
342 4071 376 4126 et
402 4068 436 4126 in
455 4066 587 4129 nihilum
609 4067 678 4130 fere
698 4067 851 4150 retiigens
872 4076 989 4130 onrrota
1009 4069 1071 4130 sub
1089 4066 1160 4130 sola
1179 4065 1355 4129 nascentia.

196 4167 280 4230 Nam
303 4166 427 4231 eoelum
459 4169 579 4232 immite
608 4187 693 4232 rrunc
719 4171 830 4253 algore
861 4189 949 4234 nnrra
975 4179 1084 4251 aestu,
1114 4184 1204 4236 uarro
1228 4187 1356 4234 corrus-

195 4273 340 4332 outiones
372 4273 522 4351 crebras,
558 4273 697 4334 tonitrua
739 4275 985 4366 formidulosa,
1010 4276 1114 4358 ignita
1148 4271 1285 4338 fulmina
1327 4281 1356 4335 ot
