2842 4882
780 284 845 352 tte

222 469 294 554 ejus
314 467 443 554 dabant,
466 469 590 534 tructus
612 477 718 533 tamen
740 471 837 532 flores
857 469 932 532 illos
953 467 1165 533 delectabiles
1184 471 1392 554 subsequen

220 583 272 650 tes
293 593 357 638 non
378 583 464 658 sunt,
486 575 549 638 nisi
571 577 685 658 spinae
703 575 929 657 accessimus,
951 575 1043 638 albae
1065 573 1199 658 quidem
1221 575 1392 662 usquead

221 679 382 763 eculeum,
404 697 500 764 quem
528 682 659 752 rubeum
682 680 815 759 habent,
838 681 926 744 acsi
948 687 1060 744 essem
1080 681 1251 762 sunguine
1285 685 1389 760 tincta,

221 793 254 848 et
276 795 326 850 est
347 786 429 850 adeo
450 795 581 868 acutus,
603 785 689 869 quod
711 785 881 848 levissimo
908 794 940 849 et
962 786 1151 848 tenuissimo
1169 792 1273 858 ,tactu
1308 785 1392 848 laedit

222 909 367 974 manum,
404 891 604 975 creduntque
632 889 775 954 nonnulli
803 890 951 980 aculeum
976 908 1104 952 veneno
1132 908 1177 951 ex
1198 907 1269 952 stra
1291 900 1389 953 natum

222 997 390 1078 iniectum,
411 1005 446 1060 nt
466 1015 507 1060 ea
527 996 569 1061 de
591 1013 692 1058 eausa
714 996 761 1057 ito
780 994 918 1058 feciliter
939 993 1054 1056 laedat.
1087 993 1255 1057 Nonnulli
1280 992 1387 1056 dicun·

221 1117 372 1166 eoronam
394 1103 523 1164 Domini
546 1101 629 1162 Jesu
654 1099 706 1163 'de
727 1099 855 1166 talibus,
873 1101 983 1182 spinis.
1010 1099 1158 1182 plexum,
1189 1117 1273 1161 eum
1305 1100 1385 1160 etiae

210 1207 309 1270 eirea
336 1206 520 1270 Jerusalem
543 1193 699 1269 crescant.
743 1203 795 1266 De
822 1205 873 1266 ltis
902 1203 1068 1266 arboribus
1100 1204 1252 1286 spinosis
1282 1204 1385 1266 multoe

221 1330 280 1396 per
301 1311 463 1376 desertum
484 1311 644 1391 vidimus,
675 1307 764 1372 volni
791 1311 901 1370 nmen
919 1307 965 1371 de
989 1307 1050 1370 hae
1075 1307 1260 1390 specialem
1292 1309 1384 1370 lacere

221 1411 415 1480 mentionem
448 1409 849 1500 propter'Sarraeenorum
890 1419 924 1476 et
952 1413 1093 1476 Arabum
1129 1411 1382 1495 superstitiones

221 1539 306 1603 quas
330 1529 484 1583 exercent
513 1519 607 1601 juxta
627 1535 710 1604 eam.
752 1517 871 1579 Nullus
903 1518 988 1580 enim
1018 1537 1076 1600 per
1096 1509 1167 1580 eam
1201 1519 1378 1600 pertransit,

221 1625 280 1707 qui
302 1643 367 1686 non
390 1624 431 1689 de
451 1641 511 1688 sua
532 1629 629 1687 veste
647 1624 772 1708 peciam
795 1612 959 1704 discerpat
979 1632 1011 1686 et
1032 1625 1155 1705 pectem
1178 1622 1222 1684 ad
1250 1624 1380 1686 arboren

221 1728 410 1812 suspendat,
429 1728 516 1793 nude
537 1727 618 1791 adeo
641 1725 765 1811 repleta
785 1737 836 1790 est
856 1723 958 1810 peciit
981 1726 1176 1802 dilaceratis,
1195 1727 1289 1809 quod
1303 1728 1380 1789 heere

221 1833 360 1916 alonge
381 1853 452 1900 eam
473 1835 590 1899 videns
626 1841 732 1916 putat,
766 1851 838 1900 eam
870 1833 989 1898 habere
1021 1833 1104 1896 lolia·
1124 1833 1210 1894 alba.
1259 1833 1312 1894 De
1332 1833 1377 1893 bot

221 1937 298 2001 vide
322 1939 405 2001 inira
437 1940 490 2003 iol.
517 1940 570 2004 33.
594 1945 657 2016 (a)
687 1947 722 2000 et
748 1938 805 2000 iol.
827 1939 880 2004 63·
900 1938 1016 2003 dioitur
1031 1954 1145 2000 causa
1177 1937 1274 2000 illius
1301 1939 1375 2000 ritus

220 2043 356 2107 Stabunt
378 2047 473 2108 etiam
499 2044 543 2108 ibi
565 2043 685 2105 miritae
705 2051 738 2104 et
760 2061 897 2125 magnae
915 2043 1048 2114 arbores
1069 2041 1133 2122 ssei,
1154 2043 1248 2105 siout
1271 2040 1373 2125 querd

222 2167 307 2230 quse
334 2148 516 2231 pendebant
557 2147 673 2230 plenae
701 2148 883 2231 inretibns,'
919 2147 1052 2210 alterins
1090 2154 1201 2208 tumen
1230 2145 1376 2232 specieit

221 2253 348 2315 ficubus
384 2254 625 2335 communibus,
667 2251 709 2313 de
746 2253 863 2335 quibus
898 2252 1088 2332 collegimus
1115 2259 1149 2313 et
1181 2253 1375 2316 comedimus

220 2353 382 2446 Dicuntur
398 2366 506 2421 tamen
527 2357 609 2419 dous
642 2357 717 2420 illae
738 2359 820 2420 dous
840 2357 1019 2420 Pharaonis
1035 2351 1075 2420 ¹et
1103 2335 1232 2439 septies
1254 2357 1293 2420 in
1313 2369 1374 2416 aon

158 2451 161 2458 ’
202 2459 403 2556 producunt
430 2453 562 2554 arbores
591 2461 667 2524 illae
699 2461 823 2527 fructus
842 2481 894 2535 ¹en
922 2465 978 2544 se,
1008 2480 1072 2524 non
1107 2460 1311 2545 mediocres,
1333 2453 1375 2520 sel

115 2569 117 2574 '
187 2569 192 2574 ’
221 2563 323 2626 bonos
343 2563 449 2629 valde.
503 2579 506 2584 '

191 2679 195 2688 ·
281 2665 387 2750 ’(19
399 2671 445 2751 a)
467 2669 530 2731 Die
549 2671 786 2754 advesperante
816 2670 964 2735 venimus
986 2672 1081 2754 juxta
1100 2671 1271 2754 quendam
1299 2670 1377 2736 villu·

220 2771 284 2864 lam
305 2771 449 2837 Lebhem
472 2774 589 2838 dictam
621 2785 654 2837 et
688 2777 732 2839 ibi
754 2775 911 2858 depositis
932 2777 1071 2839 sarcinis
1089 2785 1122 2852 et
1144 2775 1224 2839 lixis
1244 2776 1377 2840 tentoriis

221 2895 351 2940 mettere
372 2865 535 2962 oportuit(
559 2878 714 2967 Libenter
734 2882 819 2944 enim
839 2897 899 2944 nos
920 2876 1082 2962 pereg'rini
1104 2879 1237 2963 longius
1260 2895 1378 2965 proca·

218 2985 393 3067 sissemns,
422 2983 480 3046 sed
511 2983 662 3048 ductores
696 2969 813 3068 nostri
828 2984 990 3048 nolebant.
1033 2983 1122 3047 Dixit
1153 2994 1265 3048 autem
1304 2984 1378 3048 nolit

218 3086 373 3173 Calinus,
395 3083 498 3172 ssquoe
522 3076 622 3172 quieti
653 3107 817 3172 essemus,
854 3091 1058 3172 quiestetim
1087 3090 1243 3152 venirent
1271 3092 1378 3154 dise

217 3191 308 3275 loca,
337 3194 372 3256 in
407 3193 523 3276 quibus
551 3193 640 3258 luber
660 3203 693 3256 et
721 3189 852 3256 miseria
881 3194 975 3268 nobis
1001 3194 1179 3256 immineret
1193 3183 1245 3256 'et
1268 3194 1378 3258 batis

135 3297 153 3354 ’.
217 3294 298 3376 idee'
313 3299 376 3358 non
397 3288 598 3384 oportere'in
621 3299 780 3381 principie
802 3297 973 3380 festinare3
997 3297 1057 3359 sed
1077 3297 1235 3380 paulatim
1256 3299 1378 3361 ardes·

216 3397 355 3473 laborem
391 3402 534 3485 aggredi.
591 3403 690 3465 Porro
729 3407 872 3466 tentorio
923 3411 1034 3467 nostra
1070 3403 1136 3466 lixa
1167 3411 1267 3466 erant
1301 3403 1379 3485 jum

215 3505 375 3585 quendem
397 3515 547 3590 puteum,
570 3509 744 3570 cisternam
765 3517 926 3586 veterem,
945 3525 1095 3594 magnum
1116 3514 1148 3568 et
1169 3507 1286 3590 dum,
1312 3521 1378 3591 quet

214 3625 279 3670 non
300 3610 440 3672 habebat
457 3629 592 3694 equam,
620 3612 683 3698 nisi
709 3612 867 3676 modicam
895 3629 1055 3686 cressum„
1091 3611 1189 3674 Hanc
1214 3613 1379 3674 elsteram

215 3714 380 3776 nominant
409 3711 581 3778 Sarraceni
606 3725 738 3798 puteum
766 3717 802 3779 S.
835 3717 969 3780 Mariae.
1009 3716 1140 3779 *Dicunt
1167 3717 1279 3799 euim,
1308 3711 1380 3800 quel

212 3815 339 3900 Joseplr
359 3815 483 3882 duoeu's
497 3820 676 3903 Virginem
691 3839 763 3884 eum
785 3841 885 3904 puero
900 3822 983 3884 Jesu
1000 3823 1034 3885 iu
1045 3821 1238 3904 Aegyptum
1259 3821 1381 3886 delent

213 3934 319 4006 aqut—ae
339 3933 473 3988 condus
496 3928 592 3989 avie
610 3927 701 4008 regie
715 3927 779 3988 huc
793 3925 968 3990 declinavit
989 3935 1021 3989 et
1043 3927 1096 3991 l1ie
1110 3943 1230 4009 aquam
1253 3929 1382 4011 accepit,

215 4027 349 4105 Christo
370 4028 447 4113 tilio,
470 4031 564 4094 matri
581 4041 614 4093 et
634 4049 693 4114 pro
712 4023 767 4092 se'
802 4030 875 4093 Nos
900 4051 990 4114 vero,
1011 4033 1087 4114 quie
1105 4047 1223 4115 aquam
1248 4051 1319 4096 neu
1341 4051 1384 4096 re·

213 4137 356 4214 perimus
378 4134 414 4212 iu
434 4153 484 4218 eo,
507 4136 654 4198 misimus
673 4135 833 4198 miriades
851 4146 980 4199 nostros
994 4155 1066 4199 eum
1083 4136 1186 4199 asnis
1206 4145 1246 4201 et
1265 4142 1385 4204 utribus

211 4236 253 4299 ad
272 4237 372 4300 adum
391 4237 488 4321 longe
508 4237 680 4303 distantem
703 4247 834 4320 puteum
859 4248 894 4302 et
915 4257 1031 4323 equum
1056 4239 1131 4304 iude
1150 4223 1253 4305 nobis
1271 4247 1386 4318 attule-

212 4348 295 4401 ruut.
323 4339 457 4405 -Stabat
488 4345 583 4439 etiem
625 4363 726 4426 prope
760 4361 821 4407 nos
857 4347 1028 4428 muschea,
1062 4362 1146 4432 quae
1179 4355 1257 4410 erat
1294 4352 1385 4414 utne
