2962 5022
192 605 306 660 aanor
327 605 385 672 per
405 567 959 670 &mmuh-‚quassa
980 583 1352 666 amomacum

194 711 338 779 magnae.
383 689 607 754 Parinoaton
635 683 711 766 (³0
721 687 769 769 ι)
789 687 898 752 otian-
917 687 1005 752 illiuo
1031 687 1178 771 capellae
1199 689 1260 751 leit
1281 709 1350 772 pro-

194 801 287 864 tiosio
310 795 450 880 trpeatto
476 801 611 857 stretona
633 800 664 854 ot
686 791 830 875 punctos
857 791 1048 855 taboletnriu
1067 793 1220 875 pretiosis
1240 803 1275 854 et
1295 813 1352 876 po-

194 901 261 966 lltio
291 899 424 966 citlucti
458 907 490 962 et
524 897 634 961 multia
666 891 869 979 lampadibus
899 903 968 958 crat
996 895 1156 959 illustrata
1186 906 1218 958 et
1250 901 1352 960 enne

193 1003 559 1083 mareoticorum,
592 999 765 1064 deuotast
791 999 926 1082 pnicirra
945 1000 978 1062 io
1001 999 1064 1062 hae
1092 998 1227 1081 capella.
1270 1001 1351 1064 Nan

193 1108 237 1172 tlt
269 1119 322 1172 cot
349 1107 456 1186 iocos,
488 1105 542 1168 ubl
572 1103 661 1166 stetit
693 1104 748 1166 illo
774 1102 929 1166 mirabilis
960 1105 1060 1165 rohos
1086 1104 1229 1186 Moysis,
1261 1122 1352 1186 quera

191 1211 273 1276 uitlit
295 1211 409 1275 arcera
441 1209 642 1273 atilanum
665 1223 707 1270 ex
734 1225 774 1270 eo
794 1209 827 1270 in
848 1207 946 1269 altero
976 1223 1173 1290 consurgere
1194 1217 1228 1269 et
1248 1217 1352 1270 tanen

193 1317 283 1380 nullo
315 1314 503 1378 laetlebator
533 1309 698 1392 inccndio,
730 1320 765 1375 ut
799 1311 935 1374 minor
960 1309 1063 1374 Exue
1091 1311 1122 1375 a
1175 1311 1352 1375 Mirabilior

193 1429 300 1484 tamon
323 1419 383 1482 tou
409 1416 504 1500 hujus
526 1417 664 1480 visionis
692 1413 894 1496 adimpletio,
934 1413 1064 1497 quando
1093 1415 1218 1495 Mona,
1253 1417 1350 1478 rubus

192 1523 304 1607 otique
325 1523 444 1602 vintru,
466 1521 585 1584 llonuo
605 1529 635 1582 et
659 1515 818 1598 redolens,
839 1515 900 1580 leit
920 1517 1116 1582 inflammata
1139 1527 1175 1582 et
1193 1521 1354 1602 impraeg-

192 1635 269 1690 nata
289 1625 400 1688 otvtoo
422 1625 513 1707 igne,
542 1621 636 1703 cnjus
658 1631 765 1684 tanen
787 1621 958 1704 virginitas
978 1620 1100 1686 nulium
1132 1640 1232 1706 passa
1254 1623 1355 1686 detri-

192 1736 344 1794 nantum.
404 1725 456 1790 lle
486 1727 548 1790 irae
584 1732 701 1788 sancta
748 1723 889 1789 ccclesia
925 1728 1030 1788 canit:
1067 1725 1214 1809 liubona,
1260 1745 1354 1810 qoem

96 1817 103 1826 ’
192 1829 316 1894 uiderat
339 1829 475 1913 Moyses
497 1827 729 1893 incombustum
752 1837 815 1891 etc.
852 1829 948 1892 lianc
968 1829 1173 1912 antiphonam
1194 1831 1291 1894 mian
1313 1833 1355 1896 inl

138 1926 141 1937 '
191 1937 395 2000 cantavimus
416 1943 449 1998 ut
471 1931 513 1997 etl
534 1931 638 1997 locoru
658 1931 727 1996 rubi
749 1931 893 1996 inclinati
914 1931 1065 1996 devotius
1085 1935 1188 2016 ipson
1212 1933 1354 1998 deumn-

193 2037 251 2103 lati
283 2053 396 2104 somno
425 2047 455 2102 ct
488 2035 705 2119 indulgentiae
745 2037 911 2119 plenariae
942 2037 1140 2100 remissionis
1172 2040 1357 2120 accepi-ns

193 2143 286 2226 (isis).
310 2142 378 2207 Sub
401 2141 494 2206 altari
515 2141 609 2204 etiarn
633 2149 682 2202 est
695 2139 796 2223 locos,
814 2141 868 2212 nbi
881 2142 1014 2203 stetisse
1026 2140 1166 2204 creditor
1187 2141 1298 2223 rubus,
1323 2153 1357 2206 et

193 2249 226 2310 in
249 2249 433 2331 puvlrncnto
455 2254 506 2312 cot
535 2245 654 2308 lamina
674 2241 716 2306 tle
745 2243 1000 2326 aurichalcum
1030 2263 1095 2328 poa
1114 2243 1276 2338 insculpta
1305 2251 1358 2308 est

194 2351 298 2434 ligura
319 2351 388 2413 rubi
410 2351 603 2414 flammuuta
624 2357 655 2412 et
673 2347 800 2430 noyrta
818 2347 964 2410 octlcmls
994 2365 1098 2434 seque
1117 2348 1356 2412 incalceantis.

196 2455 303 2537 Super
324 2453 428 2516 locorn
449 2453 568 2516 inultae
589 2450 756 2534 lampades
778 2449 937 2534 pendant,
959 2455 1036 2535 quia
1054 2455 1087 2514 in
1109 2469 1227 2534 magna
1253 2471 1359 2514 venc-

193 2559 319 2620 ratloue
341 2556 432 2620 locos
463 2557 518 2620 illa
539 2555 579 2620 ab
608 2557 755 2620 omnibns
786 2554 930 2619 habetor.
973 2553 1145 2619 Sarraceni
1168 2565 1203 2618 et
1226 2557 1359 2620 Arabos

195 2667 227 2721 ot
260 2659 356 2722 'larci
386 2659 427 2721 od
455 2660 541 2722 hunc
569 2660 672 2723 locum
706 2667 819 2741 petunt
847 2675 965 2741 magna
996 2659 1149 2722 instantia
1176 2659 1303 2722 admitti
1325 2666 1359 2722 el

194 2761 326 2825 admissi
355 2761 482 2824 uonnlul
517 2763 611 2826 nodis
637 2763 773 2847 pedibus
794 2761 1026 2846 ingrediuntor.
1068 2762 1186 2826 Jotlaei
1207 2763 1361 2828 libentis·
1459 2755 1460 2838 i

193 2865 276 2930 eima
294 2861 556 2970 iugreticrctttop,
577 2867 636 2930 uati
659 2887 721 2931 lton
744 2867 1005 2930 intromittuntur.
1048 2865 1231 2949 Singularis
1253 2867 1361 2931 devo-

194 2969 292 3034 tionis
313 2978 367 3032 cst
387 2967 442 3032 iila
464 2967 556 3034 iocos
587 2973 733 3034 omnibns
754 2969 951 3034 Christianis
973 2971 1180 3034 orientalibus
1201 2981 1234 3033 et
1267 2974 1362 3034 ccci-

197 3071 395 3155 ticntalibus,
428 3091 532 3158 aquo
554 3082 659 3137 tamon
682 3073 855 3138 orientales
888 3091 948 3138 nos
983 3073 1200 3138 occidentales
1221 3093 1363 3138 excern-

197 3176 440 3243 rnunicavcruut
477 3177 580 3261 quoad
613 3177 756 3241 divinum
779 3177 919 3242 cilicium
955 3177 1149 3258 utiliusne,
1183 3180 1362 3240 nonenim

195 3280 369 3345 admittunt
404 3299 463 3343 nou
492 3279 532 3343 etl
564 3280 788 3345 celebrandurn
821 3282 957 3370 Missas
974 3283 1007 3342 in
1036 3280 1121 3344 (licto
1148 3281 1220 3344 ioco
1252 3299 1362 3360 sacro,

195 3385 269 3447 tlnrn
291 3385 393 3448 altare
414 3383 558 3467 capellae
579 3383 664 3448 illins
690 3385 731 3448 sit
755 3385 970 3468 Graecorum,
993 3385 1048 3467 qni
1072 3383 1242 3460 nosnullo
1263 3384 1364 3448 modo

193 3488 226 3550 itt
248 3489 314 3551 uris
335 3507 443 3551 corum
466 3487 630 3551 celebrare
663 3491 858 3571 permittunt.
880 3487 951 3550 ·lle
972 3488 1034 3551 hoc
1056 3487 1134 3551 rubo
1156 3489 1235 3552 iacit
1264 3507 1364 3552 ntun-
1459 3511 1460 3538 t

194 3589 310 3652 tionum
360 3590 517 3654 Dominus
562 3593 666 3655 Marci
703 3593 773 3654 xll.
848 3591 1007 3675 Apparuit
1049 3596 1173 3654 autent·
1197 3591 1363 3655 Dominus
1459 3599 1460 3672 J

193 3693 304 3772 Moysi
334 3693 366 3755 itt
390 3695 483 3774 rubo,
516 3711 558 3756 ne
589 3695 707 3759 Jndaci
738 3693 814 3758 iude
841 3695 903 3758 albi
935 3694 1053 3758 idolum
1079 3695 1289 3778 sculperent,
1327 3703 1364 3757 nt

62 3826 66 3834 ·
195 3793 270 3857 dicit
292 3793 576 3877 glossularum.
620 3799 678 3861 Est
701 3807 805 3867 autern
829 3798 929 3862 rubos
957 3799 1166 3862 condensitas
1192 3800 1365 3881 spinarum

137 3915 145 3928 ·
193 3895 248 3961 vol
270 3895 369 3961 arbor
384 3899 516 3982 spinosa
537 3917 609 3963 cnm
631 3903 738 3967 rubeis
763 3903 936 3985 fructibus,
956 3911 1074 3966 vocata
1095 3900 1260 3984 Hagdorn.

270 3997 426 4086 ltxpouttt
457 4003 491 4066 iu
525 4003 651 4092 capella
682 4005 750 4068 rnbi
781 4005 814 4068 iu
846 4005 1002 4089 capellam
1045 4006 1138 4069 aliam
1172 4004 1208 4068 S.
1241 4005 1365 4069 Jacobi

92 4099 97 4110 '
194 4106 404 4169 translaturus
424 4116 456 4168 ct
477 4107 511 4168 in
532 4125 572 4169 ca
593 4107 790 4171 orationibus
812 4108 907 4172 «lictis
929 4107 1147 4192 indulgentias
1174 4113 1366 4192 recepimus

193 4207 265 4288 (†).
307 4207 358 4269 Dc
379 4207 441 4270 illa¹
456 4209 581 4290 capelle
602 4211 634 4273 in
656 4211 811 4292 capellam
838 4211 873 4274 S.
891 4209 1056 4294 'Anthlpiti
1075 4213 1215 4295 ingressi
1245 4229 1367 4278 suanos

194 4310 281 4367 stibi
297 4307 573 4373 adoratoilomino
594 4313 810 4395 indulgentias
828 4317 1012 4399 recepimus
1022 4315 1090 4396 (†)·
1114 4315 1193 4380 Post
1205 4315 1294 4382 iliam
1307 4318 1365 4380 in-

165 4493 170 4498 ·
191 4406 298 4477 gressi
319 4407 430 4468 suruns‘
451 4411 661 4496 capellatus.
683 4416 829 4496 Hyrinaa
850 4419 1002 4501 virginis,
1035 4422 1068 4482 in
1090 4438 1154 4502 qua
1181 4421 1278 4484 ctiam
1302 4436 1366 4504 pro
