2842 4882
598 218 709 326 sib,
780 323 784 330 ²

23 401 206 482 exultem,
227 405 263 464 et
293 400 409 467 tennis
429 399 529 464 mena
558 407 594 464 st
619 408 728 484 terrae
746 401 854 485 pulvis
885 403 1034 478 elevatas
1059 403 1096 468 ln
1116 401 1219 468 alten

21 514 182 592 apparet
202 523 279 570 esse
300 505 408 570 lamus
426 505 467 568 ab
488 505 576 588 igne.
858 567 861 572 .

122 612 245 694 Porro,
257 610 309 678 alie
329 611 625 692 advesperascente
638 608 786 691 ingressi
804 625 918 674 sumus
939 613 1113 696 regionem,
1124 610 1218 696 enjus

22 725 194 798 montes,
216 716 317 780 eolles
348 726 380 780 et
412 713 561 781 humilior
587 721 675 784 ‚tarra
704 720 738 774 et
757 714 875 796 mana,
895 733 980 798 qnae
1000 719 1218 804 ‚apparebang
1311 701 1315 708 ’

23 831 132 886 erant
157 820 242 884 alba.
284 822 413 884 Interea
432 821 464 884 in
488 838 586 882 unum
607 823 780 881 torrentem
810 819 976 902 venimus,
998 837 1091 902 qnam
1111 825 1218 887 nomi-

22 930 163 990 nabant
189 923 323 1010 Gayan,
350 927 384 992 ln
409 945 472 1011 quo
495 924 632 1010 tentoria
651 921 781 984 fiximus
801 922 1022 1011 insalbiasimo
1044 925 1123 988 solu.
1167 929 1217 992 Ibi

23 1051 110 1098 eum
137 1030 254 1094 multis
275 1031 438 1094 laboribus
467 1039 499 1093 et
520 1017 721 1092 discursibus
749 1027 807 1090 vix
833 1028 993 1110 potuimus
1019 1047 1218 1114 congregare

22 1138 211 1202 materiam
234 1155 292 1218 pru
314 1137 401 1219 igne,
416 1154 481 1200 non
506 1133 569 1197 duo
592 1133 690 1220 ligna,
703 1131 779 1212 qula
799 1131 889 1194 nulla
902 1133 949 1226 ibi
964 1134 1094 1215 penites
1115 1145 1216 1218 erant,

22 1241 94 1307 sed
120 1240 218 1304 arida
238 1241 414 1323 arbustula,
428 1255 511 1323 qnae
533 1234 678 1320 tempore
699 1236 826 1300 remissi
847 1237 985 1302 ferveris
1002 1238 1134 1304 humore
1148 1241 1217 1306 ¹ha·

22 1350 101 1412 bito
127 1346 176 1418 de
200 1354 286 1408 terra
306 1347 425 1409 saliunt
456 1353 489 1408 et
510 1343 551 1406 ad
573 1343 653 1408 solis
674 1349 794 1431 tautum
819 1351 982 1425 areseunt,
1000 1353 1036 1408 et
1056 1354 1132 1408 sunt
1153 1364 1216 1428 pa-

23 1455 100 1518 tius
125 1447 251 1514 herbae
272 1469 365 1534 quam
388 1451 529 1514 arbusta.
568 1447 654 1511 Sunt
673 1453 779 1510 autem
802 1449 906 1510 emnia
926 1449 974 1512 ita
994 1458 1123 1532 reperta
1143 1453 1216 1535 spi·

10 1577 120 1622 ‘nosa
141 1565 177 1619 et
199 1555 306 1620 odoris
328 1557 493 1620 aromatici
519 1541 552 1616 et
574 1555 697 1619 furnum
725 1569 860 1614 suevam
883 1551 1015 1638 laniunt.
1057 1552 1215 1620 coximus

10 1681 115 1747 'ergo
141 1671 175 1724 et
199 1681 331 1725 coenam
355 1662 502 1742 fecimus,
514 1659 574 1722 sed
596 1667 629 1720 et
647 1658 751 1722 nestri
765 1656 929 1720 uamelarii
948 1667 982 1720 et
997 1659 1129 1722 asinarii
1143 1659 1214 1742 uol-¹

23 1771 191 1853 legerunt
215 1767 377 1832 cumulum
398 1773 631 1830 samneutornm
663 1761 704 1824 ad
726 1761 927 1844 coquentium
947 1763 1011 1826 sibi
1031 1751 1226 1840 snbeinu'rissfi·¹

10 1865 112 1938 *eoos
132 1888 250 1954 panes,
262 1889 344 1952 quos
356 1872 406 1934 sie
421 1869 552 1932 laniunt.
574 1865 873 1948 lnoenrlunt'ignem
888 1867 1053 1948 eopiusuar
1066 1877 1102 1931 et
1116 1861 1223 1956 justa

23 1981 149 2059 ignem
173 1975 360 2061 expandunt
381 1974 497 2056 pellem
520 1976 554 2034 iu
588 1981 705 2034 terram
732 1979 765 2034 et
785 1987 885 2054 super
903 1971 1020 2054 pellem
1042 1971 1211 2038 effundunt

10 2077 188 2159 lferinam,
210 2095 305 2159 quam
318 2095 438 2141 seeum
461 2077 591 2159 dnotnn,
614 2077 648 2154 in
668 2093 764 2159 qnam
787 2093 902 2159 aquam
925 2074 1064 2143 tundunt
1095 2087 1129 2141 et
1148 2097 1211 2161 pa-

10 2167 119 2247 istam
146 2183 276 2246 faciunt.
307 2183 405 2246 Pesla
425 2191 538 2266 parata
568 2191 600 2244 et
620 2182 656 2254 in
671 2199 785 2262 panem
808 2181 907 2246 latum
931 2191 963 2245 et
979 2173 1114 2246 ‘tenuem
1138 2183 1209 2248 ior-

10 2289 120 2352 lmata
144 2296 179 2348 et
201 2289 372 2352 sarmentis
403 2291 478 2372 igne
499 2287 697 2370 consumtis,
716 2287 873 2349 earbones
894 2297 1062 2351 removent
1082 2306 1102 2351 a
1124 2287 1208 2372 leue,

10 2395 83 2459 lubi
108 2392 200 2475 ignis
226 2401 359 2476 arserat,
381 2387 413 2456 et
442 2403 565 2477 pssum
596 2391 636 2455 ad
658 2391 763 2455 louurn
797 2389 935 2456 ualidum
966 2393 1056 2456 illum
1086 2394 1208 2477 ponuat

10 2505 177 2583 'eamque
195 2499 360 2562 eineribus
381 2494 414 2562 e't
435 2500 630 2566 carbonibus
655 2499 852 2581 cooperiunt,
879 2500 977 2562 etita
1005 2501 1154 2583 nequitur
1174 2507 1208 2564 et

10 2605 62 2668 litt
84 2603 186 2686 panis
201 2606 444 2668 suboluerioeus
461 2603 710 2686 valtlesapidus'.
742 2605 822 2692 Mox
843 2614 949 2668 autem
964 2613 1100 2689 aueepto
1122 2622 1223 2688 pane-

10 2708 139 2772 lealitlo
162 2708 196 2768 in
218 2706 324 2770 frusta
345 2715 377 2770 et
397 2709 566 2788 morsellus
591 2708 799 2790 eonfringunt
819 2711 853 2773 in
878 2727 976 2774 nuum
998 2711 1206 2793 caputerium

10 2821 60 2874 let
94 2811 204 2872 oleum
236 2810 343 2874 olivae
371 2812 662 2894 supariulundunt,
696 2811 935 2893 impinguantes
966 2815 1146 2897 morsellus,
1173 2823 1208 2878 et

10 2916 74 2979 lita
97 2911 304 2995 mandueaut,
325 2914 411 2980 sieut
432 2933 493 2978 nes
514 2914 597 2978 ollas
617 2914 766 2996 solemus,
780 2909 984 2981 mandueare
1013 2903 1206 3002 Et'quands

23 3017 131 3081 istum
169 3016 277 3079 eibum
307 3016 490 3100 aamedunt,
526 3018 670 3101 gaudent
700 3024 734 3079 et
769 3021 943 3083 aestimant
971 3037 1011 3084 se
1040 3021 1210 3106 regalibus

25 3120 159 3184 ‹lelieiis
191 3120 262 3182 frui.
306 3120 455 3200 Quando.
474 3141 553 3186 vero
584 3125 692 3214 ignem
714 3120 834 3185 habere
865 3141 930 3186 non
961 3133 1111 3208 possunt,
1142 3127 1205 3190 soli
1235 3155 1238 3162 ¹

23 3243 125 3288 suum
141 3225 246 3291 elbum
267 3226 469 3310 sequendum
492 3236 667 3310 exponunt,
684 3228 718 3288 in
740 3226 856 3292 mediis
877 3232 962 3295 euim
982 3232 1128 3294 aestibus
1141 3230 1205 3295 diei

24 3330 125 3394 ardor
147 3330 270 3394 lontani
290 3330 469 3414 Babylonis
490 3339 710 3416 eomparatur,
732 3321 822 3397 tanta
852 3335 935 3398 enim
964 3336 1018 3398 vis
1031 3335 1118 3398 solis
1140 3345 1202 3423 ast,

22 3445 59 3500 nt
84 3434 282 3519 quibuslibet
301 3437 415 3519 eequis
436 3437 477 3501 ad
498 3439 663 3521 pulmenta
683 3437 836 3520 suffieiat,
859 3439 944 3504 ants
957 3438 995 3502 S.
1015 3440 1202 3506 Postumius
1229 3410 1236 3439 ι

22 3541 108 3605 vidit
130 3543 164 3605 in
187 3541 316 3606 deserto
337 3541 433 3605 ullam
466 3561 538 3606 enm
561 3543 708 3606 oleribus·
730 3545 802 3606 sine
824 3547 900 3634 igne
922 3545 1064 3631 fervere,
1082 3556 1118 3610 ut
1138 3547 1202 3610 ha·

21 3646 122 3710 betur
153 3649 188 3710 in
212 3646 355 3732 spemn
376 3647 499 3712 llister.
519 3649 560 3714 la
584 3651 635 3714 tn.
658 3647 697 3712 C.
721 3650 770 3727 14,
809 3649 935 3714 cemes
957 3659 1064 3732 antem
1086 3661 1202 3716 assant

22 3748 109 3812 turer
129 3752 253 3835 nutas
274 3753 631 3836 sustentaremur
648 3735 831 3837 nonomen
847 3741 1033 3838 supremi.
1056 3757 1111 3821 as.
1133 3755 1200 3838 (u)
1237 3743 1240 3752 '

21 3853 128 3935 Igitur
146 3857 181 3918 in
201 3857 257 3921 illu
278 3875 352 3933 sero
373 3860 552 3942 iauepimus
574 3858 664 3921 uibus
685 3858 726 3921 de
741 3867 852 3922 nostra
864 3857 937 3942 (81
949 3862 996 3943 a)
1009 3861 1199 3943 provisione

22 3957 183 4042 sempera,
196 3960 271 4042 quia
293 3965 401 4026 onnia
421 3947 576 4045 recentia,
593 3979 677 4047 qnae
696 3961 738 4026 rle
760 3960 891 4028 Gazara
911 3962 1100 4047 tuleramus,
1117 3979 1199 4025 oon-
1249 3970 1253 3976 '

21 4068 132 4124 sumta
153 4073 254 4128 mant.
299 4065 382 4132 Cura
411 4077 519 4132 autem
541 4067 615 4150 jara
641 4067 691 4130 sol
717 4084 870 4132 oouasum
901 4069 1068 4151 petiisset,
1097 4057 1208 4149 jussit

23 4161 161 4232 Calinns
183 4169 279 4250 ignes
300 4190 343 4236 ex
360 4171 427 4236 toto
448 4173 668 4255 exstinguere,
682 4189 725 4234 ne
747 4172 875 4254 quidem
897 4172 1010 4237 favilla
1030 4180 1086 4236 aut
1106 4171 1197 4236 sein-

22 4268 94 4331 tilla
127 4272 162 4334 ln
194 4274 339 4360 tenebris
365 4277 543 4361 relueerst,
571 4286 604 4342 at
635 4265 809 4342 summisit
829 4276 1024 4362 diligentias.
1046 4277 1194 4362 vigilare,

837 4561 854 4612 ⁶.
