2926 5050
100 452 274 522 orationem
292 397 527 534 gerradoximns
545 458 580 512 et
601 447 733 512 adorato
752 445 891 546 Domino
911 427 1128 534 induigentias
1139 454 1268 550 recepi-

99 575 172 624 mus
193 565 227 621 et
259 553 417 638 spirituali
438 553 610 638 disciplina
634 554 783 617 instructi
804 571 935 636 sunus,
959 565 1149 639 pertonantis,
1171 563 1267 641 quam

99 662 317 744 periculosum
337 661 397 742 sit,
427 678 544 725 nomen
570 657 746 721 christiam
777 658 832 721 vel
861 659 1026 742 roligionis
1056 662 1175 726 habere
1195 664 1268 728 sin·

9 815 10 844 ,
100 765 221 847 fructu,
266 765 299 827 in
331 782 415 848 quos
452 765 574 846 ,utiquo
606 735 789 844 maledictio
832 762 945 826 divina
981 762 1170 850 desaeviet,
1202 757 1268 849 qna

102 877 290 932 arescentes
304 869 448 935 aeternis
469 869 601 952 ignibus
621 874 774 948 parentur
795 867 970 937 cremandi.
1010 868 1089 933 indo
1101 861 1266 952 progressi

11 959 21 976 ‘
99 971 304 1042 ascendimus
323 973 361 1034 in
372 971 573 1054 bethoniam,
593 968 763 1033 castellum
773 970 909 1052 Mariae,
926 972 1077 1034 Marthae
1091 981 1124 1034 et
1136 973 1265 1055 Lazari,

103 1096 162 1160 par
192 1073 277 1160 duod
306 1076 467 1144 concitato
499 1071 603 1158 gradu
625 1068 843 1142 transivimus.
886 1077 941 1137 Dc
961 1094 1025 1159 quo
1052 1075 1187 1138 habetur
1210 1076 1265 1140 tot.
1324 1057 1326 1062 ’

97 1182 165 1246 213
182 1182 224 1248 A.
258 1184 300 1242 Et
323 1181 364 1244 de
387 1179 524 1242 castello
545 1177 774 1263 descendimus
804 1181 838 1240 in
860 1176 1023 1245 desertum
1042 1178 1188 1242 Monstrat
1208 1197 1267 1261 per
1329 1240 1339 1258 ,

10 1331 12 1352 .
99 1287 174 1348 vias
188 1292 374 1366 asperima
387 1301 445 1365 per
458 1281 783 1365 clivcspericulcsos.
826 1283 951 1382 incepit
972 1291 1078 1344 autem
1099 1281 1170 1344 fieri
1191 1301 1266 1364 rica,

102 1389 178 1470 quia
195 1388 246 1450 sot
266 1387 470 1470 occubuerat,
493 1392 527 1448 et
548 1387 731 1470 optavimus
752 1387 785 1449 in
808 1387 916 1474 aliquo
938 1385 1010 1466 (B)
1036 1387 1121 1451 ioco
1136 1404 1268 1452 ιιιιιιιιι

100 1499 231 1574 propter
261 1493 335 1554 viae
357 1492 565 1572 asperitatem
584 1509 690 1580 usque
712 1491 753 1554 ad
775 1498 879 1556 ortum
901 1490 1007 1572 lutrae,
1040 1498 1074 1554 et
1095 1507 1169 1554 aum
1188 1509 1267 1573 prc-

100 1595 232 1658 fundius
256 1595 555 1677 descendissemus,
583 1595 789 1670 iactaesurit
819 1595 981 1677 tenebrae,
1003 1605 1036 1658 et
1055 1595 1207 1658 venimus
1223 1593 1267 1658 ad

105 1717 211 1766 unam,
223 1699 379 1781 grandem
400 1698 526 1761 domurn
550 1699 792 1782 testudinatam,
815 1719 873 1782 per
900 1702 1070 1762 circuitum
1096 1699 1268 1762 habentem

93 1804 166 1884 (in)
190 1804 325 1890 internis
356 1785 510 1872 ambitum
538 1803 622 1865 sicat
651 1805 899 1890 monasterium,
924 1812 955 1866 et
979 1811 1046 1865 erat
1068 1801 1268 1868 desolaret
1351 1813 1352 1816 ’

100 1925 225 1988 vacua,
256 1917 289 1970 ot
307 1906 403 1987 juxta
420 1907 507 1969 illam
529 1905 657 1974 domum
679 1907 721 1969 de
742 1909 843 1978 asinis
875 1907 1124 1994 descendimus,
1155 1914 1190 1968 ut
1212 1906 1269 1970 ibi

102 2011 532 2095 paululumquiesccremua.
574 2005 619 2072 ni
632 2013 782 2073 accensis
801 2011 973 2075 inminibus
985 2011 1113 2073 domurn
1128 2009 1268 2092 ingressi
1286 2005 1289 2012 ’

101 2133 214 2181 sumus
236 2115 277 2176 ad
298 2113 527 2203 quaerendam¹
540 2113 646 2196 locum
666 2115 803 2196 quietis,
832 2113 891 2176 sed
913 2114 1044 2176 minime
1075 2114 1268 2189 invenimus,

101 2221 177 2302 quia
198 2219 312 2282 domus
335 2226 405 2281 erat
427 2219 557 2280 ruinosa
590 2226 623 2280 et
647 2217 856 2280 immunditiis
873 2235 918 2283 ac
945 2217 1109 2290 vermibus
1136 2217 1268 2300 repleta,

9 2383 11 2414 ‚
100 2333 133 2390 at
155 2332 312 2388 exeuntes
333 2332 409 2387 ante
430 2322 558 2386 domum
580 2340 641 2385 nos
664 2321 842 2384 locavimus
871 2324 904 2384 in
940 2332 1057 2387 terram
1085 2321 1182 2384 divisi
1209 2339 1267 2402 per

99 2429 285 2491 societates.
339 2426 510 2489 Sarraceni
541 2434 649 2489 autem
687 2426 835 2510 ductores
856 2429 958 2496 nostri
996 2442 1143 2490 seorsum
1170 2425 1266 2490 ctiam
1360 2511 1361 2514 Ἴ

9 2507 11 2526 ’
99 2533 196 2597 simul
218 2533 389 2595 manebant
411 2547 509 2612 supra
530 2547 590 2591 nos
611 2530 717 2592 altius.
775 2530 876 2593 Porro
899 2530 1084 2606 ductoribus
1111 2530 1268 2594 adhaere-

101 2637 179 2701 bant
201 2636 329 2720 quidam
353 2634 428 2697 mali
445 2635 586 2716 iuvenes
614 2635 708 2698 uobis
725 2635 845 2718 infesti,
867 2637 1043 2716 atpatcbit.
1088 2633 1170 2710 Cum
1190 2651 1269 2716 ergo

100 2739 304 2803 collationem
328 2739 424 2802 simui
446 2739 654 2822 fecissemus,
685 2738 805 2810 lumina
834 2741 1060 2820 exstinximus,
1093 2747 1126 2800 at
1163 2738 1270 2819 capita

101 2861 200 2925 super
231 2845 380 2907 sacculos
407 2851 538 2913 nostros
567 2827 726 2925 ponentes
757 2843 896 2905 dormire
922 2845 1097 2924 coepimus.
1141 2843 1270 2902 interea

102 2945 232 3029 quidam
263 2947 401 3029 juvenis
422 2947 623 3018 sarracenus
641 2944 788 3018 ,occulte
821 2954 854 3007 et
885 2946 1005 3009 furtive
1036 2943 1221 3008 descendit.
1236 2937 1276 3024 in

102 3049 245 3112 tenebris
271 3052 305 3111 in
337 3067 454 3130 agmen
486 3049 727 3130 peregrinorum
761 3055 796 3110 ot
824 3066 954 3112 saccum
977 3051 1073 3112 unius
1097 3048 1270 3131 peregrini,

9 3141 11 3156 ’
102 3151 536 3238 qnemputabatdormire,
559 3151 712 3234 arripuit,
735 3159 861 3224 etcum
885 3171 924 3216 eo
946 3151 987 3215 ad
1014 3171 1092 3216 suos
1113 3153 1270 3232 cucurrit3

100 3266 178 3342 post
198 3275 292 3340 quem
304 3275 496 3340 peregrinus
507 3255 562 3319 ιιιι
575 3273 648 3318 cum
669 3256 740 3318 suis
752 3258 853 3325 sociis
865 3257 1215 3348 sequebaturclamaas
1236 3261 1271 3316 et

100 3381 233 3432 saccum
248 3361 403 3428 rehabuit.
426 3359 558 3424 Modico
573 3359 745 3424 intervallo
764 3361 852 3427 iacto
867 3362 952 3425 alius
963 3361 1092 3426 occuito
1102 3358 1272 3427 descendit

102 3467 299 3532 etiamtum
322 3484 454 3540 saccum
483 3483 561 3532 oum
585 3481 687 3547 pane,
703 3481 800 3528 caseo
821 3472 856 3527 et
878 3466 1047 3548 fumigatio
1066 3465 1217 3529 carnibus
1238 3471 1272 3526 et

102 3571 194 3642 duris
215 3573 288 3634 ovis
309 3570 351 3633 ad
372 3587 451 3634 suos
487 3568 632 3651 confugit
642 3612 657 3650 2
675 3568 828 3660 quodffiut
845 3571 1000 3654 peregino
1015 3570 1179 3652 innotuit,
1201 3568 1272 3632 cla·

102 3695 196 3744 mare,
213 3675 337 3756 coepit.
349 3685 384 3750 at
413 3673 602 3758 peregrinos
630 3673 665 3735 in
692 3674 744 3736 sui
773 3672 964 3760 adjutorium
981 3739 983 3746 ,
1000 3663 1184 3740 invocavit.¹
1217 3671 1272 3744 Ad
1366 3713 1371 3730 .

99 3781 163 3848 hoc
183 3779 345 3862 peregrini
367 3784 593 3859 surrexerant,
610 3783 645 3838 et
665 3777 756 3845 multi
777 3795 851 3840 cnm
873 3779 1005 3861 impetn·
1017 3786 1131 3843 contra
1151 3766 1271 3840 Sarra-

101 3901 203 3953 conos
222 3890 453 3966 cucurrerrmt,
487 3889 520 3944 ιι
541 3881 605 3958 nat
626 3880 734 3958 tactus
756 3888 867 3954 tantus
890 3882 1046 3966 tumultus
1062 3891 1100 3952 ,et
1121 3882 1271 3962 insultus,

100 3985 189 4072 quod
209 3985 382 4058 Sarraccni
404 4003 479 4050 cum
500 3983 620 4067 gladiis
642 3995 675 4060 et
695 3984 823 4050 baculis
835 3987 1024 4068 peregrinos
1037 3986 1272 4070 cecropeilere

103 4091 208 4158 coacti
228 4096 317 4172 sunt,
341 4098 375 4152 ct
400 4086 527 4172 lapides
557 4077 670 4152 contra
691 4106 729 4154 se
758 4089 924 4172 levabant,
946 4089 1055 4153 nullus
1082 4099 1189 4154 tamen
1211 4089 1283 4154 ιιι--

102 4196 167 4262 buo
185 4196 296 4276 jacere
319 4195 496 4277 inceperat,
518 4192 604 4276 quia,
627 4193 657 4254 si
677 4210 763 4268 nnus
775 4191 858 4275 lapis
866 4195 983 4258 missus
1002 4194 1128 4276 inisset,
1149 4193 1273 4274 absque

106 4299 202 4364 dubio
216 4297 531 4380 pancuiosiasimum
554 4295 672 4358 ballum
695 4295 815 4360 tactum
836 4297 971 4378 suisset,
992 4299 1077 4378 quia.
1089 4296 1205 4360 infiniti
1229 4296 1273 4358 ibt

84 4385 91 4408 ⁸
1063 4394 1081 4452 ³
