2962 5022
677 375 684 390 δ

220 587 420 652 meeaaimua
441 584 559 648 itemm
578 581 701 662 ordine,
720 601 785 666 quo
807 585 907 665 priua,
928 591 961 646 et
982 597 1094 646 sacras
1113 579 1270 664 reliquias
1291 581 1376 644 deoa-

221 692 320 754 culati
340 705 453 752 sumus
480 695 512 749 et
535 697 646 750 nostra
667 704 817 768 munera,
851 704 963 748 aurum
987 693 1022 747 et
1043 692 1229 767 argentum,
1254 685 1297 760 ¹in
1316 701 1377 745 aar·

221 795 405 877 copbagum
432 791 623 873 obtulimus,
656 790 785 874 quidam
824 800 961 873 quatuor
993 789 1145 870 ducatos,
1180 787 1283 872 aliqui
1313 797 1379 867 tres,

219 893 318 977 aliqui
352 883 450 974 duos,
485 895 586 978 major
615 913 808 978 personum
830 895 871 957 ad
894 897 998 958 miuus
1020 895 1127 976 posuit
1160 892 1328 972 ducatum,
1354 901 1380 951 et

222 1015 297 1062 cum
323 997 386 1060 boc
407 995 651 1062 decantavimus
668 997 763 1079 juxta
783 1001 923 1061 tumbam
958 997 1149 1078 antiphonas
1180 1002 1211 1056 et
1235 994 1380 1057 collectas
1438 1049 1439 1052 ,

222 1100 258 1164 in
278 1102 511 1184 processionali
531 1103 677 1185 signatas
697 1110 729 1165 et
751 1101 969 1184 indulgentias
989 1101 1070 1182 (Η)
1088 1099 1255 1182 plenariae
1274 1099 1381 1160 remis-

167 1207 172 1218 '
223 1205 325 1270 siouia
349 1205 528 1270 habuimus.
574 1207 719 1270 Sacrista
747 1215 855 1270 autem
877 1203 1058 1271 recollectis
1079 1202 1254 1267 offertoriis
1275 1219 1380 1264 sareo-
1438 1233 1439 1286 q

222 1311 363 1394 phagum
386 1311 527 1374 reclusit.
535 1303 543 1346 ἶ
1438 1289 1439 1378 l

288 1415 433 1478 ¹'l'omba
454 1424 505 1480 cst
525 1416 558 1478 in
581 1414 693 1479 dextra
723 1422 815 1497 parte
836 1413 925 1476 chori
944 1415 978 1476 in
1000 1412 1201 1477 eminentiori
1223 1419 1318 1493 parte
1336 1429 1382 1472 re-
1438 1381 1439 1472 i

224 1518 330 1600 posita
352 1517 393 1579 de
413 1537 572 1581 marmore
592 1517 729 1581 eorrdido
755 1528 788 1580 et
809 1519 909 1599 polito
933 1518 1034 1598 iacta,
1057 1517 1089 1578 in
1111 1515 1184 1597 ejus
1216 1516 1383 1598 superlicio

140 1701 143 1708 Ι
222 1639 281 1703 per
303 1620 469 1684 circuitum
492 1632 568 1684 sunt
586 1622 733 1704 sculptae
755 1622 882 1704 aliquae
902 1621 1058 1703 imagines
1085 1629 1119 1681 et
1132 1621 1298 1702 plantulae
1319 1637 1382 1681 eum

222 1723 326 1802 foliis,
356 1741 417 1784 nec
439 1733 490 1786 est
518 1724 559 1786 ad
581 1725 812 1807 longitudinem
845 1734 987 1787 staturae
1015 1725 1153 1787 hominis
1186 1725 1294 1804 facta,
1329 1721 1381 1782 sed

132 1837 136 1848 '
221 1825 319 1889 multo
340 1827 478 1909 brevior,
502 1830 579 1912 qnia
599 1829 703 1891 solum
726 1849 784 1911 pro
806 1832 925 1892 ossium
945 1830 1190 1892 conservatione
1209 1825 1269 1888 iuit
1293 1827 1380 1887 facta.
1438 1873 1439 1912 p

221 1929 345 1992 Multae
365 1930 516 1994 ardentes
538 1933 704 2015 lampados
724 1934 869 2019 pendent·
881 1931 977 2014 juxta
996 1953 1088 2013 eum,
1112 1950 1196 2015 quae
1227 1931 1303 1992 olim
1327 1947 1381 1990 nu-

222 2034 397 2098 triebantur
423 2037 464 2100 de
493 2037 584 2120 oleo,
611 2038 696 2120 quod
716 2037 845 2100 sudavit
881 2037 922 2099 de
943 2038 1093 2104 membris
1125 2035 1302 2118 virgineis,
1331 2031 1382 2095 sed

222 2140 376 2204 miraculo
395 2141 457 2205 boc
477 2151 629 2204 cessante
655 2144 810 2205 membra.
828 2141 900 2204 oleo
928 2141 1054 2222 quidem
1077 2149 1166 2202 eraut
1188 2139 1308 2220 plena,
1331 2135 1386 2200 sed

223 2263 290 2308 non
306 2245 487 2329 sudabant,
516 2248 577 2310 nisi
599 2245 726 2330 quando
739 2246 875 2318 ,fortiter
904 2244 1108 2308 fricabantur.
1149 2242 1246 2307 Unde
1264 2224 1334 2324 legi
1356 2243 1383 2302 in

223 2349 478 2430 peregrinalibus
512 2352 672 2434 antiquis,
704 2346 788 2432 quod
818 2349 1001 2430 petentibus
1024 2349 1203 2431 peregrinis
1227 2346 1383 2408 fricabant

215 2455 369 2518 monachi
402 2455 523 2536 aliquot
554 2473 593 2517 os
626 2453 763 2536 virginis
785 2461 816 2530 et
848 2451 1011 2515 desudans
1046 2452 1150 2514 oleum
1184 2451 1383 2531 accipiebant

222 2557 394 2635 peregrini.
437 2557 504 2620 Sed
525 2569 560 2621 et
581 2559 643 2621 boo
664 2555 849 2620 miraculum
880 2556 1022 2618 cessavit
1043 2565 1074 2618 el
1097 2558 1307 2619 subsecutum
1332 2553 1384 2614 luit
1438 2623 1439 2636 ἒ

222 2657 318 2718 aliud.
362 2659 448 2722 Nam
470 2663 606 2745 singulis
636 2663 731 2723 annis
753 2661 785 2722 in
808 2659 951 2741 profesto
979 2661 1117 2742 virginis
1150 2658 1385 2722 advolaverunt
1438 2679 1439 2732 p

223 2760 379 2841 quaedam
418 2765 548 2845 ignotae
581 2785 660 2840 avec
693 2764 942 2847 pulcherrimae,
971 2765 1082 2827 rostris
1115 2764 1257 2826 ferentes
1282 2777 1386 2824 minos
1438 2747 1439 2807 l

223 2865 379 2926 olivarum
401 2859 523 2929 virides
552 2877 589 2932 et.
606 2870 702 2932 olivis
723 2869 867 2951 repletos
898 2877 934 2934 ,et
958 2877 1196 2950 supertectum
1226 2864 1386 2926 ecclesiae

222 2967 402 3032 residentes
424 2989 529 3034 ramos
551 2972 753 3053 projecerunt
775 2974 942 3055 deorsum,
974 2991 1057 3055 quos
1093 2972 1210 3038 iratres
1232 2969 1384 3031 tollentes

221 3073 327 3139 oleum
343 3093 533 3157 saporosum
555 3087 587 3139 et
609 3075 717 3139 nobile
738 3086 967 3160 expresserunt
990 3079 1022 3138 in
1045 3084 1135 3138 tauta
1154 3075 1263 3156 copia,
1304 3069 1388 3156 quod

220 3173 416 3261 perannum
440 3199 496 3262 pro
519 3182 590 3243 cibo
612 3191 644 3264 et
665 3182 839 3246 luminibus
860 3181 1074 3249 abundabant.
1112 3178 1255 3242 'landem
1280 3186 1387 3238 autem

220 3291 252 3344 et
288 3284 350 3348 hoc
382 3285 567 3346 miraculum
602 3287 762 3367 cessavit,
803 3288 877 3369 quia
907 3287 962 3352 vel
995 3295 1124 3367 tempus
1159 3281 1388 3344 miraculorum

220 3388 387 3470 transivit,
408 3389 462 3452 vel
485 3391 560 3471 quia
582 3389 702 3452 abusus
723 3391 946 3454 miraculorum
970 3391 1045 3471 luit,
1069 3388 1122 3450 vel
1143 3389 1219 3470 quia
1241 3385 1390 3467 indigni·

160 3555 161 3560 .
218 3498 271 3552 tas
293 3501 324 3554 et
346 3500 483 3573 peccata
515 3493 666 3554 miracula
688 3494 942 3576 impediverunt,
975 3493 1028 3556 vel
1052 3489 1126 3574 quia
1155 3489 1290 3554 aliunde
1315 3508 1391 3571 pro-

217 3595 321 3656 visum
346 3595 387 3657 de
407 3596 477 3659 Deo
500 3597 575 3679 luit,
598 3600 673 3680 quio
695 3607 746 3660 est
778 3599 890 3680 regula
911 3599 1146 3680 theologorum,
1184 3593 1275 3679 quod
1301 3595 1390 3655 neos

156 3715 160 3735 ³
218 3717 281 3760 non
315 3699 392 3762 lacit
424 3701 593 3784 miracula,
628 3704 689 3766 uisi
718 3704 869 3786 exigente
899 3721 1016 3786 magna
1047 3702 1253 3764 necessitate.
1305 3698 1391 3762 Olim

219 3812 326 3864 autem
361 3803 435 3866 dum
470 3805 588 3868 fratres
606 3807 711 3900 sancti
732 3816 842 3869 essent
869 3805 1007 3888 inleso,
1032 3808 1086 3889 qui
1119 3808 1149 3868 in
1171 3805 1320 3894 penuria
1344 3803 1392 3862 vi-

215 3909 334 3970 vebant
370 3916 401 3970 et
431 3919 623 3991 paupertate
652 3910 859 3994 squalebant,
892 3909 982 3972 Deus
1010 3911 1202 3981 miraculose
1235 3908 1393 3990 providit,
1438 3939 1439 3946 ι

215 4012 291 4094 quia
321 4031 445 4074 omnem
477 4032 567 4096 spem
600 4015 632 4076 in
665 4016 770 4096 ipsum
800 4015 983 4098 jactabant,
1014 4014 1107 4095 juxta
1140 4012 1219 4074 illutl
1252 4010 1340 4092 (5⁷
1351 4011 1395 4083 a}

213 4116 316 4196 psalm
358 4116 447 4179 LV.:
491 4119 587 4180 Jacta
629 4120 821 4200 cogitatum·
848 4127 935 4182 tuum
979 4119 1019 4196 inv
1054 4117 1191 4180 Domino
1236 4125 1272 4177 et
1324 4121 1396 4200 ipse

212 4228 245 4278 te
266 4221 410 4285 enutriet.
442 4223 538 4284 item:
559 4226 615 4284 tibi
638 4223 811 4288 derelictus
834 4231 888 4284 est
910 4239 1041 4303 pauper.
1087 4220 1255 4282 Successu
1275 4231 1396 4284 autem

215 4325 368 4397 temporis
390 4324 584 4404 incipiebant
604 4327 718 4389 timere
746 4335 967 4408 paupertatem
990 4334 1022 4387 et
1045 4342 1152 4387 curam
1177 4323 1219 4386 de
1243 4343 1287 4387 se
1313 4326 1397 4409 ipsis

218 4429 331 4485 gerere
352 4429 384 4478 et
406 4423 631 4503 eleemosynas
654 4445 810 4506 quaerere
831 4439 863 4490 et
896 4429 1017 4492 reditus
1040 4427 1146 4491 erirere
1168 4439 1199 4490 et
1237 4430 1397 4494 thelonea

42 4773 214 4980 l*
