2948 4876
198 391 268 458 iffi.
309 387 517 453 induentem
539 395 709 452 moventes
743 389 920 452 exereitum
954 385 1134 454 excitet·
1164 409 1230 474 per
1266 390 1410 462 multas

196 497 321 560 dinem
351 494 386 556 iu
411 491 633 576 Coalosyrlam
661 503 820 556 venerunt
849 494 892 557 ad
912 494 1085 577 gloriosam
1106 497 1297 560 eivitatem
1326 496 1405 556 Au-

196 599 347 666 tioobiam
359 643 370 682 ,
406 615 492 681 quae
529 597 689 680 quondam
727 601 853 662 tertiam
897 609 973 682 post
1004 601 1138 664 Romam
1178 599 1402 682 dignitate-

195 703 353 789 grandem
388 705 503 767 sanda
531 705 672 768 omnium
698 705 952 786 provinoiarum,
979 723 1062 788 quas
1079 714 1206 770 treotus
1232 707 1400 768 eontinet

199 809 376 890 orientalis,
386 809 539 891 princeps
549 818 583 870 et
594 807 790 872 moderatrix
800 817 878 870 erat
922 809 1016 872 liaeo
1030 811 1148 892 prisois
1168 811 1398 892 temporibus

196 915 363 980 dioabatm
382 912 545 996 nittnbe,
565 909 691 996 2lieg.
713 914 767 978 25.
787 915 874 994 etii,
893 913 1076 980 serenes.
1097 925 1130 978 et
1149 915 1195 991 o,
1224 924 1264 978 et
1287 916 1335 978 in
1357 931 1396 976 en

195 1021 297 1086 neoni
323 1021 451 1082 fuemnt
472 1017 531 1080 lilii
552 1017 734 1088 Sedeobiae
765 1021 854 1102 regis
874 1020 1058 1082 Jerusalem
1086 1021 1120 1082 in
1147 1020 1265 1083 oeulis
1302 1021 1391 1098 suis,

196 1135 230 1190 et
248 1125 319 1208 regi
339 1124 424 1186 ooul‘
445 1125 529 1186 eruti
550 1130 613 1186 oto.
655 1125 751 1186 Harae
781 1130 858 1206 post
890 1133 1022 1200 mortem
1044 1123 1231 1188 Alexandri
1265 1123 1390 1206 Magni

194 1228 386 1294 llauedonis
408 1143 591 1301 'ntioobus
613 1229 714 1290 muris
735 1237 771 1290 et
790 1229 930 1292 turribus
952 1233 1107 1292 munitam
1135 1229 1260 1292 sedem
1289 1227 1389 1310 regui

196 1335 247 1398 sni
268 1333 349 1407 feeit
368 1349 505 1414 eamque
529 1350 572 1394 ex
590 1350 650 1394 suo
671 1333 800 1395 nomine
821 1333 1027 1396 Antiochiam
1048 1336 1192 1396 nouauit.
1240 1335 1287 1398 in
1324 1334 1386 1398 beo

196 1439 425 1524 Apostolorum
446 1439 616 1520 prinoeps,
638 1436 766 1520 Petrus,
788 1448 914 1519 septem
945 1441 1041 1503 annis
1069 1441 1252 1521 episcopos
1285 1437 1383 1517 sedit,

197 1545 351 1610 doctrinis
371 1549 407 1604 et
428 1542 592 1605 miraonlis
612 1540 760 1604 illustris.
803 1545 841 1604 ln
862 1559 902 1604 ea
930 1543 1053 1623 primus
1073 1543 1220 1609 fidelium
1242 1544 1381 1606 habitus

197 1660 248 1714 ost
270 1655 462 1728 oottventus,
483 1647 518 1708 in
539 1663 602 1728 quo
624 1647 722 1708 etiam
744 1645 1003 1711 Christianorum
1029 1667 1145 1714 nomen
1184 1647 1378 1721 dedicatum

197 1765 263 1837 est3
285 1749 912 1838 prinsenim,qniCbristitseotabantnr
934 1750 1121 1835 doctrinam,
1133 1753 1313 1816 Nazaraei
1325 1749 1377 1812 vel

197 1858 347 1941 discipuli
377 1857 588 1937 dicebantur,
617 1856 819 1938 postmodum
851 1875 872 1917 a
907 1855 1038 1920 Christo
1073 1856 1213 1920 deducto
1241 1858 1377 1918 nomine

198 1964 389 2028 anmodtale
408 1961 496 2024 illius
529 1961 646 2043 synodi
668 1964 814 2026 universi
835 1961 950 2025 lideles
982 1961 1058 2025 dieti
1078 1971 1155 2024 sunt-
1177 1959 1375 2040 Christiani,

197 2070 283 2134 siout
304 2075 395 2151 patet
412 2067 527 2136 Actor.
549 2067 590 2128 ll.
633 2067 715 2148 Ejus
735 2085 816 2129 vero
839 2068 983 2130 civitatis
1002 2066 1184 2150 patriaroba
1204 2066 1277 2128 XX
1300 2085 1375 2148 pro·

197 2174 323 2238 vineias
343 2174 378 2235 in
397 2187 459 2234 sua
476 2170 699 2252 iurisdictione
716 2171 836 2234 babere
857 2169 982 2235 dieitur.

282 2275 355 2338 Sita
383 2284 491 2338 antem
521 2284 575 2340 est
600 2274 673 2359 ipsa
701 2277 735 2338 in
766 2277 933 2359 provinuia
965 2274 1174 2360 coelesyriae
1204 2276 1372 2359 habetque

197 2378 487 2446 eommodissimam
509 2389 543 2442 et
563 2381 822 2453 amoenissimam
844 2381 1045 2462 positionem.
1088 2381 1149 2444 Est
1170 2397 1211 2442 eo
1226 2381 1370 2445 tontibus

198 2493 232 2546 et
263 2483 344 2546 rivis
370 2501 475 2566 paene
506 2492 574 2547 tuta
601 2487 739 2568 irrigua,
773 2487 859 2547 intra
890 2486 1042 2548 ambitum
1083 2493 1190 2558 eutem
1222 2487 1368 2550 civitatis

197 2588 389 2654 elauduutur
411 2587 475 2654 duo
495 2597 621 2652 montes
643 2591 760 2652 nimiae
781 2588 977 2672 altitudinis,
1007 2593 1042 2652 in
1070 2609 1204 2673 quorum
1233 2591 1367 2654 alterins

197 2693 331 2774 vertice,
351 2693 405 2776 qni
427 2692 556 2756 videtur
577 2695 788 2776 eminentior,
820 2697 917 2760 sitnm
945 2706 996 2758 est
1033 2695 1228 2779 praesidinm
1259 2699 1366 2760 muni-

199 2798 377 2881 tissimum,
409 2799 464 2883 qui
499 2797 563 2863 duo
583 2807 710 2862 montes
743 2799 831 2862 valle
862 2799 1124 2883 profundissima¹
1140 2800 1200 2864 sed
1227 2811 1364 2884 augusta

198 2913 406 2990 separantur,
442 2923 501 2987 per
533 2921 629 2988 qnam
661 2913 786 2966 torrens
817 2903 971 2969 dimissus
1003 2925 1062 2989 per
1092 2905 1231 2972 medinm
1262 2907 1362 2970 inlinit

199 3012 375 3076 civitatem.
417 3010 669 3093 [longitudinem
687 3017 797 3072 autem
819 3009 962 3074 civitatis
983 3011 1113 3096 qnidam
1139 3011 1213 3093 duo,
1235 3011 1358 3094 qnidam
1433 3073 1434 3098 ,

199 3119 260 3180 tria
281 3116 430 3180 milliario
449 3116 558 3179 italica
577 3115 700 3178 babere
718 3113 881 3199 asserunt,
907 3125 942 3178 et
967 3135 987 3178 a
1007 3119 1087 3180 mari
1120 3117 1219 3180 distat
1251 3117 1356 3180 donem

199 3222 253 3286 vel
275 3221 338 3282 ΧΠ
370 3220 565 3284 milliaribus.
614 3219 723 3302 liujus
750 3222 904 3302 egregiae
931 3222 1021 3284 urbis
1048 3221 1236 3304 jamdudum
1265 3223 1356 3286 ruet

199 3326 261 3388 sibi
282 3334 477 3407 usurparunt
499 3323 682 3406 dominium,
706 3342 802 3408 quam
825 3332 931 3387 temen
952 3327 1265 3408 ipse·ttaehometus
1285 3326 1353 3390 dum

198 3431 336 3514 viveret,
358 3429 627 3494 accedereausus
647 3447 713 3491 non
730 3429 803 3498 fuit.
844 3428 968 3492 Verum
984 3432 1017 3494 in
1029 3432 1354 3515 sneAlooranupouit

198 3545 336 3619 quotuor
361 3537 521 3617 civitates,
544 3532 626 3596 duas
647 3533 835 3599 benedictas
856 3543 887 3596 et
907 3544 1052 3620 sanetas,
1079 3539 1206 3604 seilioet
1225 3538 1352 3602 Jemsa·

122 3663 126 3686 ·
198 3641 261 3704 leur
293 3649 326 3703 et
358 3640 529 3721 Meebem,
568 3647 602 3701 et
642 3637 723 3703 duas
757 3637 964 3723 maledietas,
1003 3642 1129 3708 seiliuet
1158 3641 1350 3707 Antioobiau
1433 3691 1434 3694 ,

198 3755 232 3810 et
251 3745 397 3810 Romam.
1037 3809 1040 3819 ,

281 3851 319 3912 ln
341 3849 413 3931 ejus
444 3847 611 3913 obsidione
633 3848 857 3914 dominabatur
876 3850 920 3914 ibi
942 3850 1071 3935 quidam
1103 3852 1229 3916 tureos
1266 3869 1348 3938 rag·

196 3973 273 4038 uns,
311 3952 418 4017 dietus
450 3955 640 4018 Evexiauns
674 3953 715 4017 de
735 3955 878 4018 Perside.
927 3957 1108 4038 Venientes
1129 3957 1239 4040 itaque
1256 3957 1347 4022 uostn'

197 4061 282 4124 bauo
303 4059 549 4122 munitissimam
571 4053 734 4122 eivitat'em
756 4069 830 4124 outo
862 4062 1024 4126 nomionis
1055 4061 1248 4126 obsederunt
1267 4079 1347 4126 neu-

196 4166 312 4246 sibns,
342 4164 376 4226 in
407 4179 473 4244 qne
498 4161 666 4226 obsidione
699 4171 812 4231 noster
840 4167 1002 4231 exereitus
1041 4184 1123 4230 sane
1160 4167 1346 4232 eruoiabttur

197 4277 230 4332 et
252 4267 414 4354 frequenti
434 4267 553 4330 nivium
575 4267 738 4350 inopinata
759 4271 927 4352 eruptione
947 4272 1188 4355 molestabatur,
1209 4279 1242 4336 et
1260 4269 1345 4336 nula
