2842 4882
526 281 653 372 „aar

215 629 218 636 ,
297 541 467 653 Tristitia
492 511 695 642 peregrinis
721 541 930 618 adveniens.

19 737 32 788 't
75 787 78 792 -
121 741 286 806 Vicesima
307 745 402 808 tertia
424 742 477 805 die
505 761 632 806 eramus
666 744 768 828 parati
801 741 999 806 adscendere
1020 743 1053 806 in
1076 753 1202 808 montes
1311 719 1335 730 μ

19 848 172 913 ’sanctos
194 847 312 930 Synai,
334 841 419 910 Oreb
442 855 473 910 et
503 846 540 911 S.
566 837 780 930 catharinae,
802 846 862 912 sed
883 848 1001 908 infirmi
1033 850 1205 930 peregrini,

19 942 143 1014 tuostri
169 952 366 1038 confratres,
397 937 631 1033 supplicabant
646 970 724 1034 nos,
761 939 920 1033 quatenus
941 967 1045 1040 usque
1066 951 1099 1010 in
1130 969 1205 1012 cra-

19 1054 159 1120 istinum
173 1065 462 1140 exspectaremus,
494 1064 529 1116 ut
550 1058 676 1117 interim
710 1035 848 1118 roborati
869 1056 1035 1119 nobiscum
1070 1063 1205 1135 possent

19 1159 227 1225 iascendere.
281 1157 580 1227 condescendimus
612 1168 717 1220 autem
749 1155 896 1242 petitioni
927 1177 1036 1222 eorum
1065 1165 1099 1218 et
1131 1175 1204 1219 cum

19 1265 201 1343 'patientia
236 1265 413 1329 mansimus
447 1265 481 1325 ln
507 1265 630 1346 quiete,
667 1269 877 1325 veruntamen
910 1270 984 1347 post
1011 1263 1150 1324 Missam
1172 1268 1206 1322 et

19 1362 210 1442 tprandiunn
231 1365 347 1430 iterum
376 1365 446 1428 loca
478 1369 594 1429 sancta'
620 1370 704 1432 intra
732 1367 960 1432 monasterium
1000 1365 1206 1427 visitavimus

19 1469 98 1546 ipro
109 1466 316 1552 indulgentiis
332 1471 392 1552 (pi)
414 1480 446 1532 et
468 1456 644 1550 claustrum
663 1472 873 1535 transivimus
894 1470 1044 1534 videntes
1064 1467 1226 1550 singulm·

22 1588 30 1630 a
122 1571 222 1637 Porro
243 1577 329 1638 circa
353 1592 521 1657 vesperam
543 1575 632 1640 venit
663 1594 747 1638 unus
776 1573 817 1636 dc
838 1575 1016 1657 capitaneis
1046 1574 1202 1652 Arabum,
1238 1637 1243 1658 ι

19 1673 191 1758 aprinceps
211 1677 367 1744 latronum
398 1680 519 1743 deserti
546 1698 619 1742 cum
642 1679 753 1742 multis
784 1678 994 1761 complicibus
1016 1661 1150 1760 armatis
1173 1685 1206 1738 et

19 1777 71 1842 vin
94 1785 321 1847 monasterium
344 1785 512 1867 ingressus
533 1782 652 1845 locavit
673 1795 711 1845 se
732 1799 804 1845 cum
827 1784 1017 1872 suisprope'
1041 1781 1147 1842 locum
1171 1789 1205 1842 et

19 1883 221 1948 thabitacnla
243 1896 370 1970 nostra,
402 1889 456 1971 qui
479 1888 711 1969 exspectabant
733 1895 766 1946 et
794 1887 1011 1972 observabant
1039 1885 1203 1946 introitum

20 1996 69 2050 ret
92 1991 213 2052 exitum
237 1999 396 2082 postrnm3
430 2009 503 2051 narn
525 2000 655 2071 propter
675 2007 736 2050 uos
768 1996 944 2072 venerant,
978 1996 1013 2048 ut
1041 1987 1115 2068 jura
1145 2005 1206 2048 sua
1232 2054 1233 2057 Ἴ

21 2090 203 2170 injustae
235 2093 327 2156 nobis
357 2095 534 2175 exigerent.
575 2093 793 2170 Eratautem
821 2094 883 2155 hoc
909 2092 1002 2154 uobis
1030 2088 1206 2172 singularis

19 2212 118 2266 ,crux
146 2203 179 2258 et
200 2199 305 2258 omnis
326 2196 436 2280 gandii
457 2199 560 2260 nostri
581 2198 673 2260 triste
694 2204 996 2278 temperamentum,
1029 2212 1091 2256 nec
1111 2202 1208 2277 pote-

19 2317 148 2368 :ramus
171 2299 213 2364 de
234 2299 415 2377 habitaculo
445 2310 556 2364 nostro
585 2303 619 2364 in
655 2300 826 2364 'ecclesiam
849 2293 886 2360 s:
907 2296 1101 2362 Cathariuae
1129 2297 1208 2360 des-

19 2405 180 2468 tcendere
210 2405 274 2468 nisi
311 2426 371 2494 per
391 2407 540 2470 medium.
556 2416 737 2470 nostromm
759 2413 954 2468 exactorum.
997 2405 1099 2466 Erant
1121 2404 1206 2465 enim

20 2535 23 2572 e
35 2509 177 2593 gradus,
198 2529 257 2597 per
283 2530 364 2594 quos
384 2511 426 2574 de
447 2520 557 2575 nostro
579 2509 746 2576 commodo
768 2512 802 2572 in
827 2510 948 2572 curiam
971 2501 1202 2572 descendimus

20 2623 68 2677 ret
91 2614 132 2677 de
153 2617 244 2680 curia
263 2618 296 2681 in
316 2617 488 2682 ecclesiam
509 2617 646 2699 virginis
669 2613 880 2694 catharinae,
902 2614 962 2696 ipsi
985 2598 1091 2676 autem
1115 2613 1205 2673 Ara-

35 2719 95 2780 bes
120 2721 154 2780 in
173 2719 264 2780 ouria
281 2719 431 2799 jacebant
454 2720 506 2782 die
528 2730 558 2782 et
578 2729 673 2784 nocte
695 2727 729 2781 et
751 2738 811 2782 nos
834 2718 1070 2781 descendentes
1094 2725 1125 2778 et
1148 2733 1207 2777 as-

36 2821 220 2884 cendentes
257 2820 503 2906 diligentissime
531 2822 797 2901 considerabant,
834 2840 895 2884 nec
921 2820 961 2883 ad
993 2831 1125 2902 puteum
1147 2839 1206 2900 pro
1302 2831 1308 2844 ⁸

35 2942 125 3006 aqua
146 2933 332 3005 poteramus
354 2926 466 2986 venire
493 2926 556 2988 nisi
587 2944 644 3007 per
664 2923 801 2986 medium
824 2943 944 2986 eorum.
988 2923 1078 2984 Nihil
1101 2931 1208 2983 antem

37 3028 133 3092 nobis
156 3027 330 3107 faciebant,
347 3046 409 3088 neo
429 3028 546 3090 bonum
568 3046 630 3089 uec
651 3027 781 3105 malum,
798 3042 859 3088 nec
880 3041 941 3087 nos
957 3025 1207 3106 proclamabant,

34 3131 95 3194 sed
119 3139 229 3192 tamen
251 3149 358 3194 eorum
382 3133 582 3214 exspectatio
604 3129 697 3192 nobis
718 3126 854 3190 molesta
887 3138 965 3195 erat.
1009 3131 1098 3191 Hora
1130 3146 1210 3191 coe·
1274 3187 1277 3196 ,

35 3253 100 3298 nae
123 3235 403 3316 appropinquante
439 3236 584 3296 coximus
615 3253 673 3318 pro
700 3250 802 3296 coena
835 3240 865 3293 et
894 3252 952 3314 pro
982 3234 1115 3296 crastini
1145 3231 1208 3295 diei

35 3339 190 3422 prandio,
214 3339 301 3402 sicut
322 3357 380 3420 per
401 3337 560 3402 desertum
586 3339 694 3401 facere
716 3337 960 3418 consuevimus,
983 3340 1060 3418 quia
1087 3339 1119 3399 iu
1142 3336 1206 3400 alla

34 3443 176 3508 dienen
211 3461 340 3506 eramus
375 3443 513 3514 habituri
544 3454 670 3528 tempus
700 3459 824 3505 vacans
864 3441 903 3504 ad
926 3442 1215 3525 praeparationem»

33 3548 186 3634 prandii,
208 3547 294 3612 sicut
316 3547 516 3616 ostendetur.
704 3547 707 3552 ’

36 3783 230 3873 Quomodo
252 3783 437 3884 peregrini
462 3780 732 3858 adscenderunt
750 3787 906 3855 montem
928 3783 1091 3853 sanctum
1110 3773 1209 3848 Oreb

37 3914 76 3976 et
103 3901 221 4000 Synai
259 3913 298 3976 et
331 3902 507 4000 quomodo
540 3901 710 3978 diversae
748 3898 991 3974 adversitates
1021 3895 1076 3967 eis
1110 3891 1210 3966 acci·

36 4021 171 4095 derunt
196 4020 234 4094 in
259 4009 413 4095 ascensu
431 4022 508 4112 illo,
523 4033 562 4094 et
586 4021 633 4095 de
652 4021 838 4095 montisel
856 4017 938 4091 viae
955 4010 1209 4110 dispositione.

124 4190 188 4263 Die
208 4198 335 4260 XXIV.
374 4202 475 4264 tribus
497 4200 585 4263 horis
607 4211 681 4263 aute
711 4201 814 4264 lucem
841 4195 921 4259 solis
950 4190 1153 4272 surreximus
1175 4207 1208 4264 et

36 4309 70 4371 in
93 4302 223 4388 capella
251 4301 351 4366 latina
371 4304 494 4369 Missas
522 4303 777 4382 celebravimus,
814 4299 1095 4454 quibus2p9reractis
1116 4293 1207 4359 venit
1269 4311 1273 4316 ·
