2962 5022
767 397 832 462 481

224 581 331 650 lunen
353 581 432 662 sjns.
474 577 518 640 Et
537 584 608 640 erat
623 593 749 659 specus
769 577 834 641 ista
854 579 948 660 quast
970 577 1083 642 sobole
1107 577 1375 660 contemplantium

221 685 340 766 divina,
358 683 393 746 in
414 699 479 764 qna
498 699 556 764 par
577 681 728 744 tenebras
749 681 933 763 corporales
955 681 1156 744 ducebantur
1178 681 1218 742 ad
1238 681 1378 746 coelestia

220 783 468 869 contemplenda
499 785 638 848 lumino:
673 801 737 848 non
764 785 849 848 siout
870 800 990 867 specus
1010 773 1223 878 Achamsiao,
1245 770 1335 867 quae,
1352 794 1380 847 nt

220 893 332 973 fertur,
353 890 443 953 ducit
463 887 504 958 ad
532 888 668 970 inferos,
689 906 772 969 quae
793 889 977 976 non'longo
997 895 1049 948 est
1070 890 1109 948 sb
1130 888 1291 959 Heraclea
1310 889 1380 950 civi·

220 1005 304 1078 tsto;
326 1013 387 1058 nee
418 995 503 1056 sicin
536 1007 657 1074 specus
677 992 883 1074 Hybernias,
913 1009 998 1074 qnae
1028 991 1146 1053 dicitur
1178 994 1380 1074 purgatorium

221 1097 542 1179 ”scriptoriolum
564 1113 659 1179 quam
681 1097 823 1177 ingrcssi
845 1095 958 1158 vident
979 1094 1142 1157 horribilia
1162 1104 1195 1157 at
1215 1097 1381 1176 phantasi‘n

225 1205 382 1288 gravibus
397 1211 567 1282 terrentur,
582 1216 622 1262 ac
643 1200 673 1262 si
690 1200 722 1260 in
738 1200 898 1262 infernum
920 1208 1150 1280 mergerentur,
1166 1198 1252 1281 quod
1266 1219 1327 1260 uon
1339 1198 1382 1259 di-

226 1311 304 1374 vinu
326 1309 364 1370 llt
385 1310 517 1386 virtute,
537 1322 598 1366 nec
619 1301 822 1385 miraculoso,
842 1302 903 1366 sed
925 1302 1112 1364 naturaliter
1132 1312 1164 1364 et
1186 1303 1382 1384 pbarrtmtioe,
1439 1383 1440 1388 ἵ

228 1415 310 1496 quia
324 1412 400 1475 dicit
414 1409 568 1490 magister
584 1407 757 1469 Heinricus
770 1406 810 1472 de
822 1395 953 1486 Hassia,
966 1405 1065 1468 frater
1084 1423 1158 1486 gen.
1174 1407 1317 1488 allegans
1330 1407 1382 1486 (b)
1439 1439 1440 1494 ι

222 1518 413 1598 magistrum
445 1511 615 1584 Nicolaum
643 1509 751 1591 0ram,
766 1510 979 1572 clarissimum
998 1509 1191 1572 naturalium
1222 1512 1384 1588 doctorem,
1439 1503 1440 1526 l

169 1625 172 1631 '
218 1611 310 1699 ¹qttod
321 1620 359 1678 'in
374 1616 430 1678 illo
443 1614 532 1688 biatu
543 1615 737 1708 Hyberniae'
745 1623 776 1676 et
793 1617 826 1675 in
839 1614 985 1710 pluribus
998 1614 1070 1676 aliis
1086 1622 1158 1676 suut
1176 1613 1385 1677 exhalationes

157 1777 160 1784 .
226 1712 478 1801 etinspissatus
497 1735 561 1796 aer,
580 1717 668 1779 unda
686 1718 846 1798 provenit,
867 1717 952 1798 quod
969 1720 1126 1780 intrantes
1146 1717 1344 1780 obdormiunt
1361 1725 1387 1778 et

173 1841 178 1849 ·
228 1825 271 1888 de
301 1820 500 1885 mirabilibus
532 1821 695 1883 somniant
727 1831 760 1885 ot
781 1822 950 1885 horribilia·
964 1820 1076 1882 vident
1107 1823 1151 1883 ita
1183 1820 1271 1883 clara
1299 1840 1337 1883 ac
1362 1821 1386 1882 si

223 1923 409 2010 vigilarent,
434 1933 467 1986 et
490 1932 598 1986 tumen
613 1923 772 1988 dormiunt
794 1935 826 1987 et
845 1942 947 2006 prava
962 1923 1173 2007 dispositione
1188 1925 1251 1987 loci
1271 1933 1302 1987 et
1322 1944 1387 1987 cor·

209 2032 315 2114 'rupti
336 2029 421 2092 aeris
442 2029 475 2092 in
492 2035 640 2109 iurgares
664 2031 834 2112 rapiuntur
855 2038 887 2092 et
900 2030 991 2110 prius
1006 2029 1080 2091 visa
1093 2030 1299 2092 conscribunt
1314 2040 1388 2092 tam·
1439 2019 1440 2044 ³

171 2125 175 2132 ’
228 2155 324 2220 quam
347 2131 502 2212 miracula
529 2139 562 2194 et
586 2132 721 2195 recitant
743 2141 905 2217 tamquam
937 2133 1098 2198 varaciter
1119 2133 1206 2196 fucta
1231 2143 1265 2196 st
1290 2143 1388 2196 tamen
1439 2169 1440 2238 t

193 2259 206 2276 ·
224 2241 329 2302 solum
341 2257 383 2300 ox
395 2235 642 2318 indispositioue
652 2237 784 2298 virtutis
797 2237 1023 2319 imaginativae
1038 2237 1086 2300 eis
1100 2238 1305 2317 contigerunt
1315 2247 1390 2298 tarn·

163 2353 166 2360 ’
225 2361 321 2437 quam
332 2341 582 2420 somniantibus,
594 2357 678 2422 quiae
688 2340 804 2402 etiam
795 2360 828 2402 ιιι
839 2341 1050 2426 vigilantibus
1062 2339 1276 2402 ostenduntur
1288 2359 1389 2423 saepe

309 2444 556 2530 consequenter
583 2443 624 2514 da
645 2443 765 2506 'l'bolas
785 2442 1013 2507 descendimus
1041 2452 1076 2506 et
1103 2443 1144 2506 ad
1167 2447 1392 2506 monasterium
1439 2479 1440 2530 4

224 2547 311 2610 alind
343 2549 507 2627 venimus,
537 2544 605 2627 jam
638 2546 767 2628 quidem
799 2539 950 2629 parvum,
979 2547 1053 2610 olim
1087 2547 1192 2609 antem
1225 2546 1394 2610 admodum

224 2666 385 2728 magnum,
402 2647 487 2729 qnod
510 2649 627 2714 dieitur
649 2649 690 2712 ad
711 2650 746 2712 S.
770 2648 921 2712 Cosmarn
944 2659 977 2712 et
997 2650 1198 2732 Daminnnm,
1220 2651 1286 2732 qni,
1309 2653 1396 2711 utin

223 2749 484 2831 eorumloganda
505 2753 651 2835 habetur,
668 2753 708 2816 de
730 2753 851 2815 Arabia
873 2755 940 2814 nati
962 2755 1101 2834 suerunt,
1118 2753 1158 2814 de
1179 2770 1244 2834 qua
1264 2755 1396 2835 regione

226 2855 322 2917 etiarn
348 2840 403 2915 alii
434 2854 621 2934 peritissimi
650 2855 767 2920 medici
796 2858 900 2923 exorti
932 2867 1017 2919 sunt.
1058 2855 1108 2919 0b
1140 2874 1236 2939 quam
1268 2874 1440 2920 eausam

175 2955 177 2960 ’
225 2958 324 3024 credo
347 2976 412 3022 eos·
426 2958 506 3020 hic
497 2977 531 3020 ιιι
547 2958 668 3022 Arabia
689 2960 809 3028 habere
829 2979 908 3042 praa
929 2960 1002 3022 aliis
1017 2961 1141 3022 sanetis
1162 2962 1398 3022 monasterium
1439 2947 1440 3028 l

224 3065 325 3129 Porro
347 3064 409 3126 hoc
430 3063 658 3124 monasterinm
688 3073 739 3128 est
759 3065 794 3126 in
823 3064 897 3127 loco
918 3072 1154 3144 constructum,
1176 3065 1231 3126 ubi
1261 3035 1440 3146 amplios

224 3185 320 3251 quam
342 3168 419 3229 xtll
439 3145 552 3230 millia
571 3165 734 3227 hominnm
757 3176 788 3229 et
804 3167 1001 3249 septingenti
1022 3169 1169 3249 percussi
1188 3175 1265 3229 sunt
1288 3167 1401 3244 sDeo,
1439 3139 1440 3268 l

225 3272 350 3354 absque
370 3271 439 3350 his,
461 3269 516 3351 qui
548 3269 711 3349 perierunt
732 3271 783 3330 in
796 3269 957 3333 seditione
979 3270 1085 3333 Corae
1113 3287 1185 3332 oum
1206 3270 1346 3334 llatlran
1373 3269 1440 3330 et

224 3374 375 3462 Abiram,
396 3382 431 3435 nt
459 3372 596 3435 babetur
612 3363 782 3435 Numeror.
804 3367 892 3436 XVI.
933 3377 971 3438 ln
991 3374 1054 3437 boc
1074 3374 1159 3436 enim
1181 3374 1253 3438 loco
1274 3374 1440 3456 dirupta
1439 3403 1440 3406 ι

104 3523 107 3530 .
188 3523 191 3530 .
223 3476 624 3565 est.terrasubpedibus
646 3475 871 3538 seditiosorum
895 3482 1099 3559 steperiens
1120 3495 1275 3542 ossuum
1302 3479 1404 3542 devo-

225 3580 310 3640 ravit
328 3579 403 3642 illos
426 3599 499 3644 eum
521 3578 737 3642 tabernaculis
752 3583 823 3642 suis
845 3591 881 3643 et·
900 3581 1135 3644 descendemnt
1155 3581 1222 3644 viri
1244 3583 1279 3644 in
1305 3582 1405 3646 inler-

184 3743 189 3752 ,
224 3697 319 3762 num3
350 3701 414 3766 qno
434 3683 520 3746 lacto
543 3702 619 3746 mox
640 3682 844 3770 complanata
866 3693 916 3746 ost
937 3693 1034 3766 terra,
1055 3703 1094 3748 uo
1125 3686 1154 3747 si
1180 3685 1264 3748 nibil
1292 3686 1407 3748 boran

227 3780 410 3864 accidisset,
432 3792 468 3847 ut
488 3784 585 3848 babet
612 3787 769 3868 magister
789 3787 822 3847 in
845 3785 985 3868 Speculo
1006 3789 1182 3870 historiali„
1204 3787 1289 3850 ldoo
1315 3789 1410 3870 hujus

224 3882 416 3966 diruptionis
443 3886 566 3950 nullum
598 3907 659 3951 nec
680 3891 855 3971 vestigium
886 3891 999 3954 videre
1029 3902 1226 3973 poteramus.
1271 3895 1322 3955 Ιιι
1354 3893 1413 3956 hm

201 3983 296 4053 'loco
317 4007 389 4052 cum
412 3999 549 4054 tremore
569 3993 720 4054 stetimus
749 3994 956 4057 seueritatem
990 4004 1023 4058 et
1050 3995 1251 4057 celeritatem
1272 3995 1415 4060 divino-
1439 4055 1440 4080 p

222 4109 293 4156 turn
311 4091 502 4174 judiciorum
525 4085 801 4175 expavescentes,
822 4097 877 4159 illi
891 4100 976 4175 mrim
1000 4108 1251 4162 murmuratores
1272 4103 1416 4164 stabnt

223 4194 265 4255 ad
285 4194 477 4260 seditionem
499 4197 723 4261 concitandam
745 4201 859 4280 parati,
873 4220 935 4264 uec
956 4203 1120 4284 timebant,
1134 4211 1167 4264 et
1187 4219 1288 4298 taceo1
1304 4207 1418 4268 subito

223 4303 310 4356 terra
332 4307 424 4376 rupta
446 4309 496 4360 ost
525 4302 585 4361 sub
613 4300 750 4382 pedibus
771 4319 898 4384 eorum;
920 4307 994 4386 quis
1025 4306 1089 4368 boc
1109 4303 1249 4368 audiens
1268 4325 1354 4372 non
1380 4307 1419 4368 ti·

225 4391 313 4450 meti
346 4384 459 4456 Simile
490 4398 628 4508 legimus
659 4405 836 4524 contigisse
867 4416 1011 4490 tompore
1045 4409 1131 4472 beati
1161 4407 1353 4476 Ambrosii
1391 4411 1419 4472 i!
