3014 4864
751 185 795 248 m
923 135 927 144 .

189 351 348 434 conversa
368 367 438 448 rhit,
459 373 496 428 ut
516 367 652 433 hahetrn
672 364 753 434 hue.
774 363 815 444 7.,
838 363 879 426 de
901 379 966 446 qua
987 364 1108 430 dietum
1129 377 1181 432 est
1201 368 1256 432 iel.
1282 370 1353 438 too.

188 472 229 535 A.
272 473 366 537 Haeo
399 479 507 534 antem
539 469 654 534 dicitnr
688 469 803 532 domus
825 467 967 533 Simonis
999 469 1135 554 leprosi,
1167 491 1232 536 non
1270 474 1355 558 qood

188 577 286 640 inerit
307 576 476 659 leprosus,
497 574 624 659 qnando
652 592 785 637 coenam
809 573 897 637 illam
918 574 1092 638 notabilem
1113 577 1159 642 ibi
1181 577 1273 662 feeit,
1295 577 1355 644 sed

187 684 278 766 prius
302 682 407 745 inerat
427 680 576 762 leprosus
597 688 629 742 et
651 697 670 742 a
695 678 832 746 Domino
854 677 1038 762 mundatus,
1054 688 1087 743 et
1108 699 1225 744 nomen
1247 692 1356 746 tamen

188 787 308 871 leprosi
327 786 479 850 retinnit.
522 785 560 846 ln
589 784 651 846 hoe
681 800 760 864 erge
802 781 873 847 leco
891 855 892 863 ἵ
913 785 1109 862 orationibus
1139 787 1353 870 praescriptis

187 893 329 974 peractis
358 889 576 970 indulgentias
600 889 783 972 recepimus
805 887 874 968 (†)·
920 925 922 933 ι

338 1125 397 1200 De
421 1123 574 1200 castello
601 1125 817 1218 Betlraniae‚
841 1131 879 1199 et
904 1127 987 1222 e'jus
1012 1123 1221 1227 descriptio.
1348 1147 1350 1152 ’

273 1307 434 1370 Bethania
454 1306 624 1370 castellnm
665 1307 796 1392 quando
828 1307 871 1369 sit
892 1314 1130 1390 constructum,
1165 1307 1220 1372 vel
1241 1325 1262 1371 a
1282 1323 1356 1391 quo,

179 1407 255 1477 'nin
276 1413 402 1493 inveni,
423 1429 489 1475 non
513 1413 610 1476 etiam
633 1413 665 1474 in
688 1421 756 1476 tota
777 1414 900 1476 veteris
922 1413 1107 1475 testamenti
1139 1413 1301 1496 scriptura
1321 1413 1357 1476 fit

189 1518 327 1598 mentio,
359 1517 423 1578 nisi
445 1516 529 1580 lorte
548 1519 608 1580 snb
641 1515 705 1579 alio
732 1517 879 1597 nomine,
913 1516 997 1600 quod
1019 1525 1126 1578 tamen
1148 1536 1212 1581 non
1235 1519 1356 1598 inveni,

190 1623 255 1684 nisi
287 1621 442 1684 Bahurim
485 1621 597 1704 fuerit,
642 1621 683 1684 de
715 1639 779 1704 qno
811 1622 960 1702 superius
994 1621 1056 1683 luit
1087 1623 1206 1684 mentio
1238 1607 1356 1684 hahita.

190 1725 315 1789 Omnes
336 1734 442 1788 autem
464 1725 698 1808 Evangelistae
719 1744 783 1788 non
809 1724 912 1788 solum
936 1726 977 1789 de
998 1726 1054 1788 illa
1082 1725 1244 1788 Bethania
1263 1742 1357 1786 men-

190 1832 328 1914 tionem,
351 1830 412 1893 sed
441 1831 538 1895 etiam
560 1829 601 1893 de
622 1848 678 1912 ea,
707 1839 862 1912 quaeest
883 1829 1189 1912 transderdanem,
1223 1829 1355 1892 faciunt.

192 1931 314 2018 Credo,
337 1953 456 1999 novum
479 1934 651 2000 castellum
674 1936 778 2006 inisse
799 1944 942 2018 ternpore
959 1935 1094 2000 Christi.
1135 1933 1263 1996 Ruinae
1285 1921 1366 2014 ejus¹
1494 2003 1495 2016 χ

152 2067 153 2070 “
187 2039 364 2102 ostendunt
400 2039 502 2102 tuisse
535 2041 689 2105 munitum
721 2049 755 2104 et
780 2037 973 2124 gloriosum,
1004 2042 1063 2105 sed
1096 2057 1161 2103 non
1193 2055 1354 2121 magnum.

190 2142 297 2208 Hodie
318 2153 368 2206 est
390 2143 469 2206 villa
491 2144 664 2229 populosa,
692 2147 732 2210 in,
749 2163 814 2228 qua
834 2147 981 2210 insidiosi
1003 2145 1177 2209 Sarraceni
1199 2150 1292 2223 suut3
1315 2138 1356 2202 ad

192 2257 331 2320 montem
354 2246 474 2310 Oliveti
509 2248 662 2312 adhaeret
684 2253 719 2313 in
739 2250 811 2330 ejus
839 2248 990 2312 orientali
1021 2259 1131 2330 parte,
1162 2265 1224 2310 nee
1245 2245 1288 2306 de
1317 2261 1357 2306 ea

192 2358 300 2432 petest
320 2350 423 2413 videri
433 2349 615 2416 Jerusalem
638 2356 756 2418 civitas
778 2363 908 2436 propter
930 2359 1069 2437 montem
1080 2350 1202 2412 oliveti
1223 2349 1358 2412 obstan-

190 2463 269 2535 tem,
286 2451 327 2514 ad
347 2453 433 2516 latus
455 2462 562 2517 tamen
584 2459 703 2530 montis
715 2457 836 2520 Oliveti
857 2475 915 2538 per
936 2453 1075 2518 medium
1093 2453 1164 2534 ejus
1186 2461 1218 2514 et
1238 2451 1358 2516 montis

194 2556 396 2620 ascensionis
418 2567 468 2620 est
493 2569 662 2641 respectus
684 2561 725 2623 ad
746 2559 866 2624 vallum
897 2557 1056 2622 Geheuna
1086 2565 1119 2620 et
1148 2556 1190 2620 ad
1218 2563 1356 2620 montem

198 2659 305 2744 Gyen.
347 2661 426 2723 Brat
447 2669 553 2724 autem
580 2664 739 2728 Bethania
764 2663 932 2728 castellnm
968 2661 1093 2726 Mariae
1100 2707 1109 2743 ,
1138 2661 1288 2724 Marthae
1323 2667 1358 2724 et
1392 2734 1396 2742 ¹

195 2765 329 2847 Lazari,
351 2774 387 2827 nt
407 2764 607 2833 dieitur-Ion
630 2771 701 2852 xl,
720 2777 754 2830 et
777 2766 875 2832 distet
897 2784 917 2829 a
937 2766 1118 2829 Jerusalem
1139 2767 1205 2829 XV
1230 2761 1357 2846 statilia,

195 2889 279 2952 qnae
300 2871 423 2934 iaciunt
443 2871 494 2934 lV
521 2873 668 2936 milliaria
700 2873 826 2954 italica,
857 2880 890 2933 et
910 2890 1007 2934 unum
1024 2891 1089 2934 non
1113 2889 1262 2954 magnum
1286 2870 1357 2932 ale-

194 2978 385 3040 mannicum.
426 2975 471 3036 nt
492 2974 533 3038 de
550 2976 607 3040 illo
628 2977 762 3042 castello
783 2975 922 3060 loquitur
942 2977 1075 3058 pulchre
1094 2975 1301 3041 Bernhardus
1322 2976 1357 3039 iu

193 3097 342 3146 sermone
365 3080 406 3143 ad
427 3079 549 3144 milites
570 3081 697 3166 templi,
719 3081 871 3164 eap.13.;
892 3084 944 3146 cui
965 3083 1082 3166 placet,
1102 3082 1211 3146 videat
1227 3079 1355 3144 ibidem.

255 3294 441 3372 Recessus
466 3301 736 3402 peregrinorum
758 3298 980 3378 aBethania
1004 3307 1129 3376 eontra
1152 3304 1308 3373 montem

696 3422 843 3498 oliveti.

276 3600 453 3683 Postquam
474 3599 570 3684 igitur
590 3603 624 3665 in
645 3603 804 3669 Bethania
825 3601 896 3667 loca
916 3609 1031 3666 saneta
1051 3600 1210 3684 vidimus,
1232 3602 1273 3666 ad
1293 3601 1356 3664 Je-

195 3704 334 3770 rusalem
356 3723 417 3768 uos
438 3706 664 3773 convertimus.
706 3706 961 3772 Licentiavimus
983 3716 1091 3772 autem
1118 3706 1274 3770 asinarias
1295 3725 1357 3769 no-

195 3818 295 3892 stros,
316 3818 351 3873 ut
372 3810 427 3872 via
448 3813 538 3896 regia
558 3820 592 3874 et
611 3812 832 3897 propinquiori
854 3810 994 3873 redirent
1016 3811 1050 3872 iu
1070 3809 1269 3893 Jemsalern,
1299 3829 1358 3894 per

195 3932 292 3998 quam
312 3917 436 3996 egressi
456 3915 636 3997 ineramus,
658 3923 696 3979 nt
717 3923 806 3998 patet
827 3914 881 3979 sol.
906 3915 967 3980 too
987 3915 1028 3978 A.
1060 3915 1131 3978 Nos
1153 3935 1231 3980 vero
1253 3916 1358 3980 redire

195 4017 439 4084 intendebamus
460 4039 518 4102 per
539 4020 629 4084 illam
661 4027 806 4082 sanctam
837 4019 922 4082 viam
946 4017 1139 4084 ambulando
1159 4039 1232 4088 cum
1254 4021 1357 4088 devo·

195 4123 282 4186 tione
302 4142 360 4206 per
380 4122 499 4206 pedes,
521 4143 580 4206 per
600 4140 695 4207 quam
717 4123 876 4186 Dominus
896 4123 999 4186 Jesus
1016 4123 1049 4185 in
1068 4123 1121 4186 die
1141 4125 1315 4207 palmarum
1338 4144 1358 4188 e

194 4226 353 4294 Bethania
373 4229 519 4292 venitin
540 4228 741 4307 Jerusalem,
764 4225 905 4292 sedendo
927 4229 960 4294 in
979 4231 1079 4292 asine.
1123 4229 1262 4298 Reversi
1280 4241 1358 4298 sunt
