2954 4914
751 260 813 327 lli

201 449 276 512 slve
304 463 362 529 pre
398 441 542 507 decimis.
586 440 640 506 Ad
657 441 858 515 ‚morderes
890 442 932 508 de
958 443 1102 508 Auathct
1131 452 1184 508 est
1215 445 1380 528 speciulis

202 550 389 636 prephetia,
417 557 453 611 nt
482 555 571 630 patet
592 546 713 610 Jerem.
736 565 764 610 e.
789 549 838 612 ll.
882 539 966 613 Cum
996 567 1075 633 ergo
1095 550 1239 614 Anathot
1264 551 1379 614 vidis-

189 643 314 721 semus
347 656 381 717 in
415 653 535 735 minis,
565 671 649 736 quus
678 661 785 717 tamen
814 654 872 717 vir
900 653 1142 738 deprehendere
1172 664 1377 739 poteramus,

202 763 327 829 reversi
358 777 471 826 sumus
498 761 533 822 iu
553 759 754 840 Jerusalem,
784 767 817 821 et
846 770 1050 844 perportant
1079 759 1114 824 S.
1137 759 1298 842 Stephani
1320 761 1376 820 in-

201 871 309 954 gressi
331 867 538 961 locosancto
557 883 616 947 per
636 865 802 928 civitatem
826 865 1055 930 deosculantes
1072 867 1106 930 in
1127 873 1267 928 montem
1278 862 1376 947 Syen

201 975 401 1040 devenimus.

284 1079 382 1142 Nona
415 1075 491 1156 die,
516 1092 601 1157 qnae
620 1083 690 1138 eret
724 1074 919 1144 sabbathum¹
939 1085 972 1138 et
997 1076 1111 1158 vigilia
1131 1074 1167 1137 S.
1189 1073 1375 1153 heurentii,

202 1181 298 1250 m'ane
328 1189 404 1245 ante
432 1185 537 1241 ertum
571 1178 653 1242 solis
691 1181 829 1242 transivi
862 1197 934 1244 cum
964 1181 1115 1244 tratribus
1136 1179 1307 1262 ,aliquibus
1339 1178 1375 1240 in

201 1290 320 1355 vallem
339 1283 500 1366 Jesaphat
539 1282 582 1346 ad
603 1282 775 1348 ecclesiam
801 1285 966 1368 sepulchri
988 1285 1195 1348 ecethsimee
1223 1283 1375 1364 Virginis

199 1395 334 1473 Mariae,
356 1397 388 1452 et
409 1390 454 1451 ibi
475 1385 584 1451 divim
605 1389 850 1452 celebravimus.
874 1388 970 1453 omni
992 1391 1077 1452 enim
1098 1387 1255 1452 sabbatho
1272 1387 1374 1450 mittit

200 1506 295 1582 peter
322 1492 507 1558 Gordianus
533 1492 659 1576 aliquos
686 1491 761 1556 illac
793 1493 835 1556 ed
857 1495 1101 1575 celebrandum,
1129 1502 1161 1556 et
1183 1493 1375 1574 frequenter

201 1603 317 1668 solitus
348 1599 394 1660 lui
425 1613 499 1659 enm
527 1597 577 1659 eis
605 1599 661 1659 ire.
696 1599 825 1662 -hlissis
853 1599 954 1664 linitis
991 1598 1198 1663 escendimus
1228 1604 1374 1658 mentem

203 1704 323 1772 oliveti
331 1751 341 1789 ,
374 1711 406 1767 et
427 1703 467 1764 eb
496 1701 561 1765 elia
592 1711 682 1785 parte
711 1703 940 1770 descendimus
961 1707 1006 1768 in·
1027 1705 1233 1784 hetheniem,
1266 1701 1373 1763 stibi

202 1815 286 1879 visis
308 1820 340 1875 et
369 1806 566 1873 deosculatis
597 1807 678 1870 loeis
707 1811 832 1871 sanctis
862 1811 988 1872 reversi
1018 1825 1132 1871 snmus
1164 1809 1198 1870 in
1229 1813 1372 1868 mentem

202 1917 312 2003 Syen,
331 1935 395 1999 qno
418 1929 491 1976 cnm
511 1914 736 1995 venissemus,
763 1897 946 1978 invenimus
968 1930 1082 1976 ornnes
1104 1912 1251 1976 dominos
1272 1926 1372 1991 pere-

201 2025 314 2108 grines
335 2023 369 2084 in
398 2017 594 2084 monasterie
622 2026 854 2101 congregares,
889 2019 944 2102 qui
965 2037 1017 2080 me
1049 2015 1295 2099 exspectabant,
1329 2011 1371 2074 ed

202 2128 343 2195 dandum
364 2143 522 2207 response
537 2123 666 2186 cuidem
678 2123 891 2206 Mamalnece,
905 2124 959 2207 qni
977 2123 1039 2184 sibi
1056 2137 1167 2185 omnes
1180 2119 1371 2201 peregrines

200 2233 401 2319 praesentari
433 2228 613 2309 mandevit,
644 2236 680 2290 nt
712 2245 786 2290 enm
814 2229 862 2290 eis
891 2228 1054 2290 conterret
1085 2227 1127 2290 de
1158 2225 1256 2299 certis
1288 2221 1368 2299 (B).

201 2339 353 2401 Auditum
374 2334 458 2396 enim
481 2332 585 2393 fuerat
607 2332 640 2392 in
661 2336 751 2395 curia
772 2332 892 2396 domini
918 2331 1052 2394 Seldani
1074 2332 1108 2394 in
1118 2329 1259 2412 Chuyre,
1283 2324 1369 2409 qued

200 2439 363 2526 peregrini
385 2435 562 2499 Christiani
593 2433 634 2497 de
658 2436 827 2500 occidente
848 2439 1080 2518 viripotentes
1103 2443 1136 2496 at
1162 2434 1288 2497 nobiles
1311 2449 1370 2492 es-

202 2553 278 2610 sent
299 2545 332 2606 in
353 2539 554 2621 Jerusalem,
583 2549 615 2602 et
635 2538 708 2603 idee
727 2542 813 2604 hunc
834 2541 1090 2623 hlemaluecum,
1111 2540 1367 2604 christianornm

202 2645 524 2712 'l’rntschelmunnnm
539 2644 573 2705 in
588 2643 728 2728 Chayre,
742 2647 828 2708 misit
841 2646 882 2709 de
895 2648 1049 2730 Aegypte
1066 2646 1108 2708 ad
1126 2641 1369 2727 explorandum,

202 2755 259 2839 qui
282 2768 429 2815 essemus
459 2757 491 2812 et
512 2745 598 2812 uude
618 2752 841 2833 venissemus,
875 2760 910 2814 οι
929 2755 962 2813 in
981 2752 1166 2816 commissis
1189 2747 1318 2828 hebuit,
1339 2747 1369 2806 si

204 2859 254 2924 dev
273 2877 373 2943 regno
401 2855 559 2920 Francius
590 2873 755 2934 essemus,
786 2855 872 2939 qued
901 2856 1047 2938 captives
1076 2871 1136 2918 nes
1167 2852 1301 2914 duceret
1336 2851 1369 2912 in

204 2960 385 3046 Chuyrum3
408 2980 492 3046 quoe
508 2980 626 3025 carrera
648 2962 734 3024 illius
756 2961 864 3043 luerit,
885 2962 1008 3043 ignore.
1033 2959 1101 3023 Sed
1123 2978 1194 3021 cnm
1222 2954 1371 3018 eSabs-

203 3069 376 3152 thytence,
398 3077 508 3132 nestro
530 3063 836 3148 'l'rntschelmenne,
851 3064 1042 3147 audivisset,
1064 3063 1149 3147 qued
1171 3063 1212 3124 de
1233 3061 1370 3123 Francia

203 3192 268 3236 nen
289 3191 454 3255 essemus,
476 3175 565 3236 venit
587 3192 659 3236 eum
681 3193 721 3236 ee
742 3176 776 3234 in
798 3180 937 3235 montem
955 3169 1056 3252 Syen,
1079 3177 1113 3230 et
1137 3167 1209 3230 sisti
1224 3183 1284 3228 nes
1308 3165 1370 3228 sibi

205 3276 386 3356 mondavit,
422 3277 622 3356 pacificeque
644 3293 704 3337 nes
725 3277 879 3338 salutavit
900 3276 1011 3338 verbis
1038 3275 1149 3336 latinis
1171 3281 1203 3334 et
1232 3269 1369 3334 italicis:

205 3387 239 3440 et
259 3381 305 3460 si,
333 3379 452 3461 inquit,
486 3378 595 3464 placet
624 3380 737 3458 vebis,
767 3378 976 3442 descendatis
998 3397 1123 3442 mecum
1153 3376 1206 3439 die
1226 3376 1371 3438 crastina

91 3477 100 3490 ⁸
204 3484 238 3546 in
259 3484 446 3564 Aegyptum
467 3483 521 3543 vie
540 3485 639 3562 regie,
660 3490 692 3544 et
710 3484 744 3543 in
765 3481 876 3546 decem
899 3483 1013 3548 diebus
1034 3485 1153 3547 snmus
1173 3483 1208 3544 in
1229 3480 1370 3563 cheyro,

206 3595 239 3650 et
266 3585 341 3648 inde
362 3585 576 3648 transmittere
597 3601 659 3646 ves
689 3603 762 3650 cnm
793 3586 887 3652 salve
908 3589 1069 3652 cendnetu
1100 3591 1134 3652 in
1154 3587 1308 3649 Arabiam
1328 3583 1371 3648 ad
1460 3607 1462 3640 t

207 3701 345 3754 mentem
368 3689 527 3772 Synai,e
557 3709 621 3773 que
644 3693 767 3754 reversi
788 3692 828 3754 ad
851 3712 903 3755 me
923 3695 956 3755 in
979 3693 1073 3758 deme
1096 3712 1168 3756 mea
1189 3691 1370 3772 manebitis,

206 3795 356 3879 quamdin
382 3794 560 3858 volueritis.
604 3780 666 3858 His
693 3797 801 3860 verbis
824 3806 858 3859 et
890 3798 962 3862 aliis
984 3800 1076 3863 benis
1106 3796 1370 3882 premissienihns

205 3907 331 3964 tantum
352 3918 413 3963 nos
434 3902 550 3984 mevit,
572 3899 657 3984 qued
677 3903 806 3965 omnine
828 3920 900 3966 cnm
922 3923 961 3967 ee
983 3905 1246 3983 recessissemus,
1267 3900 1297 3962 si
1317 3916 1370 3962 res

206 4014 239 4068 et
259 4007 392 4088 negotia
422 4015 533 4092 uetsre
554 4007 694 4072 inissent
714 4007 896 4092 aliqualiter
917 4007 1091 4092 dispositu,
1121 4008 1156 4072 iu
1176 4006 1264 4070 nulle
1286 4005 1370 4068 enim

205 4109 312 4174 adhue
332 4109 573 4194 dispositionem
596 4114 778 4177 leceramus
800 4113 1019 4179 necessarium
1041 4112 1084 4176 ad
1104 4113 1167 4176 hee
1187 4113 1258 4174 iter.
1284 4107 1370 4175 Gru-

205 4220 271 4282 ties
291 4225 398 4282 autem
424 4216 552 4300 egimus
573 4217 643 4280 vire
665 4217 707 4280 de
727 4233 790 4281 sna
810 4218 953 4300 benigna
975 4219 1190 4300 exhibitione,
1218 4225 1250 4277 et
1272 4231 1369 4298 rega-

204 4323 311 4396 vimus
340 4343 430 4407 arsur,
460 4332 621 4407 quatenus
644 4341 716 4386 cum
746 4325 819 4385 Dee
853 4325 971 4387 comite
1003 4323 1045 4386 de
1077 4331 1186 4385 mente
1213 4319 1317 4402 Synel
1338 4321 1370 4382 in
