2896 4872
206 421 243 476 et
263 407 457 476 mone
472 405 537 470 sibl
551 403 674 468 bestias
695 405 875 487 eleffl’ssent
891 413 924 466 et
941 403 1097 467 tumultus
1122 412 1301 485 cessaset,
1323 403 1383 466 des-

208 514 321 594 cendi,
343 521 376 576 et
397 511 523 574 asinnm
544 517 690 592 spretum
714 511 788 572 sine
807 509 1047 572 examinatione
1067 508 1158 590 elegi
1183 528 1336 591 eumque
1355 506 1382 568 ad

170 603 180 620 '
207 617 405 700 singularem
431 614 479 692 (8
496 616 543 696 a)
572 615 678 678 locum
706 613 784 678 duxi
813 623 847 676 et
867 615 987 696 aptavi.
1030 614 1181 676 Asinarii
1203 621 1322 674 autem
1341 629 1383 671 ar-

208 730 378 786 cnrrentes
401 719 547 784 ridebant
568 728 601 782 et
618 720 802 782 clamabant
823 728 895 802 eta
919 737 972 780 me
990 718 1148 808 pecunias¹
1167 717 1382 799 postulabant

208 827 310 890 Porro
341 843 404 906 ego
433 843 499 888 non
523 824 685 900 intellexi,
707 823 787 907 quid
807 823 883 886 mibi
905 823 1064 902 dicerent,
1085 822 1149 884 sed
1175 821 1222 882 de
1246 820 1382 904 postola-

211 933 302 996 tione
335 929 535 992 denariorum
568 929 652 990 male
677 935 850 991 contentus
875 929 1020 1009 stabam,
1050 929 1128 1008 qnia
1157 943 1187 987 a
1208 926 1315 996 ,nulle
1335 923 1382 984 alio

213 1035 458 1118 postulaverant
488 1051 556 1096 aes.
597 1036 760 1115 interpres
792 1040 899 1094 antem
925 1041 1037 1095 noster
1057 1030 1138 1093 dixit
1171 1031 1283 1111 mibi,
1313 1025 1381 1112 qnod

210 1140 364 1222 optimum
384 1141 511 1202 asinum
525 1137 609 1199 inter
626 1155 738 1200 omnes
749 1136 920 1217 elegissem
941 1146 974 1199 et
992 1135 1065 1198 ideo
1082 1134 1302 1216 postularent
1322 1151 1382 1194 cnr·

212 1245 327 1310 tnsias.
365 1243 440 1304 Hoc
467 1250 503 1304 nt
531 1240 657 1321 andivi,
689 1242 808 1324 protuli
828 1242 879 1303 tv
908 1239 1052 1302 madinos
1083 1247 1117 1300 et
1145 1237 1229 1300 dedi
1263 1241 1331 1320 eis,
1356 1243 1380 1295 et

213 1347 260 1410 fni
279 1365 339 1428 per
359 1354 459 1408 totum
480 1347 544 1408 iter
564 1347 715 1426 provisus
742 1365 815 1408 cnm
845 1345 1054 1408 securissima
1078 1343 1190 1404 bestia
1224 1352 1263 1404 et
1286 1343 1380 1403 inlati-

212 1449 314 1532 gabili
339 1456 374 1512 et
393 1450 465 1512 sine
490 1451 576 1512 omni
597 1451 694 1532 vitio;
716 1463 888 1534 numquam
910 1465 1035 1512 mecum
1057 1445 1191 1528 cecidit,
1214 1463 1379 1530 numquam

212 1553 372 1637 tardavit,
407 1572 579 1638 numquam
601 1555 793 1638 trepidavit,
825 1573 887 1616 nec
907 1553 1085 1635 percussit,
1115 1571 1182 1613 nec
1208 1551 1379 1628 momordit,

133 1665 136 1670 '
211 1657 272 1722 sed
301 1659 373 1722 siue
405 1659 626 1722 stimulatione
659 1659 903 1741 infatigabiliter
933 1657 1093 1740 processit
1126 1665 1161 1718 ct
1197 1657 1378 1718 antecessit.

210 1763 303 1826 Dixit
325 1763 401 1826 mihi
422 1765 598 1846 asinarius,
621 1763 696 1826 dnm
717 1763 947 1844 interrogarem
974 1781 1061 1838 enm,
1091 1779 1157 1842 quo
1180 1763 1299 1842 pretio
1323 1779 1379 1822 enm

212 1866 314 1928 vellet
341 1866 502 1949 vendere,
535 1868 621 1950 quod
652 1858 716 1930 non
742 1867 827 1930 inira
846 1867 880 1928 X
901 1867 1036 1930 ducatos
1056 1868 1229 1946 acciperet
1251 1885 1314 1948 pro
1334 1866 1378 1926 bo-

210 1969 274 2032 stia
303 1970 371 2041 illa.
411 1971 548 2054 Semper
581 1972 678 2034 babai
709 1973 868 2034 fortunam
896 1973 931 2032 in
959 1979 1095 2053 utraque
1120 1972 1378 2052 peregrinatione

210 2075 245 2138 in
276 2075 425 2160 eligendo
454 2078 593 2159 bestias,
623 2086 660 2140 ut
690 2084 779 2158 patet
808 2077 903 2138 etiam
935 2093 1035 2157 snpra
1059 2083 1152 2157 parte
1184 2077 1214 2135 Ι.
1249 2075 1309 2138 iel.
1337 2074 1377 2136 bil

211 2177 361 2257 Quantos
381 2183 508 2246 labores
529 2189 562 2242 et
583 2180 703 2262 fatigas
721 2199 761 2242 ae
778 2180 921 2261 pericula
941 2181 1123 2243 sustineant
1136 2177 1193 2241 -illi
1211 2179 1377 2262 peregrini,

211 2286 268 2366 qui
299 2288 488 2369 insecutas,
522 2287 633 2368 pigras
663 2293 697 2348 et
724 2287 828 2348 malas
856 2287 978 2347 bestias
1008 2284 1152 2366 eligunt,
1182 2286 1251 2346 vix
1283 2293 1377 2367 potest

212 2391 382 2452 conscribi.
426 2394 527 2474 Igitur
558 2410 632 2453 oum
666 2390 782 2453 cameli
812 2399 925 2452 essettt
952 2390 1074 2451 onerati
1103 2398 1136 2450 et
1170 2390 1263 2451 asini
1298 2387 1378 2452 electi

211 2494 316 2574 strati,
348 2497 554 2560 transivimus
585 2495 627 2558 ad
659 2495 830 2558 ecclesiam
859 2494 952 2576 Syon
974 2503 1006 2554 et
1035 2511 1055 2556 a
1081 2495 1272 2558 venerabili
1304 2503 1379 2577 patre

214 2596 375 2660 Gardiano
408 2601 525 2662 montis
551 2599 643 2682 Syon
665 2597 921 2660 benedictionem
943 2598 1160 2660 itinerantium
1184 2603 1379 2682 accepimus,

213 2702 269 2784 qui
291 2703 510 2785 complectens
530 2704 677 2788 singulos
708 2701 874 2766 benedixit
902 2711 934 2764 ct
957 2703 1067 2766 osculo
1088 2703 1165 2764 dato
1188 2725 1207 2764 a
1232 2721 1275 2766 se
1297 2705 1379 2766 dimi·

213 2810 268 2872 sil.
310 2808 382 2892 lige
404 2817 511 2872 tamen
537 2790 610 2871 cnm
633 2807 744 2890 majori
765 2809 939 2890 gratiarnm
962 2810 1132 2872 actiones
1151 2823 1216 2870 sua
1242 2809 1379 2890 paterni-

213 2922 282 2978 tate
299 2922 331 2976 et
352 2933 373 2978 a
393 2921 461 2978 toto
483 2915 802 2996 conventu-recessi,
824 2915 900 2994 quia
922 2913 1043 2995 majora
1064 2913 1226 2976 beneficia
1248 2931 1380 2994 accepe-

213 3038 282 3082 ram
304 3021 345 3086 ab
367 3022 434 3102 eis,
462 3027 501 3081 et
521 3019 621 3082 valde'
639 3019 868 3107 benefeceram
889 3018 985 3102 mitri,
1010 3018 1095 3081 sicut
1120 3025 1211 3101 patet
1235 3018 1337 3082 Parte
1357 3018 1377 3078 l.

214 3124 269 3189 iol.
291 3126 334 3190 bs
357 3125 397 3194 A.
418 3133 452 3188 et
471 3124 525 3188 iol.
546 3125 608 3186 221
631 3124 672 3184 Α.
1059 3115 1061 3120 ’

297 3232 434 3310 Egressi
465 3247 542 3311 ergo
573 3226 776 3291 deecclesia
803 3226 895 3310 syon
922 3225 964 3288 ad
998 3223 1111 3317 asinps'
1142 3223 1379 3302 descendimus,

213 3333 330 3415 quibus
351 3335 500 3405 ascensis
518 3332 660 3394 camelos
681 3333 895 3415 procedentes
916 3332 1154 3394 securisumus
1178 3337 1279 3391 extra
1302 3332 1378 3392 civi·

153 3465 166 3478 ·
214 3444 331 3521 tatem3
359 3457 423 3501 non
444 3447 551 3502 antem
571 3442 645 3502 sine
665 3439 773 3501 cordis
795 3438 939 3520 tristitia,
971 3453 1033 3498 nec
1053 3437 1124 3498 sine
1145 3435 1293 3497 lacrimis
1317 3435 1378 3494 exi·

212 3542 319 3606 vimus
341 3541 383 3604 de
402 3542 606 3606 desiderabili
623 3545 757 3607 civitate
778 3542 981 3623 Jerusalem,
996 3539 1069 3604 ‘sed
1091 3557 1162 3601 cnm
1184 3538 1379 3620 singultibus

212 3656 245 3710 et
276 3649 413 3712 fletibus.
455 3649 527 3732 Ego
555 3668 613 3733 pro
640 3655 734 3730 parte
760 3665 834 3710 mea
861 3661 1034 3728 numquam
1062 3646 1095 3706 in
1123 3646 1185 3707 boe
1206 3643 1330 3705 mundo
1350 3644 1376 3702 in

184 3808 189 3822 ,
212 3751 320 3835 aliquo
342 3753 414 3817 loco
435 3754 585 3818 libentius
611 3755 667 3836 fni,
690 3771 786 3835 qnam
806 3753 839 3814 in
860 3750 1055 3832 Jerusalem,
1074 3758 1108 3811 ct
1124 3746 1376 3830 jucundissimas

212 3857 283 3920 dies
305 3866 339 3920 et
359 3859 458 3920 boras
478 3860 522 3920 ibi
545 3859 650 3920 habui.
694 3842 737 3920 Ut
759 3867 864 3920 antem
886 3856 928 3920 de
957 3863 1067 3918 monte
1092 3853 1182 3936 Syon
1198 3851 1377 3913 descendi·

213 3979 297 4043 mus,
320 3972 525 4028 occurrerunt
547 3963 640 4025 nobis
658 3960 1072 4042 juvenesSarracenornm,
1092 3959 1150 4020 lilii
1171 3955 1323 4038 etpneri,
1348 3965 1375 4017 et

211 4067 444 4130 tribulaverunt
465 4081 543 4144 nos,
576 4074 611 4126 et
631 4067 829 4128 conabantur
851 4082 950 4128 onera
971 4063 1164 4127 camelorum
1186 4059 1328 4142 dejicere
1347 4071 1373 4122 et

213 4183 340 4245 rapere,
370 4185 451 4246 quos
480 4166 630 4228 ductores
656 4169 758 4228 nostri
784 4168 842 4230 vix
871 4169 1024 4230 valebant
1053 4167 1210 4248 repellere
1231 4183 1251 4224 a
1272 4166 1370 4232 nobis.

213 4263 349 4338 Interea,
368 4274 539 4344 antequam
561 4267 602 4325 de
623 4275 731 4328 monte
752 4267 832 4332 Sion
853 4269 1138 4338 descendissemus
1159 4269 1265 4349 plene,
1294 4271 1372 4350 rupit
