2896 4872
200 415 343 482 eivimtis
363 419 460 477 nocte
481 412 572 475 missi
597 409 738 474 suntad
761 409 979 493 explorandas
1001 411 1210 498 custodias,
1237 415 1317 497 qui
1351 435 1406 496 pre

200 523 280 583 tecti
307 519 422 601 clipeis
453 515 495 580 ad
525 525 650 600 portam
681 525 900 580 accesserunt.
952 516 1037 580 Cum
1070 528 1193 582 autem
1241 522 1403 582 nemine:

200 627 287 689 circa
307 631 433 708 portam
455 639 516 684 nec
537 639 636 702 supra
650 621 816 703 viderent,
836 624 997 710 appositis
1018 621 1061 685 ad
1081 644 1228 686 murum
1249 625 1371 686 scalis
1386 643 1402 681 r

200 729 369 793 advocatis
396 727 497 790 sociis
528 745 653 789 murum
685 726 882 809 ascendunt,
923 746 985 809 quo
1019 729 1109 790 iacto
1145 725 1256 786 intra
1305 725 1400 786 urber

201 831 439 896 descendentes
459 839 586 916 portam
608 842 801 913 aperuerunt
833 840 933 918 atque
960 831 1173 894 intromissis·
1201 829 1329 890 sociis
1359 845 1398 888 or·

201 945 369 1002 curreutes
392 936 591 1000 Sarracenos
612 936 774 1018 occidunt,
806 936 1001 1019 adquorum
1028 933 1218 996 tumultum
1260 933 1395 1013 reliquus

203 1045 363 1108 excitatus
385 1044 549 1104 exercitus
570 1041 673 1122 raptis
694 1042 791 1102 armis
804 1041 927 1123 absque
943 1056 1052 1121 pogna
1074 1047 1107 1100 et
1120 1038 1390 1101 Christianoruu

203 1146 319 1211 damno
339 1149 373 1210 in
395 1145 498 1208 oculis
519 1144 653 1208 Soldani
674 1146 836 1207 ciuitatem
859 1152 1024 1226 oeperunt.
1064 1141 1179 1225 Capta
1206 1150 1276 1204 est
1301 1151 1388 1203 auten

203 1270 287 1315 anuo
308 1251 440 1314 Domini
465 1251 548 1314 tatu
569 1267 673 1312 nouas
695 1250 901 1312 Novembris.
946 1247 1110 1310 soldanus
1128 1253 1263 1309 autem
1289 1243 1385 1308 videm

203 1355 313 1418 urbem
336 1363 525 1436 occupatam
547 1373 567 1416 a
589 1353 800 1437 Christianis,
823 1363 1003 1416 concussus
1033 1361 1160 1414 terrore
1189 1363 1319 1414 castra
1343 1367 1384 1410 sn

204 1459 382 1520 combussit
404 1468 437 1520 et
461 1460 607 1521 recessit.
653 1456 848 1520 Christianis
864 1466 969 1519 autern
979 1456 1166 1538 Damiatam
1191 1457 1383 1520 intrantibus

203 1563 342 1624 occurrit
363 1562 573 1625 intolerabilis
596 1562 700 1626 loetor
722 1581 764 1624 ex
797 1562 1010 1624 cadaveribus
1038 1570 1253 1624 mortuorum
1267 1551 1296 1644 ,'
1319 1578 1383 1643 quar

204 1683 287 1749 prae
302 1665 502 1729 multitudine
521 1665 593 1749 (B)
613 1667 742 1749 sepeliri
763 1685 828 1730 non
849 1673 1007 1750 poterant.
1051 1667 1133 1727 Erat
1156 1675 1287 1732 antem
1311 1665 1382 1746 aspi-

205 1787 280 1832 cere
301 1771 498 1854 miserabile,
521 1773 667 1834 homines
689 1770 814 1834 scilicet
835 1781 867 1834 et
889 1771 1041 1833 mulieres
1062 1777 1096 1831 et
1122 1772 1302 1852 parvulos
1322 1787 1381 1851 praa

206 1874 293 1938 lame
318 1875 461 1953 tabidos,
485 1877 602 1959 quibus
625 1886 657 1938 ct
680 1876 794 1940 domus
816 1885 848 1938 et
877 1876 1005 1958 plateae
1025 1874 1145 1956 plenae
1173 1885 1301 1958 erant,
1323 1892 1379 1936 nan

205 1997 266 2042 nco
282 1989 424 2046 mortuos
438 1982 508 2043 vivi
520 1980 659 2063 sepelire
675 1985 833 2062 poterant,
851 1981 911 2042 sed
927 1981 1043 2042 mortui
1064 1981 1162 2040 vivos
1177 1997 1249 2042 suo
1272 1981 1378 2042 foetore

206 2085 404 2148 occidebant
447 2087 567 2148 Mortui
592 2093 697 2148 autem
727 2091 805 2146 sunt
832 2086 1021 2147 incivitate
1047 2083 1130 2144 iufra
1151 2085 1224 2146 XX
1249 2101 1376 2162 meuses,

206 2190 323 2269 qrribos
351 2189 468 2251 civitas
496 2189 557 2252 tuit
590 2190 742 2272 obsessa,
775 2200 842 2252 tum
872 2190 958 2251 fame
987 2195 1053 2250 tum
1080 2175 1279 2268 pestilentia
1307 2189 1375 2250 oltra

205 2291 300 2354 LXX
328 2293 427 2354 millia
457 2311 663 2374 paganorum.
706 2293 840 2376 Reperti
870 2301 946 2356 sunt
972 2300 1079 2353 autern
1107 2292 1140 2352 in
1175 2293 1316 2356 civitate
1343 2289 1372 2352 ad

206 2394 269 2456 tria
300 2395 399 2457 millia
427 2405 640 2478 armatorum,
673 2399 853 2481 exquibus
875 2397 1127 2480 quadringentos
1148 2397 1328 2458 nobiliores
1347 2403 1371 2454 et

207 2496 343 2560 ditiores
364 2501 533 2583 utriusque
555 2519 656 2565 sexus
677 2520 736 2584 pro
759 2501 955 2564 redemtione
976 2501 1175 2582 captivorum
1200 2509 1369 2563 nostrorum

153 2667 156 2678 ¹
206 2600 290 2661 inter
311 2599 510 2666 Sarracenos
531 2607 653 2668 servati
674 2613 759 2666 sunt.
797 2605 865 2668 Alii
878 2605 1072 2668 Christianis
1094 2603 1231 2686 venditi,
1255 2602 1368 2686 paruuli

207 2713 314 2768 autem
336 2707 507 2791 baptizati,
533 2727 638 2791 pauca
659 2718 767 2770 autem
784 2709 943 2775 victualia·
959 2717 1035 2772 snut
1055 2710 1089 2771 in
1110 2708 1246 2770 civitate
1268 2727 1366 2790 reper-

206 2819 257 2894 ta,
290 2810 348 2874 sed
376 2831 488 2876 aurum
510 2823 544 2876 et
564 2821 746 2895 argentum,
769 2813 894 2897 lapides
918 2813 1066 2897 pretiosi,
1089 2814 1188 2894 panni
1219 2814 1307 2874 aurei
1337 2817 1364 2871 et

206 2916 303 2978 serici
335 2924 368 2977 et
394 2917 478 2979 aliae
505 2917 638 2980 divitiae
659 2917 818 3000 infinitae,
852 2936 935 3000 quae
963 2917 1070 2980 omnia
1090 2917 1151 2978 sub
1173 2918 1363 2979 anathemate

207 3021 340 3084 terribili
352 3022 391 3084 ad
406 3022 544 3085 medium
564 3032 639 3085 sunt
657 3021 776 3106 delata,
800 3031 899 3106 atque
911 3042 970 3106 per
984 3021 1192 3083 ministerium
1205 3022 1360 3101 proborum

206 3126 347 3188 ,virorum
369 3129 460 3190 inter.
473 3129 649 3189 exercitum
671 3133 749 3188 surrt
771 3125 895 3209 divisa,
918 3126 999 3188 adeo
1021 3124 1215 3208 aequaliter,
1242 3133 1279 3187 ut
1299 3145 1360 3187 om·

207 3245 277 3308 nes,
299 3231 396 3291 etiam
412 3231 629 3312 mulierculae,
651 3249 810 3312 pauperes
832 3239 865 3293 et
885 3231 976 3314 pueri
989 3231 1030 3292 de
1052 3230 1102 3291 eis
1124 3229 1295 3292 secundum
1313 3250 1357 3292 ra-

207 3337 271 3391 tam
291 3333 562 3415 participaverint.
864 3393 868 3402 .

290 3433 433 3499 Subacta
454 3442 585 3505 ciuitate
606 3449 639 3503 et
660 3438 805 3502 ordinata
821 3437 916 3502 aliam
934 3439 1112 3521 civitatem,
1130 3439 1275 3521 Theonis,
1296 3440 1354 3502 lor-

206 3538 366 3603 tissimum
387 3556 551 3629 ceperunt,
574 3547 650 3629 quia
670 3563 741 3608 eam
762 3542 905 3606 totaliter
925 3562 1061 3607 vacuam
1083 3551 1271 3625 repererunt.

291 3644 389 3709 Anno
400 3647 529 3712 Domini
552 3652 645 3718 teat.
666 3647 972 3712 suadentediaboto
994 3649 1253 3730 iuterPelagium
1270 3647 1351 3730 lega-

206 3758 272 3812 tum
295 3761 327 3814 et
346 3752 528 3814 Johanucm
550 3771 660 3835 regem
680 3753 864 3816 Jerusalem
899 3754 1011 3835 gravis
1050 3754 1260 3816 controversla
1290 3761 1349 3814 orta

206 3863 265 3916 est.
307 3855 393 3919 Nam
420 3858 548 3939 legatus
571 3857 677 3921 elatus
709 3859 829 3938 iactos,
861 3860 913 3918 sui
934 3859 1107 3922 clericatus
1127 3856 1258 3920 ordinem
1275 3857 1348 3919 obli·

206 3961 338 4024 viscens
359 3963 583 4024 universorum
604 3964 801 4026 exercituum
823 3963 1002 4045 usurpabat
1021 3962 1194 4026 dominium
1210 3970 1240 4023 et
1256 3960 1346 4024 ballo-

196 4083 274 4138 ¹rum
297 4063 528 4129 ordinationem
557 4065 697 4128 iaciebat
730 4077 763 4130 et
779 4065 973 4148 captionem
1000 4066 1170 4129 Damiotae
1194 4065 1268 4128 mbis
1292 4065 1344 4128 sibi

206 4169 344 4232 adscribi
366 4169 550 4233 etvottribui
570 4168 711 4236 volebat.
753 4167 827 4236 Rex
848 4177 956 4232 autem
989 4171 1155 4256 indiguum
1174 4171 1294 4252 putabat,
1311 4179 1341 4232 ut

206 4269 239 4329 iu
260 4271 331 4351 ejus
353 4273 520 4352 proviricia
540 4271 697 4336 militares
716 4276 1038 4359 respersuccrdotes
1057 4276 1337 4352 administrarentur,
