2948 4876
187 439 220 494 et
248 429 339 492 Deus
371 427 471 492 totius
500 424 747 510 consolationis,
780 428 837 509 qui
864 427 899 490 iu
924 427 991 491 me
1018 425 1245 500 mnofflma
1286 437 1414 492 nocte

186 535 339 618 templum
360 543 468 614 tuum,
499 532 587 615 quod
608 538 662 611 est
683 532 715 594 iu
737 531 940 610 Jerusalem,
958 532 1094 595 coelesti
1114 533 1193 614 igue
1214 531 1410 596 illustras

186 640 228 706 ad
250 649 374 702 tuorum
396 635 539 724 fidelium
560 636 832 719 consolationem,
861 636 908 700 ad
933 637 1139 698 harbarorum
1160 641 1407 701 conversio-

186 765 270 826 nem,
291 743 333 806 ad
354 753 429 808 tuae
450 742 692 812 misericordiae
714 723 945 826 esicusianem,
968 742 1106 823 illustra,
1126 760 1285 825 quaeso,
1316 745 1407 806 Do-

187 852 289 933 mim,
311 849 474 924 lucernam
497 867 611 930 meam,
634 855 668 909 et
690 848 898 914 tenebrosum
925 848 1117 911 domicilium
1139 846 1255 910 cellae
1286 868 1403 910 meae

188 957 332 1037 illumina
364 963 426 1020 etc.
449 945 454 956 “
479 950 653 1034 Quumque
692 950 814 1014 diutins
849 962 992 1036 orasset,
1036 968 1110 1014 cum
1143 969 1285 1034 magna
1327 971 1401 1038 spe

187 1061 329 1125 accessit
355 1059 472 1123 levans
498 1056 701 1140 operculum,
731 1057 792 1124 sed
818 1058 1000 1142 lampadem
1025 1063 1199 1120 accensam
1224 1077 1310 1119 non
1335 1059 1394 1120 in-

189 1170 288 1233 osuit.
331 1169 523 1229 strumum
553 1161 793 1226 adorationem
821 1162 1045 1246 lachrimosam
1067 1179 1105 1224 se
1126 1161 1294 1243 eontulit,
1323 1181 1390 1225 nec

189 1275 300 1358 Quem
326 1271 455 1353 reperit.
499 1269 610 1333 'l'ertia
642 1276 750 1332 autem
776 1269 852 1334 vice
878 1287 951 1331 eum
983 1272 1126 1347 orasset,
1156 1271 1325 1330 accessit
1354 1280 1389 1332 et

159 1451 163 1460 Ι
190 1380 327 1444 disiecto
353 1372 511 1457 operculo
553 1373 735 1455 lampadem
769 1373 857 1436 clare
894 1372 1007 1440 ardere
1044 1370 1148 1452 vidit,
1182 1390 1386 1436 accensum

190 1481 303 1546 eodem
334 1479 452 1543 decoro
474 1481 568 1561 igne,
591 1498 654 1562 qno
676 1478 842 1561 lampades
862 1480 896 1540 in
919 1477 1039 1560 templo
1064 1476 1218 1538 dominici
1251 1479 1385 1560 sepul-

191 1588 261 1652 chri
281 1583 417 1648 accendi
437 1583 585 1645 solebant
604 1586 639 1645 in
658 1585 853 1654 Jerusalem.

272 1692 374 1754 Porro
408 1707 493 1751 anuo
526 1688 655 1752 Domini
687 1688 901 1752 CCCXXllI.
934 1696 1060 1752 mortuo
1089 1685 1252 1748 Maximis
1277 1687 1382 1770 cpis-

192 1815 274 1881 copo
295 1795 589 1878 ierosolymorum,
620 1794 734 1857 Ariani
765 1794 936 1856 ecelesiam
960 1793 1031 1854 =Dei
1052 1809 1110 1874 per
1130 1791 1242 1853 orbem
1282 1793 1379 1853 inie-

192 1913 281 1968 stare
311 1909 505 1983 coeperunt,
542 1909 575 1962 et
603 1901 743 1982 ingressi
770 1900 1007 1984 Jerosolymam
1035 1897 1187 1979 templum
1209 1896 1376 1960 dominici
1430 1917 1431 1954 t

193 2007 358 2092 sepulchri
378 2007 412 2069 iu
434 2025 526 2068 suam
550 2007 725 2088 potentiam
747 2013 930 2086 traxerunt,
955 2002 1140 2065 Conradnm
1171 2002 1373 2084 episcopum

192 2114 469 2198 Jerosolymorum
492 2110 650 2175 catholice
672 2119 704 2172 et
726 2110 786 2172 rite
810 2109 991 2172 ordinatum
1019 2105 1247 2190 degradatum,
1271 2126 1371 2170 cum-

194 2238 258 2303 que
290 2218 555 2282 archidiaconum
600 2217 834 2278 constituerent
879 2215 993 2297 sicque
1031 2221 1149 2275 statum
1198 2213 1368 2290 ecclesiae

192 2324 361 2386 Romanae
383 2323 428 2384 ihi
451 2329 621 2405 mutarent,
644 2321 788 2404 pluribus
805 2322 900 2382 anuis
922 2329 1067 2394 ranetam
1089 2317 1176 2377 illam
1199 2313 1365 2399 Golgata-

193 2446 267 2490 uam
301 2427 471 2488 ecclesiam
503 2436 670 2510 rexerunt,
703 2444 773 2489 eam
807 2443 867 2487 sua
897 2425 1032 2507 pertidia
1057 2422 1250 2490 inlicientes.
1293 2422 1362 2484 lllis

194 2541 301 2595 autem
333 2531 548 2613 temporibus,
581 2533 698 2614 quibus
733 2533 847 2594 Ariani
880 2531 1035 2592 haeretici
1068 2519 1225 2608 templrim
1254 2530 1360 2590 sancti

194 2635 359 2716 sepulchri
378 2632 612 2717 possederunt,
633 2639 794 2700 celebrata
817 2636 876 2698 luit
898 2633 1053 2717 Synodus
1074 2631 1234 2694 Nicaeua.
1278 2631 1359 2696 Post

195 2758 292 2825 quam
303 2739 535 2818 Constantinus
557 2742 649 2803 verrit
679 2743 917 2823 Jerosolymam
950 2747 983 2800 et
1004 2739 1038 2800 iu
1059 2745 1184 2799 tantum
1217 2736 1355 2800 auditum

194 2848 341 2930 praebuit
363 2831 512 2929 Arianis,
542 2855 578 2908 ut
598 2865 776 2928 persuasus
802 2849 842 2908 ab
866 2848 914 2908 eis
937 2841 1154 2906 descenderet
1181 2840 1221 2903 ad
1239 2841 1356 2905 Jorda-

195 2967 270 3012 nem
298 2959 332 3014 et
360 2952 479 3015 iterato
500 2953 659 3035 baptisma
685 2949 843 3034 reciperet
870 2952 909 3012 ab
941 2949 1091 3030 Arianis,
1124 2964 1163 3009 ac
1185 2947 1213 3008 si
1234 2949 1354 3027 baptis-

197 3073 269 3118 mus
291 3055 326 3118 S.
349 3056 514 3140 sylvestri
541 3057 694 3120 inefficax
725 3064 822 3122 esset.
864 3057 937 3118 Hoc
959 3055 1118 3136 reperitur
1139 3054 1287 3135 scriptum
1313 3053 1352 3116 de

198 3158 423 3232 Constantino.
466 3161 534 3225 Sed
561 3181 622 3246 ego
644 3162 772 3224 omuino
795 3161 891 3230 cretio
914 3175 989 3221 esse
1012 3157 1185 3220 confictum
1207 3157 1245 3218 ab
1261 3156 1351 3220 dria-

197 3265 267 3343 nls,
292 3273 327 3324 ut
348 3273 473 3343 partem
494 3284 585 3329 suam
607 3269 689 3329 tanti
708 3268 912 3348 imperatoris
935 3263 1069 3325 iufamia
1089 3262 1269 3331 solidarent.
1307 3263 1347 3323 st

198 3367 304 3448 potuit
326 3384 410 3451 esse,
433 3380 472 3433 ut*
489 3371 700 3434 descenderet
722 3388 794 3431 cum
815 3371 903 3432 clero
925 3377 957 3431 et
977 3367 1095 3451 populo
1120 3365 1161 3428 ad
1187 3365 1345 3429 Jordanem

200 3476 234 3532 ct
255 3478 385 3552 propter
413 3474 617 3540 devotionem
648 3477 811 3539 lavaretur
831 3478 865 3537 iu
887 3494 944 3556 eo,
976 3476 1062 3536 siout
1081 3489 1210 3553 semper
1239 3471 1344 3532 iaciunt

199 3576 376 3658 peregrini,
407 3588 440 3641 et
468 3599 510 3644 ex
531 3581 593 3644 hoe
621 3589 814 3663 acceperuut
843 3580 957 3643 Ariani
988 3577 1194 3640 occasionem
1223 3573 1340 3655 dicendi,

200 3683 425 3765 imperatorem
448 3703 525 3748 csse
544 3687 788 3769 rebaptizatum.
826 3683 987 3762 Quamdiu
1010 3690 1120 3744 aulem
1142 3681 1251 3743 Ariani
1268 3679 1341 3742 illam

200 3787 371 3851 ecclesiam
403 3799 577 3873 rexerunt,
610 3809 782 3874 numquam
816 3789 911 3852 datus
941 3798 992 3851 cst
1025 3786 1177 3850 coelestis
1209 3785 1283 3868 iguis
1305 3782 1340 3846 ad

200 3891 367 3973 paschalia
401 3893 538 3979 lumina,
581 3899 666 3960 sicut
698 3895 758 3958 sub
793 3891 971 3956 Catholicis
1005 3893 1075 3954 deri
1109 3890 1240 3953 solebat
1281 3891 1341 3951 lloc

200 4001 297 4060 mam
319 4006 407 4060 certo
428 4003 647 4081 experimento
666 4001 802 4063 habetur
823 4005 1034 4081 compertum,
1057 3995 1159 4079 qarod,
1182 3993 1294 4079 quaudo
1311 3997 1339 4056 ln

200 4119 331 4165 romana
366 4100 559 4164 occidentali
596 4104 736 4166 eeclesia
765 4111 840 4165 suut
875 4104 1039 4165 scissurae
1071 4111 1105 4164 et
1136 4101 1337 4184 discessiones,

200 4205 286 4287 qood
308 4223 438 4287 semper
458 4206 663 4289 sepulchrum
689 4208 817 4270 Domini
850 4206 991 4296 ablatum
1023 4215 1074 4270 est
1108 4205 1287 4286 Catholicis,
1311 4213 1336 4266 et

199 4307 253 4368 vel
291 4311 479 4393 haereticis,
521 4310 575 4372 vel
608 4312 839 4393 schismaticis,
878 4312 931 4372 vel
978 4311 1168 4375 Sarracenis
1205 4309 1334 4374 traditum.
