2926 5050
598 381 600 390 ’
685 352 731 426 *r

109 541 149 594 et
171 531 324 601 dontibus
346 531 499 599 coru'oem
522 530 696 612 deponunt,
720 541 751 594 et
773 533 898 598 rlnloeur
924 546 1057 598 succum
1074 535 1293 603 commuteris

109 639 205 727 inter
225 654 263 700 se
283 644 398 717 perant
429 643 461 696 et
483 633 687 705 manducent.
729 635 862 702 licitis
906 657 964 718 prn
986 637 1178 707 deductione
1207 648 1292 706 tent-e

110 742 210 824 poris
231 759 331 822 saepe
351 738 563 822 manducavi,
586 757 648 810 nec
669 731 835 814 saturatus
867 741 923 804 fni.
974 743 1017 805 nt
1045 744 1201 826 possibile
1229 752 1292 826 est,

111 845 216 916 etiarn
239 843 274 908 S.
297 843 478 906 Johunnem
507 843 622 908 dehis
644 861 780 906 snccnm
803 847 943 912 suxisse.

10 937 12 948 ⁴
203 949 266 1010 Per
294 947 356 1010 hoc
387 966 465 1031 ergo
492 947 599 1010 suncti
626 947 786 1012 iohannis
816 945 1072 1014 decertumcurn
1101 950 1289 1038 festinantia

113 1053 336 1133 ascendimus,
365 1060 482 1114 etcum
504 1052 598 1134 quusi
621 1071 798 1134 perunum
821 1051 956 1116 milliare
971 1054 1187 1135 vertissemue,
1210 1073 1289 1120 ecce

11 1209 12 1232 ,
114 1157 242 1219 clamor
263 1166 295 1218 et
310 1155 469 1218 ululatus
492 1156 591 1218 oritur
617 1157 703 1220 inter
730 1156 882 1220 mulieres
903 1158 1011 1220 socies
1038 1167 1169 1223 nostres
1192 1177 1289 1238 pere-

11 1315 14 1333 ,
114 1263 241 1342 grines,
264 1270 295 1322 et
318 1268 405 1322 totns
427 1261 588 1323 exercitus
616 1260 769 1324 turbetur.
813 1258 938 1322 Solitee
964 1262 1051 1327 enirn
1072 1271 1163 1329 erum
1192 1259 1319 1343 velue·

11 1345 12 1352 ἵ
115 1367 229 1446 quiete
251 1373 282 1426 et
306 1363 424 1426 devote
452 1382 491 1426 ec
517 1365 651 1426 silenter
672 1364 846 1445 procedere
866 1383 938 1428 curn
971 1367 1130 1455 patientie
1159 1384 1290 1448 magne,

117 1476 154 1528 et
186 1467 340 1528 tumultus
368 1486 477 1532 eorum
509 1477 577 1530 erat
608 1464 755 1530 omnibus
787 1470 920 1550 stupori.
976 1469 1098 1532 Omnes
1132 1487 1212 1554 ergo
1246 1469 1287 1531 ad

116 1571 285 1653 plorantes
307 1571 543 1656 festinavimus,
570 1574 768 1656 inquirentes
795 1573 835 1632 de
868 1591 968 1636 cense
994 1575 1126 1650 lementi
1166 1590 1286 1640 earnm.

11 1679 13 1690 “
115 1675 279 1740 Dicebant
309 1683 434 1756 autem,
470 1675 554 1759 quo'd
576 1695 642 1740 uno
669 1677 710 1740 de
741 1678 893 1740 sociabus
926 1696 1053 1759 eorum,
1084 1679 1234 1759 quaesite
1253 1680 1288 1738 in

117 1781 274 1860 exercitu,
296 1780 434 1842 inveniri
453 1799 518 1842 non
539 1787 664 1862 posset,
688 1781 783 1862 cujus
797 1781 1006 1862 perditionem
1025 1783 1287 1864 lamentarentur,

117 1891 154 1948 et
174 1883 528 1965 deprecamurque,
550 1894 587 1949 ut
601 1885 857 1954 ¹subsisteremus
881 1893 915 1950 et
936 1879 1148 1968 procedentes
1171 1885 1288 1949 Serre-

117 2005 231 2070 cenos,
253 1989 308 2068 qui
330 1987 427 2050 valde
449 1988 653 2070 festinabant,
675 2008 739 2055 uon
759 2007 987 2070 sequeremur,
1010 2007 1180 2072 quousque
1199 1991 1289 2054 socie

19 2092 21 2096 ’
117 2093 252 2158 invente
274 2101 372 2155 esset.
416 2091 473 2156 Sic
495 2111 572 2174 ergo
588 2094 768 2158 rnnrrsimns
795 2113 868 2159 cnm
890 2094 1080 2159 dominabus
1113 2094 1195 2174 illis,
1228 2111 1289 2160 noc

117 2193 270 2278 progredi
292 2195 499 2278 volebamus,
531 2199 683 2278 quemvis
705 2197 876 2260 Serreceni
898 2197 1007 2273 multis
1030 2198 1223 2270 clarnorilrus
1255 2205 1289 2260 et

117 2300 215 2362 rninis
234 2317 294 2362 nos
317 2305 473 2362 vocarent
494 2298 536 2360 ed
549 2318 764 2382 progressum.
810 2300 894 2365 Cum
915 2318 992 2382 ergo
1008 2300 1287 2384 vinisserrt„quo‹t

118 2421 178 2467 eos
202 2405 296 2486 sequi
316 2423 380 2464 non
401 2403 571 2486 vellemus,
594 2403 758 2470 redieruut
780 2403 821 2466 ed
843 2423 923 2485 nos,
960 2405 1132 2471 clauditis
1155 2407 1287 2488 qnaeri-

118 2509 245 2572 moniis
263 2508 371 2572 multis
410 2511 519 2572 stetim
545 2511 704 2575 miserunt
736 2510 861 2592 aliquos
894 2508 935 2570 de
966 2511 1036 2576 suis
1070 2510 1286 2590 velocissimis

117 2617 210 2696 equis
253 2622 286 2676 et
324 2614 467 2676 cumeis
502 2613 629 2696 aliquos
658 2615 850 2698 peregrinos
877 2614 1047 2697 robustos,
1080 2625 1114 2680 nt
1142 2615 1284 2692 vetulum

118 2723 320 2799 quaererent.
376 2714 439 2792 Qui
462 2716 573 2798 rapido
594 2736 693 2782 cursu
713 2738 771 2800 per
790 2721 877 2786 viem
898 2719 1082 2785 solitudinis
1105 2719 1287 2799 descende-

10 2835 12 2848 *
118 2829 192 2884 runt
223 2819 265 2884 ed
285 2820 476 2903 Jordenern3
512 2822 678 2888 timuimus
710 2823 815 2905 euin,
852 2823 936 2906 quod
972 2825 1055 2886 forte
1089 2825 1123 2887 in
1144 2823 1289 2888 Jordeuc

119 2923 288 2986 submersu
307 2925 439 3004 fuisset,
463 2933 519 2992 ent
540 2945 582 2988 err
603 2925 712 2990 inedie
732 2926 888 2996 deficiens
910 2929 944 2988 in
965 2927 1139 2995 solitudine
1153 2927 1286 3016 jaceret,

119 3025 173 3090 vel
194 3026 277 3089 forte
298 3028 365 3092 luto
393 3027 487 3108 juxte
507 3029 625 3106 flumen
652 3027 752 3092 infixa
777 3032 867 3094 exire
888 3049 951 3092 non
975 3039 1105 3112 poeeet,
1126 3040 1182 3094 eut
1204 3031 1286 3099 forte

120 3129 159 3194 ab
189 3129 296 3212 aliquo
328 3130 508 3220 Serreceno
541 3133 698 3214 oppressu
737 3142 825 3198 esset
857 3141 913 3197 eut
947 3131 1084 3213 spoliata
1126 3144 1181 3202 eut
1209 3132 1283 3216 (n)

119 3241 230 3316 reple,
261 3243 294 3298 et
315 3243 475 3301 commotu
505 3243 582 3303 sunt
613 3236 742 3303 viscere
761 3239 1011 3318 peregrinorum
1051 3255 1287 3320 superserere

119 3356 238 3418 eorum,
262 3339 412 3420 quemvis
434 3338 534 3422 aliqui
554 3339 675 3405 milites
698 3338 795 3406 rudes
818 3347 851 3402 et
873 3339 1285 3424 crudelesrnurmnreropt,

119 3427 356 3525 quodpropter
384 3460 481 3508 unam
505 3444 647 3511 vetulam
669 3453 756 3511 totns
786 3446 951 3513 exereitus
975 3447 1224 3530 inquietaretur,
1254 3457 1288 3510 et

117 3548 146 3610 si
167 3549 242 3630 quis
263 3555 398 3614 secutus
419 3547 536 3612 fnisset
557 3567 667 3621 eorum
689 3549 869 3631 consilium,
889 3549 1039 3636 vetulum¹
1054 3544 1142 3617 illurn
1157 3549 1285 3612 omnino

117 3649 352 3722 dimisissemun
373 3654 406 3717 iu
429 3653 621 3735 perditione.
662 3654 706 3718 tit
726 3654 760 3719 in
775 3655 844 3728 ‚hoc
873 3654 1071 3726 crudeliores
1086 3636 1285 3737 (Serrncenis

121 3753 266 3838 lucrtmt,
297 3758 353 3838 qui
374 3759 461 3824 anxii
501 3757 749 3840 deperditione
777 3757 921 3822 mulieris
948 3759 1107 3823 timebunt
1136 3775 1214 3823 eum·
1245 3757 1285 3820 ob

10 3945 11 3960 χ
119 3858 227 3942 ulique
246 3860 358 3929 Arene
379 3862 634 3928 curtilludnnno
656 3869 786 3944 pastore
807 3861 978 3944 solitatem,
999 3863 1053 3932 vel
1076 3880 1096 3924 e
1116 3861 1210 3926 leone
1230 3860 1285 3924 vel

121 3964 159 4026 nh
188 3963 253 4028 ulie
273 3965 378 4032 bestie
398 3966 584 4035 devorolem
613 3973 646 4026 et
669 3968 838 4048 ‚petionter
859 3967 1025 4034 uobiscum
1054 3965 1287 4049 exspectabunt

10 4067 11 4074 ’
121 4067 153 4130 in
174 4068 417 4139 ferventissimo
436 4072 545 4139 colore
570 4069 660 4134 solis.
704 4069 827 4134 Verum
849 4079 940 4144 ector
958 4070 1083 4140 illuemn
1105 4085 1287 4135 murmura.-

122 4179 234 4255 ternm,
254 4176 311 4255 qui
331 4189 468 4254 pervum
488 4173 680 4245 aestimabat
701 4172 851 4238 damnum
871 4173 1083 4262 perditiutepp,
1100 4173 1232 4238 vetulae
1254 4181 1287 4234 et

123 4275 205 4338 ferte
224 4281 367 4359 eptnbet,
381 4277 421 4346 ,in
442 4294 556 4345 munus
567 4275 689 4344 ,inuidit
710 4277 911 4359 vetularum,
935 4285 967 4343 et
988 4294 1070 4358 qnos
1092 4283 1169 4338 ente
1189 4295 1285 4357 spre-

121 4389 220 4460 verat,
241 4397 315 4446 curn
338 4379 478 4444 lucrinis
505 4382 680 4452 exerebat.
712 4381 764 4446 De
789 4379 940 4480 hispide
967 4379 1145 4531 ΐοΙ.41*2Β.
1173 4383 1207 4442 et
1230 4378 1284 4442 tol
