2948 4876
750 237 813 302 iffi

204 423 288 506 alba,
308 423 410 486 ultera
430 417 546 501 blavia,
568 419 664 484 tertia
684 417 782 502 gilbs
827 417 898 480 llas
927 434 1062 501 meppas
1096 415 1138 481 ad
1166 417 1281 481 omnia
1305 417 1383 482 loca

205 528 334 612 portavi
355 534 388 588 et
409 537 509 606 scope
541 542 598 587 eas
617 541 716 606 super
742 521 939 588 dominicum
965 521 1173 606 sepulchrum
1196 523 1382 606 explicavi,

206 641 238 696 ct
260 649 358 714 super
378 649 488 710 rupem
510 630 617 693 crucis
637 637 673 692 et
695 646 794 710 super
814 627 1020 710 sepulchrum
1042 628 1156 691 beatae
1165 628 1326 711 Virginis
1348 639 1382 692 et

199 755 304 820 snper
323 753 482 820 praesepe
503 735 642 818 Domini,
665 742 698 796 et
715 739 855 816 coetera,
876 741 912 796 ut
933 751 976 794 ex
1003 742 1155 796 contactu
1184 742 1380 798 sanctornm

205 843 348 908 locomm
368 842 550 904 sanctiores
572 848 604 902 et
626 857 685 921 per
707 839 913 920 consequens
934 836 1077 900 cariores
1096 837 1263 917 (fierent).

1439 888 1444 996 j

271 1085 467 1172 Generalis
491 1083 736 1186 peregrinatio
765 1093 804 1159 et
827 1081 951 1158 ultima
972 1107 1040 1185 per
1064 1085 1148 1160 loca
1172 1093 1320 1159 saneto.

291 1269 458 1332 Vicesima
490 1267 584 1328 tertio
607 1263 660 1328 (lie
680 1284 775 1327 mane
797 1274 873 1327 onte
895 1265 998 1328 lucem
1022 1273 1245 1330 convenerunt
1261 1283 1379 1329 omnes
1444 1281 1445 1290 ¹

209 1375 381 1460 peregrini,
404 1380 497 1454 prout
518 1372 580 1434 sibi
603 1369 823 1453 condixerant,
849 1372 884 1431 in
912 1373 1026 1433 atrium
1054 1372 1215 1434 ecclesiae
1258 1371 1297 1434 S.
1321 1389 1380 1434 se-
1444 1439 1445 1444 χ

208 1479 333 1563 pulchri
355 1476 395 1540 ed
417 1475 597 1538 faciendam
619 1494 717 1538 unum
749 1475 933 1557 generalem
966 1484 998 1537 et
1030 1474 1174 1539 ultimum
1203 1477 1379 1539 circuitum
1444 1473 1445 1518 ἓ

209 1603 268 1667 per
299 1581 405 1644 omnia
436 1579 653 1643 locosancto
680 1582 714 1640 in
735 1579 919 1642 Jerusalem
947 1589 980 1642 et
1011 1600 1069 1664 per
1101 1581 1172 1662 ejus
1193 1581 1398 1664 circuitum„

197 1669 267 1752 ¹Sic
299 1705 377 1770 ergo
410 1703 483 1748 cum
511 1683 637 1766 magnis
665 1685 828 1747 laboribus
860 1693 937 1746 unte
968 1683 1135 1767 prandium
1165 1681 1377 1749 visitavimus
1445 1660 1446 1752 Ῐ

209 1794 281 1882 luca
303 1801 420 1858 sancte
441 1792 474 1854 iu
496 1791 628 1853 civitate
646 1791 686 1852 'et
708 1791 740 1852 in
762 1788 849 1850 valle
868 1789 1028 1871 Josephat
1059 1799 1099 1852 et·
1112 1791 1146 1852 in
1167 1798 1281 1851 monte
1304 1789 1377 1853 oti-

209 1902 287 1984 veti,
310 1904 384 1982 post
405 1895 572 1979 prandium
583 1913 662 1958 vero
676 1894 917 1957 circumivimus
929 1894 1125 1957 loca-soncta
1140 1893 1236 1958 vallis
1252 1893 1376 1977 Silone,

211 2007 331 2072 montis
343 2001 440 2086 Gyen
463 2009 494 2062 et
516 1999 737 2083 morrtisSyon
758 1997 909 2080 superius
930 2007 963 2060 et
980 1997 1140 2062 inferius·
1168 1998 1376 2062 Cum-antem

212 2130 285 2177 sero
318 2119 407 2174 esset
429 2107 560 2186 lactum,
598 2105 775 2168 intromissi
810 2121 923 2166 sumus
952 2104 988 2166 in
1005 2104 1194 2166 'ecclesiam
1222 2101 1376 2166 dominici

210 2216 374 2298 sepulchri
396 2222 428 2274 et
446 2211 541 2293 juxte
562 2229 680 2272 morem
704 2203 968 2292 perlooasinoto
981 2211 1219 2290 processionem
1237 2208 1375 2270 fecimus

212 2330 244 2382 et
262 2319 359 2402 juxta
380 2322 620 2403 monumentum
641 2313 771 2376 Domini
791 2311 1002 2396 vigilavimus
1023 2314 1079 2390 illa
1099 2307 1196 2377 nocte
1216 2321 1279 2375 etc.

213 2535 273 2608 De
298 2541 407 2605 sexte
433 2541 472 2604 et
494 2532 618 2605 ultime
641 2533 808 2632 ingressu
839 2542 878 2609 et
900 2531 1175 2636 pemoetutiene
1207 2523 1381 2607 domitrici

214 2650 397 2756 sepulchri
433 2649 469 2723 in
492 2652 691 2746 Anastasi,
724 2655 748 2734 i.
779 2678 811 2730 e.
837 2654 874 2727 in
908 2653 1068 2730 ecclesia
1098 2653 1374 2728 resurrectionis

714 2773 870 2850 Domini.

292 2943 366 3027 [B]
375 2942 436 3005 Die
446 2937 568 3003 XXIV.
580 2953 719 3024 vespere
732 2941 939 3025 praecedenti
947 2940 1061 3004 iterum
1071 2938 1250 3022 peregrinis
1258 2948 1376 3021 peteu-

213 3053 300 3114 tibus
321 3048 495 3114 intromissi
517 3065 630 3110 sumus
651 3048 684 3109 in
705 3047 877 3109 ecclesiam
899 3045 1146 3108 resurrectionis
1174 3028 1304 3108 Domini
1343 3053 1376 3108 et

210 3167 285 3219 'cum
315 3155 427 3235 majori
460 3152 635 3216 devotione
666 3161 698 3215 et
730 3152 912 3234 frequentia
944 3149 1000 3211 ille
1031 3158 1126 3212 nome
1157 3150 1229 3212 loca
1260 3158 1376 3212 sancta

214 3259 435 3335 visitavimus,
468 3273 563 3336 quam
586 3257 657 3320 eliis
679 3259 807 3320 vicibus
830 3257 1024 3337 leceramus,
1047 3265 1177 3336 propter
1195 3255 1374 3316 'instantem

215 3370 358 3423 nostrum
382 3376 545 3426 recessum
568 3369 602 3421 et
623 3362 858 3443 separationem
880 3361 920 3422 ab
942 3361 1000 3422 eis.
1044 3358 1127 3422 Cum
1150 3366 1255 3422 autem
1274 3356 1376 3420 illux-

215 3467 298 3528 isset
314 3463 514 3548 rlies‚,quae
535 3473 605 3528 erat
626 3465 784 3528 dominica
804 3467 892 3528 Xlll.
915 3473 988 3546 post
1010 3464 1174 3528 Trinitatis
1202 3471 1234 3526 et
1256 3463 1373 3524 festum

216 3567 250 3634 S.
268 3569 502 3633 Bartholomeei
524 3570 669 3652 aposloli,
693 3571 895 3638 cerrtevimus
914 3567 1067 3630 Officium
1077 3567 1203 3630 Missae
1214 3569 1247 3630 in
1270 3566 1374 3630 (lomi-

216 3676 291 3739 nieo
311 3675 494 3757 sepulchro,
516 3673 683 3738 ordinatus
705 3682 811 3738 autem
824 3693 885 3757 ego
908 3675 953 3736 lui
966 3672 1007 3736 ad
1017 3673 1155 3736 Missam
1172 3668 1372 3735 cantandam.

215 3779 348 3843 Stabant
385 3798 462 3863 ergo
495 3783 598 3844 saeris
629 3779 760 3844 indutus
787 3782 821 3841 irt
853 3778 1005 3844 dominici
1036 3776 1202 3868 sepulchri
1232 3777 1374 3839 interiori

214 3899 316 3967 specu
348 3884 389 3954 ael
415 3887 556 3949 tumbam
579 3886 832 3967 sanctissimam,
859 3899 943 3968 quae
965 3903 1023 3968 pro
1045 3883 1139 3945 ultori
1161 3891 1274 3966 parata
1294 3891 1372 3964 erat,

217 3999 250 4058 et
269 3990 304 4056 in
322 3988 427 4071 jubila
448 3989 515 4054 olto
536 4009 619 4054 voce
632 3992 811 4067 cantabam,
834 3999 865 4052 et
889 3989 1079 4054 Conventus
1103 4007 1174 4052 cum
1198 3986 1375 4070 peregrinis

216 4095 347 4156 stabant
379 4102 470 4155 entre
503 4101 537 4154 et
568 4094 644 4156 mihi
687 4095 930 4178 respondebant.
985 4091 1068 4157 Cum
1099 4093 1226 4177 ingenti
1258 4089 1373 4174 gaudio

218 4198 370 4262 officium
393 4199 458 4258 hoe
481 4199 627 4277 mrrtavi,
655 4209 688 4260 et
708 4199 879 4265 videbator
899 4200 995 4283 mihi,
1028 4197 1114 4283 quod
1134 4215 1250 4262 vocem
1273 4197 1373 4278 magis

218 4303 394 4369 deremet
423 4300 610 4366 altissimum
639 4303 808 4382 haberem,
841 4307 936 4387 qbem
969 4303 1059 4374 alies.
1110 4303 1186 4366 Non
1219 4301 1372 4367 modicum
