2926 5050
673 374 743 450 fia?

129 555 310 620 descendet
342 563 375 618 et
404 572 495 618 arma
521 557 587 618 ista
607 559 788 619 reassumet
815 553 887 638 (B)
918 561 953 615 et
972 567 1044 618 cum
1077 551 1117 616 iis
1137 547 1304 614 donomi-

129 669 218 723 stum
238 660 435 744 expugnabit
457 668 491 720 et
512 659 687 723 daemones
709 659 876 742 effugabit.
920 657 1000 720 Post
1011 658 1094 721 haee
1106 643 1306 737 interrogavi

129 783 208 827 eum
230 764 271 826 de
292 765 473 847 quantitate
491 773 523 826 et
546 764 703 847 qualitate
721 763 856 826 istorum
878 779 1045 825 armorum.
1087 757 1151 837 om
1167 759 1208 826 etl
1232 759 1303 822 sin-

129 869 211 950 gule
232 869 397 952 eleganter
413 867 595 950 respondit,
631 877 665 932 et
687 865 787 930 multa
809 865 885 929 mihi
907 865 1008 947 dixit,
1041 883 1125 948 quae
1152 864 1301 928 monachi

24 1031 25 1056 ,
130 973 177 1034 ibi
203 974 330 1055 publice
360 971 551 1054 praedicant
582 971 667 1035 satia
685 989 823 1048 errorem
846 969 1055 1052 implicantia.
1090 969 1162 1050 Ego
1196 977 1303 1033 autam

130 1076 242 1140 multis
263 1079 373 1141 verbis
404 1079 511 1140 virum
532 1075 718 1157 informavi,
748 1073 834 1156 quod
856 1073 891 1136 S.
913 1072 1057 1136 Michael
1076 1072 1110 1134 in
1130 1089 1301 1154 expugna-

130 1175 220 1238 tione
240 1175 390 1242 draconis
412 1198 474 1244 neo
496 1189 590 1244 scuto
613 1169 675 1243 nec
695 1176 805 1261 gladio
826 1178 984 1261 corporali
998 1176 1147 1259 indiguit,
1169 1183 1201 1238 et
1215 1175 1301 1258 quod
1438 1204 1439 1212 ι

129 1281 270 1343 avaritia
291 1284 519 1346 monachorum
539 1283 664 1346 illorum
686 1281 842 1347 mendose
862 1283 919 1346 illa
938 1281 1116 1362 confinxit,
1139 1288 1184 1342 ct·
1203 1288 1301 1362 arma,

128 1384 252 1465 quibus
274 1383 310 1446 S.
332 1386 475 1450 Michael
493 1388 660 1470 pugnavit,
682 1403 856 1469 numquam
877 1385 1041 1468 deposuit,
1068 1402 1129 1447 nec
1149 1393 1299 1467 pugnare

130 1485 304 1568 aliquando
327 1493 479 1554 cessavit.
523 1491 614 1554 Siout
636 1492 720 1554 enim
741 1491 775 1554 in
795 1490 887 1553 coelo
908 1498 1019 1552 contra
1039 1487 1144 1552 malos
1165 1487 1300 1570 angelos

127 1592 283 1672 proelium
301 1595 418 1676 gessit,
439 1595 489 1658 sie
509 1595 543 1658 iu
563 1597 666 1659 veteri
684 1601 880 1658 testamento
896 1595 1049 1678 princeps
1067 1591 1175 1676 populi
1195 1592 1299 1656 lsrael
1358 1579 1367 1590 '

129 1695 194 1756 fuit
216 1705 248 1759 ot
266 1717 324 1779 pro
356 1697 404 1760 cis
422 1699 590 1782 pugnavit,
611 1709 647 1762 ut
669 1708 758 1783 patet
779 1699 905 1764 Josuae
926 1697 967 1761 V.
1021 1699 1060 1760 ln
1085 1715 1171 1762 novo
1199 1699 1297 1758 etiarn

26 1876 28 1887 1
127 1800 336 1867 'testamento
364 1820 494 1885 semper
524 1821 581 1886 pro
603 1803 801 1866 Christianis
822 1811 954 1886 pugnet,
982 1810 1018 1864 ut
1037 1809 1128 1884 patet
1149 1800 1231 1862 Dan.
1253 1803 1296 1864 X.

24 1937 27 1945 ,
128 1902 208 1970 Ideo
238 1922 327 1968 arma
355 1923 416 1968 sua
443 1926 508 1970 non
540 1906 683 1991 deponit,
716 1925 790 1970 curn
821 1925 886 1968 uon
908 1907 974 1968 sint
1003 1905 1192 1989 corporalia.
1233 1907 1299 1974 lits

62 2043 67 2052 ·
126 2009 305 2072 saecularis
327 2009 384 2071 illo
405 2011 583 2074 insinuatus
604 2011 839 2093 regradabatur
857 2011 945 2074 mihi.

133 2143 136 2150 ·
212 2112 263 2175 De
293 2113 346 2176 hie
373 2115 471 2176 armis
501 2115 626 2178 solebat
659 2133 760 2196 saepe
787 2112 877 2194 lo'qni
907 2112 1006 2175 frater
1042 2113 1185 2176 Michael
1207 2112 1296 2197 Sicu,

126 2232 228 2279 cocus
240 2216 432 2281 Conventus
449 2218 626 2302 Ulmensis,
646 2220 698 2282 vir
718 2217 856 2300 simplex
876 2225 909 2278 et
931 2219 1046 2297 bornus,
1063 2218 1123 2300 'qui
1140 2219 1235 2280 etiam
1258 2235 1298 2280 ea

127 2315 269 2403 viderat,
290 2322 366 2404 quia
385 2339 458 2383 cum
481 2323 592 2404 pueris
613 2342 698 2386 auno
720 2341 820 2405 supra
842 2320 928 2384 dicto
959 2320 1066 2401 locum
1092 2321 1298 2384 visitaverat

126 2429 164 2484 ut
185 2438 274 2484 arma
295 2423 430 2488 videret.
473 2425 541 2490 Sed
571 2426 627 2490 illa
658 2433 735 2489 sunt
767 2416 906 2508 puerilia
936 2425 1086 2494 conficta.
1127 2425 1298 2506 Apperitio

127 2533 234 2587 autem
265 2527 318 2590 hie
350 2529 383 2592 in
406 2527 517 2613 Gilgal
539 2531 624 2594 facte
646 2539 697 2592 est
727 2530 898 2612 verissima
920 2537 953 2592 et
972 2537 1101 2612 saucia,
1132 2527 1206 2591 ideo
1234 2528 1296 2610 hic,

24 2673 26 2682 a
126 2638 217 2691 esset
238 2629 273 2692 S.
295 2633 438 2697 Michael
463 2634 691 2718 quaerendus:
714 2634 929 2700 certissimum
950 2641 1001 2696 ast
1023 2633 1118 2716 enlm,
1154 2631 1241 2714 quod
1259 2629 1295 2694 S.

125 2734 263 2815 augelus
289 2737 342 2802 hic
360 2738 485 2803 iosuae
519 2739 665 2823 apparuit
687 2746 830 2800 armatus
862 2756 935 2800 oum
969 2737 1079 2820 gladio
1110 2737 1297 2818 evaginato,

126 2856 191 2900 non
213 2840 298 2922 quod
320 2841 467 2908 hebuerit
487 2843 629 2926 gladium
649 2841 866 2923 amifloialem,
897 2842 982 2904 sicut
1008 2859 1070 2905 nec
1106 2855 1235 2922 eorpus,
1262 2839 1296 2902 in

24 3015 25 3044 1
127 2959 191 3022 quo
212 2945 370 3027 apparuit,
391 2947 454 3010 silai
475 2947 684 3010 connaturale
702 2947 774 3030 fuit,
798 2944 933 3010 scdtam
954 2963 1073 3029 corpus
1086 2963 1182 3028 quam
1207 2961 1296 3006 erma

24 3123 25 3134 ἵ
128 3045 258 3108 fuerunt
275 3050 372 3110 eirea
393 3068 455 3112 neo
476 3050 590 3114 usibus
611 3051 761 3114 humanis
789 3059 885 3133 apta,
907 3056 942 3112 et
966 3059 1041 3133 post
1063 3049 1295 3132 apparitionem

127 3149 162 3208 in
182 3150 350 3229 pristinum
373 3161 491 3214 statum
514 3153 666 3217 resoluta
710 3151 774 3231 Qui
795 3171 873 3236 ergo
896 3153 1058 3218 desiderat
1079 3153 1192 3237 videre
1224 3151 1297 3214 loca

127 3253 160 3312 in
181 3254 298 3334 quibus
318 3255 427 3337 angeli
450 3239 610 3319 veraciter
631 3267 865 3340 apparuerunt,
895 3259 979 3324 hano
999 3257 1293 3344 peregrinationem

126 3365 282 3442 assumat,
304 3366 338 3422 et
359 3360 441 3424 haee
462 3367 496 3424 et
517 3361 636 3443 majora
656 3359 789 3424 videbit.

283 3609 343 3684 De
369 3609 466 3686 valle
492 3607 620 3685 Achor
646 3609 749 3700 furia,
774 3611 835 3712 ubi
856 3613 924 3689 fuit
946 3613 1140 3724 lapidatus,

205 3785 236 3848 Α
248 3785 398 3872 Galgalia
416 3796 522 3858 eutem
545 3800 783 3875 oonsequenter
801 3794 1027 3875 processimus
1039 3792 1292 3860 contradericlno

124 3899 156 3950 et
181 3888 276 3970 juxta
306 3893 425 3957 vallem
446 3894 556 3958 donor
578 3877 805 3980 venimus,·in
827 3915 892 3979 qua
924 3897 997 3980 ipse
1017 3915 1092 3960 oum
1115 3897 1201 3960 omni
1232 3914 1294 3960 sua

122 3995 315 4077 supellectili
347 4006 380 4060 et
413 3998 508 4062 domo
538 3999 701 4082 lapidibus
733 4001 795 4064 fuit
827 4001 962 4064 obrutus
1001 4010 1146 4084 propter·
1162 4001 1292 4084 lurtum,

123 4099 208 4183 quod
235 4102 440 4164 commiserat
470 4103 504 4166 in
537 4104 751 4166 subversione
773 4103 919 4187 Jerioho,
951 4115 986 4169 ut
1008 4112 1098 4189 patet
1118 4106 1241 4170 Josuee
1261 4103 1291 4167 7.

25 4221 26 4224 ’
121 4203 222 4266 Juxta
254 4205 340 4268 hanc
379 4205 498 4270 vallem
529 4206 677 4271 admirati
720 4207 850 4272 divinae
880 4208 1032 4290 justitiae
1071 4209 1292 4292 severitatem,

121 4324 205 4389 quae
224 4327 282 4389 pru
302 4309 418 4384 dalioto
447 4311 543 4374 unius
564 4318 664 4373 totam
703 4315 967 4376 communitatem
999 4311 1114 4394 punit,
1155 4320 1188 4374 ct
1211 4330 1293 4395 peo-

122 4418 227 4476 catam
247 4413 343 4476 unius
366 4413 514 4503 omuibus
545 4415 756 4497 improperat,
779 4419 869 4506 ¹siout
901 4416 981 4480 dicit
1002 4417 1121 4478 teritus
1158 4432 1227 4497 cap.
1251 4414 1292 4496 7.,
