2962 5022
64 683 244 767 adpellem
267 682 955 766 uudrmetqmerereoteuutoneoto
987 693 1233 751 umextar·

63 808 166 871 quere
213 791 347 852 luteres
367 806 429 851 uos
447 807 549 851 ouem
567 790 763 854 semelem
783 789 911 873 dejeete'
930 791 1090 856 solvimus
1109 800 1144 854 et
1163 788 1234 856 dte·

62 893 238 976 ligavimus
261 903 297 987 ⁶⁸.
316 893 444 956 illorum
465 896 652 963 miserorum
674 913 729 958 res
750 894 938 980 dispergere
956 897 1153 982 iuoepimus,
1171 893 1236 980 ipsi
1263 973 1279 996 δ

63 1007 167 1061 autem
189 1002 328 1062 stabam
357 1016 432 1062 oum
458 1008 597 1063 tremore
618 1009 654 1063 et
673 1001 752 1064 lietu
772 1002 995 1084 respioieotes.
1038 997 1123 1066 Cum
1151 1000 1237 1066 bueo
1271 1057 1288 1088 .-

64 1111 256 1186 agereutur,
278 1106 420 1168 aeoesfit
439 1113 567 1168 seorete
588 1102 790 1169 adCrliuum
811 1124 896 1171 uuus
916 1106 958 1170 de
978 1105 1042 1169 illis
1059 1103 1235 1188 Arabibus,

63 1209 114 1290 qui
134 1211 170 1270 iu
191 1227 272 1273 sero
294 1208 521 1293 prrmedeutis
547 1208 611 1272 diei
632 1209 674 1273 ed
698 1228 761 1274 uos
790 1213 1008 1296 introveraut,
1039 1209 1153 1275 diosus
1172 1227 1235 1295 pe-

66 1315 189 1376 euuiam
220 1331 301 1378 esse
331 1316 506 1384 iuventam.
549 1313 669 1378 Statim
699 1325 807 1380 eutem
840 1314 976 1383 Catium
1004 1314 1173 1399 olemavit,
1199 1321 1237 1380 ut

62 1435 130 1479 oum
151 1436 239 1500 paee
260 1418 527 1501 presederemus,
566 1421 776 1502 quieturum
805 1423 974 1484 iuveutum
1003 1428 1102 1484 esset.
1144 1417 1236 1484 lteo-

63 1525 183 1586 ueratis
213 1531 325 1588 eutem
354 1523 489 1588 oamelis
520 1527 742 1606 processimus
765 1533 800 1588 et
820 1524 969 1589 domiuus
1002 1524 1057 1588 ille
1077 1542 1098 1588 a
1118 1521 1235 1589 calino

63 1629 234 1707 pecuniam
257 1630 420 1712 oooipieus
450 1647 550 1692 uuum
582 1629 737 1694 ducatum
765 1628 813 1692 illi
844 1630 946 1693 Arabi
966 1628 1111 1694 donavit.
1154 1628 1239 1692 diret

64 1739 166 1795 autem
188 1733 301 1796 Arabs
322 1734 378 1797 ille
398 1734 537 1818 simplex
560 1741 714 1817 aspeotu,
735 1734 862 1799 vultum
882 1735 1015 1819 probum
1037 1731 1236 1819 praeferens,

66 1843 96 1896 et
114 1835 280 1900 ‘dicebaut
302 1839 357 1901 elii
389 1839 518 1904 Arabes
550 1838 591 1902 de
620 1859 678 1922 eo,
711 1839 797 1922 quod
826 1840 965 1926 quodam
998 1840 1061 1904 alio
1092 1847 1237 1917 tempore

66 1939 254 2006 thesaurum
275 1961 426 2026 maguum
448 1944 483 2005 iu
504 1941 635 2008 deserto
656 1945 793 2027 reperit,
813 1947 869 2030 qui
890 1943 1068 2026 oeoideral,
1098 1954 1237 2030 eumque

68 2049 133 2110 sais
155 2047 298 2112 dominis
320 2050 505 2130 reportavit.

146 2153 375 2217 Processimus
408 2173 487 2239 ergo
519 2174 578 2239 per
612 2171 759 2237 eampum
792 2151 882 2214 illum
912 2142 1181 2217 tredortmimrm
1203 2157 1238 2215 st

70 2261 133 2317 tota
153 2257 208 2320 dio
230 2261 265 2319 in
297 2259 526 2323 intensissimis
557 2259 721 2323 caloribus
751 2256 1034 2341 prolioisoebamur
1068 2252 1237 2340 usquead

71 2360 146 2424 solis
168 2364 364 2428 oooubitum.
407 2366 446 2426 lu
469 2362 608 2446 quodam
630 2382 709 2447 ergo
730 2363 819 2445 looo,
842 2360 928 2425 dioto
948 2356 1125 2444 Mediam,
1141 2358 1237 2444 juxta

71 2467 229 2546 publicam
260 2476 393 2531 stratam
426 2485 556 2531 manere
589 2469 809 2551 decrevimus,
843 2466 992 2530 locantes
1026 2471 1133 2528 autom
1166 2474 1237 2547 uos,

71 2576 206 2636 tentoria
228 2592 292 2636 non
322 2573 500 2656 ereximus,
531 2574 609 2656 quia
636 2573 729 2656 polos
750 2574 784 2636 iu
808 2572 998 2637 tenuissima
1020 2588 1117 2635 oreua
1137 2568 1239 2656 ligore

72 2693 133 2739 uon
165 2679 329 2742 valuimus
350 2685 383 2740 et
414 2695 488 2740 oum
507 2678 571 2740 hoe
593 2678 730 2742 taediosi
752 2687 785 2742 et
813 2679 894 2743 lassi
926 2694 1070 2762 eremus,
1102 2693 1164 2742 noo
1184 2674 1239 2742 illa

73 2789 164 2843 noete
187 2783 351 2865 ooximus,
374 2783 449 2864 quia
470 2781 591 2844 nullam
613 2786 778 2847 materiam
800 2803 859 2867 pro
881 2785 958 2867 igne
979 2783 1126 2850 iuvenire
1145 2789 1240 2868 poto·

76 2901 191 2951 ramus.
235 2885 335 2950 Porro
358 2886 493 2951 Calibus
514 2889 715 2970 praemonuit
735 2903 813 2969 uos,
847 2895 883 2950 ut
903 2887 960 2950 illa
982 2895 1078 2953 noete
1099 2885 1240 2970 diligen·

76 2988 136 3051 tius
158 2991 386 3076 vigilaremus,
407 2993 482 3075 quia
506 2993 550 3055 ibi
573 2999 662 3056 esset
682 2988 899 3073 periculosum
921 2995 1051 3074 proptor
1071 2987 1238 3074 profugos,

74 3094 125 3173 qui
146 3115 205 3177 pro
235 3105 380 3179 tempore
411 3099 452 3161 de
478 3097 631 3180 Aegypto
658 3096 691 3157 in
722 3093 885 3156 desertum
917 3089 1080 3175 pelluntur
1108 3099 1239 3176 prepter

75 3193 233 3264 demerito.
256 3201 305 3263 llli
327 3203 454 3266 inistis
476 3203 558 3265 locis
579 3200 705 3263 latitant
727 3211 762 3264 et
783 3214 883 3280 saepe
905 3195 1003 3261 volds
1028 3201 1237 3260 traruouuter

74 3309 269 3380 perturbant.
322 3307 541 3370 Dormivimus
574 3322 652 3387 ergo
685 3303 741 3366 illa
770 3309 865 3366 noete
898 3318 972 3364 oum
1003 3295 1236 3387 inquietudine,

75 3412 138 3469 tum
160 3419 291 3494 propter
326 3411 469 3473 timorem
493 3408 570 3488 (Μ
580 3415 625 3488 o)
645 3410 847 3492 incursuum,
883 3415 949 3472 tum
982 3405 1078 3470 etiam
1109 3411 1240 3490 propter

74 3522 205 3578 ventum
230 3524 263 3577 et
285 3515 422 3597 frigora,
445 3533 528 3598 quae
550 3531 611 3577 uos
639 3513 836 3596 premebant.
874 3511 1043 3576 Jaeuiraus
1065 3508 1150 3574 salut
1177 3506 1239 3574 sub

76 3609 149 3680 divo
176 3619 257 3682 lassi
289 3627 322 3681 et
342 3619 505 3681 laboribus
527 3635 567 3680 ao
599 3615 737 3681 miseriis
769 3616 890 3681 deserti
922 3615 1089 3680 extenuati
1120 3619 1153 3678 et
1174 3629 1240 3680 uou

75 3716 158 3784 aliud
191 3723 391 3807 refrigerium
422 3723 609 3805 habuimus,
644 3737 740 3805 quatu
771 3723 848 3806 quio
869 3721 1044 3807 scivimus,
1070 3721 1242 3786 torminum

76 3818 215 3889 laborum
238 3827 495 3911 appropinquare
515 3835 548 3888 et
569 3829 665 3890 finem
686 3823 871 3892 solitudinis
902 3844 966 3894 nou
987 3825 1087 3914 louge
1113 3827 1242 3892 flbme

76 3923 184 3993 'l'otius
206 3933 315 3996 muudi
336 3931 550 3995 substantiam
571 3949 635 3994 uon
655 3931 915 4017 accepissemus,
949 3929 1036 4018 quod
1056 3927 1166 3998 odam
1183 3941 1242 4010 μ’

78 4033 279 4112 quindeniam
301 4039 336 4100 iu
358 4035 487 4100 deserto
510 4053 640 4099 manere
666 4037 879 4120 oportuisset,
896 4037 973 4122 quie
992 4035 1133 4102 bomem
1153 4026 1242 4096 ttloo

77 4138 211 4218 amplius
232 4127 370 4205 tolerare
392 4139 564 4205 videbatur
583 4138 677 4204 oobtr
697 4137 910 4222 impossibile.

552 4387 760 4404 -n-
