2962 5022
726 287 794 352 att

147 471 386 553 'damietam
406 468 495 532 circs
522 466 608 552 quod
637 465 711 532 illes
738 464 887 530 detentos
919 466 1024 532 illudit
1057 472 1093 532 et
1128 467 1273 532 evadens
1307 467 1354 533 sd
1456 461 1458 474 ‘

174 580 295 642 tutiora
322 574 414 656 fugit.
457 573 509 636 llx
535 589 660 656 onagro
690 580 722 632 et
744 588 829 653 equa
849 581 946 636 natus
967 573 1002 636 lit
1024 573 1130 638 mulus
1153 574 1267 655 velox,
1290 573 1355 636 sed

174 681 379 745 velociores
403 693 524 759 onagro
546 683 579 737 et
600 676 693 738 asina
718 684 750 736 et
772 683 848 736 sunt
864 676 941 738 muli
961 678 1202 759 pretiosissimi,
1220 679 1253 739 in
1275 679 1355 759 qni·

173 786 236 849 bus
257 783 420 867 principes
433 789 467 844 et
489 788 658 863 maguates
671 779 842 841 vehuntur.
871 781 976 862 lgitnr
990 782 1078 844 circa
1099 781 1180 844 solis
1197 800 1355 846 menum

174 890 209 952 in
230 895 404 952 torrentem
434 883 556 948 andum
574 893 608 946 et
639 882 802 946 desertum
822 884 990 964 venimus,
1019 903 1114 968 quem
1143 887 1357 950 nominabant

175 993 305 1060 Arabes
326 991 463 1074 Elphst,
489 990 522 1052 in
556 1007 621 1071 qno
642 987 795 1050 oneribus
826 985 966 1067 abjectis
999 991 1136 1052 tentoria
1155 990 1285 1054 diximus
1319 1001 1357 1054 et

174 1097 445 1182 pernoctavimus
484 1093 585 1156 norro
606 1100 697 1155 tanta
729 1099 798 1154 crat
826 1091 870 1153 ibi
892 1093 1031 1154 vastitas
1052 1101 1085 1154 et
1106 1095 1251 1179 ariditas,
1264 1096 1356 1180 quod

177 1201 436 1285 desperavimus,
467 1214 529 1261 nos
550 1215 651 1280 posse
679 1194 820 1276 reperire
851 1197 1017 1258 materiam
1048 1215 1106 1280 pro
1126 1201 1220 1284 igne,
1241 1208 1357 1264 tamen

175 1307 360 1372 invenimus
384 1311 519 1385 tantum,
541 1300 627 1386 quod
648 1318 765 1386 aquam
786 1298 872 1362 ollae
897 1299 1119 1371 valefecimus.

262 1409 429 1473 vicesima
445 1425 531 1470 nona
548 1407 611 1487 die,
635 1414 791 1487 quaeest
813 1405 932 1467 festum
953 1405 1136 1490 Michaelis,
1150 1415 1225 1469 ante
1247 1406 1357 1470 luceru

177 1513 377 1578 surreximus
397 1519 430 1574 et
452 1529 510 1593 per
528 1517 689 1571 torrentes
712 1508 870 1590 desertos,
895 1527 955 1591 per
975 1527 1057 1592 qnos
1078 1511 1220 1593 ingressi
1241 1511 1357 1574 incra·

142 1671 145 1679 .
176 1635 262 1698 mus,
278 1614 439 1678 exivimus
452 1616 485 1675 ei
506 1609 683 1674 taediosam
699 1621 732 1674 et
754 1613 945 1676 laboriosam
968 1612 1052 1677 diem
1073 1615 1255 1696 habuimus,
1278 1617 1359 1697 qnia

178 1723 237 1804 per
250 1717 444 1804 rigidissime
465 1717 546 1808 locs,
557 1734 622 1780 non
641 1715 771 1798 quidem
785 1735 933 1801 arenosa,
947 1717 1033 1801 quod
1048 1720 1211 1784 tolerabile
1225 1719 1360 1802 inisset,

177 1825 237 1892 sed
257 1825 442 1911 pulverem,
455 1822 520 1886 imo
541 1813 690 1886 cinerosa
711 1831 781 1885 tota
801 1821 855 1886 die
875 1823 1120 1905 proficiscentes
1146 1823 1267 1908 grando
1288 1825 1357 1887 iter

181 1933 319 1997 femmas
339 1948 399 2013 per
420 1927 574 2010 pulveres
594 1933 629 1988 et
650 1929 787 1992 cineres.
816 1928 1015 1992 blirabsmur
1034 1949 1099 1992 non
1120 1947 1242 2011 parum,
1263 1928 1357 1992 unde

179 2037 349 2121 pulverum
380 2041 413 2095 et
433 2034 578 2096 cinerum
609 2043 673 2094 tam
705 2033 862 2096 immensa
881 2033 975 2117 copia
1003 2052 1062 2117 per
1081 2043 1182 2098 totam
1205 2033 1358 2117 disperse

181 2141 357 2224 regionem,
378 2139 434 2201 ubi
455 2157 519 2201 non
538 2144 613 2200 sunt
642 2136 858 2202 habitationes
884 2137 1066 2221 hominnm,
1087 2157 1148 2202 nec
1169 2141 1275 2222 ignis,
1292 2157 1358 2202 nec

181 2245 316 2310 materia
327 2235 585 2306 combustibilis?
606 2239 731 2304 Adbuc
747 2240 938 2306 catholicum
954 2245 1139 2326 acecpimus
1162 2261 1357 2326 responsum

182 2349 266 2414 tale:
284 2349 335 2413 Ex
354 2365 417 2431 qno
439 2347 597 2411 Dominus
618 2346 759 2409 omnium
787 2353 944 2410 terrarum
966 2348 1209 2411 maledictiones
1219 2347 1358 2410 induxit

181 2453 379 2536 superbene
399 2460 564 2534 petraeum
586 2450 758 2532 desertum,
773 2451 869 2514 etiam
891 2452 1023 2515 hancei
1043 2453 1177 2516 immisit
1199 2450 1359 2514 maledic-

183 2558 312 2637 tionem,
335 2564 371 2616 ut
392 2554 433 2616 de
454 2554 547 2616 coelo
573 2572 635 2616 nec
662 2555 808 2636 pluviam
829 2565 953 2640 aquae,-
973 2573 1035 2619 nec
1062 2557 1166 2638 nivis,
1189 2573 1250 2618 nec
1269 2556 1358 2618 roris

182 2660 325 2741 baberet,
345 2657 405 2720 sed
425 2656 568 2738 pluviam
589 2656 735 2738 pulveris
754 2668 787 2722 et
809 2661 938 2744 cineris,
963 2678 1060 2744 qnam
1081 2662 1229 2724 nimirum
1251 2659 1359 2722 male-

184 2764 355 2829 dictionem
386 2770 491 2824 terrae
519 2770 654 2824 sanctae
681 2764 822 2828 minatus
852 2773 903 2826 est
934 2765 1083 2828 similiter
1116 2772 1304 2843 venturam,
1325 2765 1358 2826 si

184 2870 258 2953 ejus
287 2869 487 2933 habitatores
516 2866 677 2931 mandatis
705 2865 777 2949 ejus
804 2869 1007 2932 contrairent.
1050 2869 1144 2934 Unde
1165 2869 1243 2932 dicit
1263 2868 1358 2932 Deu-

184 2989 244 3043 ter.
266 2975 338 3044 DQ:
360 2973 425 3038 Det
444 2971 602 3038 Dominus
623 2972 765 3053 imbrem„
778 2982 883 3036 terrae
904 2981 981 3035 tuae
1001 2973 1166 3056 pulverem
1189 2973 1231 3038 de
1252 2973 1358 3055 coelo,

185 3079 362 3144 descendat
408 3096 508 3161 snper
557 3086 590 3140 te
630 3079 729 3160 cinis,
772 3075 876 3140 donec
925 3079 1112 3142 conteraris.
1175 3076 1232 3139 Sic
1276 3076 1358 3140 lecit

182 3185 342 3248 Dominus
363 3192 468 3246 terrae
488 3183 644 3266 Aegypti,
671 3179 799 3264 quando
819 3183 956 3266 Moyses
979 3190 1012 3244 ct
1032 3183 1144 3244 Aaron
1165 3179 1208 3244 ad
1224 3181 1359 3263 jussum
1410 3226 1416 3242 ,

181 3287 258 3370 ejus
279 3290 423 3371 acceptis
444 3287 606 3350 cineribus
635 3285 823 3350 denomino
846 3289 879 3348 in
906 3304 1013 3356 aerem
1035 3293 1240 3368 sparserunt,
1271 3287 1360 3350 unde

184 3400 252 3454 tota
271 3393 461 3474 superficies
483 3400 588 3454 terrae
603 3390 748 3474 Aegypti
768 3391 827 3454 fnit
849 3399 1001 3474 cooperta
1027 3392 1136 3454 cinere
1152 3399 1186 3454 et
1208 3390 1358 3474 pulvere,

185 3504 320 3576 eratque
341 3497 422 3559 cinis
443 3506 509 3559 tam
531 3497 565 3559 in
582 3494 738 3576 jumentis
769 3513 866 3578 quam
894 3498 928 3559 ln
952 3496 1146 3577 hominibus,
1166 3513 1224 3558 eos
1245 3513 1360 3558 corro-

182 3595 268 3670 ‚dens
284 3613 389 3679 usqne
414 3597 455 3660 ad
487 3599 726 3683 ulcerationcm,
748 3607 785 3663 nt
813 3601 949 3664 habetur
968 3600 1072 3663 Exodi
1092 3599 1150 3662 lX.
1180 3598 1361 3680 suspicati

186 3717 264 3784 crgo
282 3717 407 3783 sumus,
430 3703 521 3766 hanc.
536 3702 656 3766 deserti
688 3711 810 3786 partem
834 3705 929 3768 etiam
961 3704 1006 3767 ihi
1037 3721 1226 3786 percussam
1247 3702 1358 3786 plaga,

186 3815 219 3870 ct
235 3805 408 3889 timuimus,
428 3825 470 3884 ne
491 3806 575 3868 forte
596 3815 629 3869 et
658 3827 718 3871 nos
739 3809 849 3873 ulcera
870 3807 1149 3892 contrahercmns,
1178 3809 1264 3872 sicut
1284 3807 1360 3870 Ae-

185 3912 304 3998 gyptii3
336 3911 399 3986 sed
426 3909 598 3976 custodivit
620 3930 680 3976 nos
711 3911 871 3978 Dominus
903 3914 1049 3996 integros
1076 3914 1110 3975 in
1141 3914 1275 3994 regione
1307 3912 1361 3974 ci-

185 4035 313 4085 nerosa.
723 4069 729 4074 .

267 4119 368 4186 Porro
388 4123 422 4186 in
444 4122 561 4188 vallem
584 4122 744 4206 quandam
767 4123 927 4206 venimus,
947 4124 981 4186 in
1002 4140 1067 4204 qus
1086 4121 1264 4204 reperimus
1284 4119 1360 4183 ido·

185 4222 249 4280 lum
273 4225 306 4284 in
328 4226 431 4286 forma
450 4230 541 4307 pueri
562 4228 732 4307 Aethiopis
761 4227 794 4288 iu
816 4245 957 4290 caverna
980 4235 1093 4309 petrae
1120 4235 1278 4307 stantem,
1304 4227 1360 4288 oui
1443 4243 1449 4258 ·

177 4318 312 4378 'Arabes
343 4324 517 4390 interdum,
531 4347 590 4406 pro
623 4337 768 4408 tempore
801 4329 981 4394 oblationes
1012 4329 1168 4410 offerunt3
1196 4328 1359 4392 vidissent
