<?xml version="1.0" encoding="UTF-8"?>
<!DOCTYPE html PUBLIC "-//W3C//DTD XHTML 1.0 Transitional//EN"
    "http://www.w3.org/TR/xhtml1/DTD/xhtml1-transitional.dtd">
<html xmlns="http://www.w3.org/1999/xhtml" xml:lang="en" lang="en">
 <head>
  <title>
</title>
<meta http-equiv="Content-Type" content="text/html;charset=utf-8" />
  <meta name='ocr-system' content='tesseract 3.04.00' />
  <meta name='ocr-capabilities' content='ocr_page ocr_carea ocr_par ocr_line ocrx_word'/>
</head>
<body>
  <div class='ocr_page' id='page_1' title='image "./fratrisfelicisf02fabrgoog_0417.png"; bbox 0 0 2842 4882; ppageno 0'>
   <div class='ocr_carea' id='block_1_1' title="bbox 735 251 800 316">
    <p class='ocr_par' dir='ltr' id='par_1_1' title="bbox 735 251 800 316">
     <span class='ocr_line' id='line_1_1' title="bbox 735 251 800 316; baseline 0 0"><span class='ocrx_word' id='word_1_1' title='bbox 735 251 800 316; x_wconf 81' lang='grc'><strong>400</strong></span> 
     </span>
    </p>
   </div>
   <div class='ocr_carea' id='block_1_2' title="bbox 100 432 1389 4372">
    <p class='ocr_par' dir='ltr' id='par_1_2' title="bbox 100 432 1389 4372">
     <span class='ocr_line' id='line_1_2' title="bbox 185 432 1374 524; baseline -0.004 -19"><span class='ocrx_word' id='word_1_2' title='bbox 185 440 278 524; x_wconf 84' lang='lat' dir='ltr'><strong>cujus</strong></span> <span class='ocrx_word' id='word_1_3' title='bbox 299 437 401 520; x_wconf 86' lang='lat' dir='ltr'><strong>gratia</strong></span> <span class='ocrx_word' id='word_1_4' title='bbox 425 444 538 498; x_wconf 76' lang='lat' dir='ltr'><strong>suomi</strong></span> <span class='ocrx_word' id='word_1_5' title='bbox 552 432 705 499; x_wconf 86' lang='lat' dir='ltr'><strong>deserunt</strong></span> <span class='ocrx_word' id='word_1_6' title='bbox 726 432 908 515; x_wconf 86' lang='lat' dir='ltr'><strong>desertum,</strong></span> <span class='ocrx_word' id='word_1_7' title='bbox 930 441 964 498; x_wconf 86' lang='lat' dir='ltr'><strong>et</strong></span> <span class='ocrx_word' id='word_1_8' title='bbox 991 451 1057 498; x_wconf 87' lang='lat' dir='ltr'><strong>non</strong></span> <span class='ocrx_word' id='word_1_9' title='bbox 1084 435 1197 499; x_wconf 90' lang='lat' dir='ltr'><strong>solum</strong></span> <span class='ocrx_word' id='word_1_10' title='bbox 1232 437 1374 500; x_wconf 81' lang='lat' dir='ltr'><strong>orieut&#39;n</strong></span> 
     </span>
     <span class='ocr_line' id='line_1_3' title="bbox 185 538 1373 628; baseline -0.003 -20"><span class='ocrx_word' id='word_1_11' title='bbox 185 541 336 628; x_wconf 81' lang='lat' dir='ltr'><strong>regldnes</strong></span> <span class='ocrx_word' id='word_1_12' title='bbox 357 548 585 624; x_wconf 69' lang='lat' dir='ltr'><strong>pervagantur,</strong></span> <span class='ocrx_word' id='word_1_13' title='bbox 602 538 660 603; x_wconf 91' lang='lat' dir='ltr'><strong>sed</strong></span> <span class='ocrx_word' id='word_1_14' title='bbox 680 541 713 602; x_wconf 91' lang='lat' dir='ltr'><strong>in</strong></span> <span class='ocrx_word' id='word_1_15' title='bbox 730 549 893 602; x_wconf 86' lang='lat' dir='ltr'><strong>extremas</strong></span> <span class='ocrx_word' id='word_1_16' title='bbox 907 539 1084 602; x_wconf 90' lang='lat' dir='ltr'><strong>occidentis</strong></span> <span class='ocrx_word' id='word_1_17' title='bbox 1098 549 1219 623; x_wconf 86' lang='lat' dir='ltr'><strong>partes</strong></span> <span class='ocrx_word' id='word_1_18' title='bbox 1245 561 1294 604; x_wconf 88' lang='lat' dir='ltr'><strong>se</strong></span> <span class='ocrx_word' id='word_1_19' title='bbox 1318 543 1373 604; x_wconf 90' lang='lat' dir='ltr'><strong>dil-</strong></span> 
     </span>
     <span class='ocr_line' id='line_1_4' title="bbox 186 645 1369 729; baseline -0.003 -17"><span class='ocrx_word' id='word_1_20' title='bbox 186 648 338 729; x_wconf 87' lang='lat' dir='ltr'><strong>inndnnt,</strong></span> <span class='ocrx_word' id='word_1_21' title='bbox 360 646 414 709; x_wconf 91' lang='lat' dir='ltr'><strong>nbi</strong></span> <span class='ocrx_word' id='word_1_22' title='bbox 436 647 546 708; x_wconf 89' lang='lat' dir='ltr'><strong>nescio</strong></span> <span class='ocrx_word' id='word_1_23' title='bbox 568 663 632 727; x_wconf 86' lang='lat' dir='ltr'><strong>qua</strong></span> <span class='ocrx_word' id='word_1_24' title='bbox 653 662 752 707; x_wconf 89' lang='lat' dir='ltr'><strong>eausa</strong></span> <span class='ocrx_word' id='word_1_25' title='bbox 774 663 838 708; x_wconf 89' lang='lat' dir='ltr'><strong>non</strong></span> <span class='ocrx_word' id='word_1_26' title='bbox 860 645 997 718; x_wconf 85' lang='lat' dir='ltr'><strong>Arabes,</strong></span> <span class='ocrx_word' id='word_1_27' title='bbox 1020 664 1082 707; x_wconf 89' lang='lat' dir='ltr'><strong>nec</strong></span> <span class='ocrx_word' id='word_1_28' title='bbox 1103 645 1295 728; x_wconf 82' lang='lat' dir='ltr'><strong>Chaldaei,</strong></span> <span class='ocrx_word' id='word_1_29' title='bbox 1321 646 1369 709; x_wconf 87' lang='lat' dir='ltr'><strong>sed</strong></span> 
     </span>
     <span class='ocr_line' id='line_1_5' title="bbox 185 749 1370 836; baseline -0.003 -20"><span class='ocrx_word' id='word_1_30' title='bbox 185 753 298 835; x_wconf 78' lang='lat' dir='ltr'><strong>Zigari</strong></span> <span class='ocrx_word' id='word_1_31' title='bbox 313 759 481 832; x_wconf 90' lang='lat' dir='ltr'><strong>vocantur,</strong></span> <span class='ocrx_word' id='word_1_32' title='bbox 494 767 576 833; x_wconf 85' lang='lat' dir='ltr'><strong>qnos</strong></span> <span class='ocrx_word' id='word_1_33' title='bbox 587 749 706 832; x_wconf 88' lang='lat' dir='ltr'><strong>vulgus</strong></span> <span class='ocrx_word' id='word_1_34' title='bbox 718 759 829 812; x_wconf 88' lang='lat' dir='ltr'><strong>noster</strong></span> <span class='ocrx_word' id='word_1_35' title='bbox 841 760 938 812; x_wconf 89' lang='lat' dir='ltr'><strong>vocat</strong></span> <span class='ocrx_word' id='word_1_36' title='bbox 951 751 1096 836; x_wconf 85' lang='lat' dir='ltr'><strong>Ziginer,</strong></span> <span class='ocrx_word' id='word_1_37' title='bbox 1111 753 1169 834; x_wconf 91' lang='lat' dir='ltr'><strong>qui</strong></span> <span class='ocrx_word' id='word_1_38' title='bbox 1187 755 1309 834; x_wconf 90' lang='lat' dir='ltr'><strong>primo</strong></span> <span class='ocrx_word' id='word_1_39' title='bbox 1322 753 1370 814; x_wconf 87' lang='lat' dir='ltr'><strong>orti</strong></span> 
     </span>
     <span class='ocr_line' id='line_1_6' title="bbox 187 855 1368 939; baseline -0.005 -18"><span class='ocrx_word' id='word_1_40' title='bbox 187 855 397 938; x_wconf 81' lang='lat' dir='ltr'><strong>eraldaea,</strong></span> <span class='ocrx_word' id='word_1_41' title='bbox 411 864 447 918; x_wconf 91' lang='lat' dir='ltr'><strong>ut</strong></span> <span class='ocrx_word' id='word_1_42' title='bbox 465 855 582 919; x_wconf 88' lang='lat' dir='ltr'><strong>dicitur</strong></span> <span class='ocrx_word' id='word_1_43' title='bbox 594 858 696 937; x_wconf 91' lang='lat' dir='ltr'><strong>primo</strong></span> <span class='ocrx_word' id='word_1_44' title='bbox 709 855 808 938; x_wconf 84' lang='lat' dir='ltr'><strong>Phys.</strong></span> <span class='ocrx_word' id='word_1_45' title='bbox 823 855 857 916; x_wconf 91' lang='lat' dir='ltr'><strong>in</strong></span> <span class='ocrx_word' id='word_1_46' title='bbox 878 855 1102 939; x_wconf 89' lang='lat' dir='ltr'><strong>supplemento</strong></span> <span class='ocrx_word' id='word_1_47' title='bbox 1115 855 1237 920; x_wconf 79' lang='lat' dir='ltr'><strong>chron</strong></span> <span class='ocrx_word' id='word_1_48' title='bbox 1261 859 1307 921; x_wconf 79' lang='grc' dir='ltr'><strong>Ῑι.</strong></span> <span class='ocrx_word' id='word_1_49' title='bbox 1321 857 1368 920; x_wconf 81' lang='lat' dir='ltr'><strong>lv.</strong></span> 
     </span>
     <span class='ocr_line' id='line_1_7' title="bbox 186 959 1369 1027; baseline -0.004 0"><span class='ocrx_word' id='word_1_50' title='bbox 186 965 221 1027; x_wconf 90' lang='lat' dir='ltr'><strong>in</strong></span> <span class='ocrx_word' id='word_1_51' title='bbox 242 963 291 1026; x_wconf 88' lang='lat' dir='ltr'><strong>eis</strong></span> <span class='ocrx_word' id='word_1_52' title='bbox 323 962 554 1024; x_wconf 76' lang='lat' dir='ltr'><strong>conterminam</strong></span> <span class='ocrx_word' id='word_1_53' title='bbox 588 959 740 1022; x_wconf 86' lang='lat' dir='ltr'><strong>Arabiam</strong></span> <span class='ocrx_word' id='word_1_54' title='bbox 774 959 934 1026; x_wconf 82' lang='lat' dir='ltr'><strong>desertam</strong></span> <span class='ocrx_word' id='word_1_55' title='bbox 964 960 1209 1023; x_wconf 87' lang='lat' dir='ltr'><strong>descenderunt</strong></span> <span class='ocrx_word' id='word_1_56' title='bbox 1240 971 1281 1024; x_wconf 86' lang='lat' dir='ltr'><strong>et</strong></span> <span class='ocrx_word' id='word_1_57' title='bbox 1304 961 1369 1024; x_wconf 85' lang='lat' dir='ltr'><strong>inde</strong></span> 
     </span>
     <span class='ocr_line' id='line_1_8' title="bbox 132 1055 1389 1153; baseline -0.003 -21"><span class='ocrx_word' id='word_1_58' title='bbox 132 1092 137 1100; x_wconf 92' lang='lat'><strong>·</strong></span> <span class='ocrx_word' id='word_1_59' title='bbox 187 1087 248 1153; x_wconf 92' lang='lat' dir='ltr'><strong>per</strong></span> <span class='ocrx_word' id='word_1_60' title='bbox 265 1067 415 1150; x_wconf 75' lang='lat' dir='ltr'><strong>regiones</strong></span> <span class='ocrx_word' id='word_1_61' title='bbox 436 1063 676 1145; x_wconf 77' lang='lat' dir='ltr'><strong>dill&#39;unduntur,¹</strong></span> <span class='ocrx_word' id='word_1_62' title='bbox 696 1063 737 1125; x_wconf 94' lang='lat' dir='ltr'><strong>de</strong></span> <span class='ocrx_word' id='word_1_63' title='bbox 768 1065 884 1147; x_wconf 87' lang='lat' dir='ltr'><strong>quibus</strong></span> <span class='ocrx_word' id='word_1_64' title='bbox 914 1065 1075 1128; x_wconf 77' lang='lat' dir='ltr'><strong>inlralol.</strong></span> <span class='ocrx_word' id='word_1_65' title='bbox 1107 1065 1162 1128; x_wconf 85' lang='grc'><strong>80.</strong></span> <span class='ocrx_word' id='word_1_66' title='bbox 1188 1065 1289 1128; x_wconf 88' lang='lat' dir='ltr'><strong>vide.</strong></span> <span class='ocrx_word' id='word_1_67' title='bbox 1314 1055 1389 1128; x_wconf 66' lang='lat' dir='ltr'><strong>&#39;pp</strong></span> 
     </span>
     <span class='ocr_line' id='line_1_9' title="bbox 189 1165 1365 1253; baseline -0.002 -16"><span class='ocrx_word' id='word_1_68' title='bbox 189 1173 317 1237; x_wconf 83' lang='lat' dir='ltr'><strong>Arabes</strong></span> <span class='ocrx_word' id='word_1_69' title='bbox 330 1171 451 1234; x_wconf 81' lang='lat' dir='ltr'><strong>deserti</strong></span> <span class='ocrx_word' id='word_1_70' title='bbox 470 1166 568 1230; x_wconf 90' lang='lat' dir='ltr'><strong>valde</strong></span> <span class='ocrx_word' id='word_1_71' title='bbox 589 1165 704 1231; x_wconf 74' lang='lat' dir='ltr'><strong>annosi</strong></span> <span class='ocrx_word' id='word_1_72' title='bbox 717 1187 789 1231; x_wconf 89' lang='lat' dir='ltr'><strong>curn</strong></span> <span class='ocrx_word' id='word_1_73' title='bbox 813 1169 879 1250; x_wconf 82' lang='lat' dir='ltr'><strong>(b)</strong></span> <span class='ocrx_word' id='word_1_74' title='bbox 898 1170 950 1232; x_wconf 90' lang='lat' dir='ltr'><strong>bis</strong></span> <span class='ocrx_word' id='word_1_75' title='bbox 965 1169 1105 1232; x_wconf 76' lang='lat' dir='ltr'><strong>miseriis</strong></span> <span class='ocrx_word' id='word_1_76' title='bbox 1127 1181 1223 1253; x_wconf 89' lang='lat' dir='ltr'><strong>sunt,</strong></span> <span class='ocrx_word' id='word_1_77' title='bbox 1237 1183 1275 1234; x_wconf 91' lang='lat' dir='ltr'><strong>et</strong></span> <span class='ocrx_word' id='word_1_78' title='bbox 1297 1191 1365 1234; x_wconf 87' lang='lat' dir='ltr'><strong>een-</strong></span> 
     </span>
     <span class='ocr_line' id='line_1_10' title="bbox 189 1272 1389 1358; baseline -0.006 -17"><span class='ocrx_word' id='word_1_79' title='bbox 189 1277 305 1341; x_wconf 89' lang='lat' dir='ltr'><strong>tenarii</strong></span> <span class='ocrx_word' id='word_1_80' title='bbox 326 1282 362 1337; x_wconf 91' lang='lat' dir='ltr'><strong>et</strong></span> <span class='ocrx_word' id='word_1_81' title='bbox 382 1272 512 1336; x_wconf 69' lang='lat' dir='ltr'><strong>vetulae</strong></span> <span class='ocrx_word' id='word_1_82' title='bbox 533 1277 739 1336; x_wconf 73' lang='lat' dir='ltr'><strong>centenariae</strong></span> <span class='ocrx_word' id='word_1_83' title='bbox 759 1293 817 1355; x_wconf 90' lang='lat' dir='ltr'><strong>per</strong></span> <span class='ocrx_word' id='word_1_84' title='bbox 835 1273 996 1336; x_wconf 87' lang='lat' dir='ltr'><strong>desertum</strong></span> <span class='ocrx_word' id='word_1_85' title='bbox 1018 1273 1134 1335; x_wconf 89' lang='lat' dir='ltr'><strong>leviter</strong></span> <span class='ocrx_word' id='word_1_86' title='bbox 1155 1275 1251 1338; x_wconf 87' lang='lat' dir='ltr'><strong>sicut</strong></span> <span class='ocrx_word' id='word_1_87' title='bbox 1276 1291 1363 1338; x_wconf 80' lang='lat' dir='ltr'><strong>canas</strong></span> <span class='ocrx_word' id='word_1_88' title='bbox 1388 1347 1389 1358; x_wconf 38' lang='lat'><strong>,</strong></span> 
     </span>
     <span class='ocr_line' id='line_1_11' title="bbox 191 1378 1363 1462; baseline -0.005 -16"><span class='ocrx_word' id='word_1_89' title='bbox 191 1389 338 1462; x_wconf 88' lang='lat' dir='ltr'><strong>currunt,</strong></span> <span class='ocrx_word' id='word_1_90' title='bbox 366 1395 495 1459; x_wconf 80' lang='lat' dir='ltr'><strong>semper</strong></span> <span class='ocrx_word' id='word_1_91' title='bbox 528 1378 684 1442; x_wconf 80' lang='lat' dir='ltr'><strong>sitibundi</strong></span> <span class='ocrx_word' id='word_1_92' title='bbox 712 1385 746 1440; x_wconf 88' lang='lat' dir='ltr'><strong>et</strong></span> <span class='ocrx_word' id='word_1_93' title='bbox 777 1381 956 1440; x_wconf 87' lang='lat' dir='ltr'><strong>esurientes</strong></span> <span class='ocrx_word' id='word_1_94' title='bbox 984 1379 1150 1440; x_wconf 87' lang='lat' dir='ltr'><strong>rarissime</strong></span> <span class='ocrx_word' id='word_1_95' title='bbox 1178 1389 1363 1442; x_wconf 85' lang='lat' dir='ltr'><strong>saturantur</strong></span> 
     </span>
     <span class='ocr_line' id='line_1_12' title="bbox 131 1482 1362 1570; baseline -0.002 -22"><span class='ocrx_word' id='word_1_96' title='bbox 131 1532 136 1540; x_wconf 87' lang='lat'><strong>.</strong></span> <span class='ocrx_word' id='word_1_97' title='bbox 190 1487 347 1570; x_wconf 89' lang='lat' dir='ltr'><strong>panibus,</strong></span> <span class='ocrx_word' id='word_1_98' title='bbox 368 1493 402 1545; x_wconf 88' lang='lat' dir='ltr'><strong>et</strong></span> <span class='ocrx_word' id='word_1_99' title='bbox 422 1482 496 1546; x_wconf 89' lang='lat' dir='ltr'><strong>dum</strong></span> <span class='ocrx_word' id='word_1_100' title='bbox 519 1482 663 1546; x_wconf 85' lang='lat' dir='ltr'><strong>solemne</strong></span> <span class='ocrx_word' id='word_1_101' title='bbox 691 1483 872 1546; x_wconf 86' lang='lat' dir='ltr'><strong>instaurant</strong></span> <span class='ocrx_word' id='word_1_102' title='bbox 901 1484 1101 1565; x_wconf 88' lang='lat' dir='ltr'><strong>convivium,</strong></span> <span class='ocrx_word' id='word_1_103' title='bbox 1123 1500 1237 1565; x_wconf 89' lang='lat' dir='ltr'><strong>panes</strong></span> <span class='ocrx_word' id='word_1_104' title='bbox 1259 1485 1362 1546; x_wconf 82' lang='lat' dir='ltr'><strong>subci-</strong></span> 
     </span>
     <span class='ocr_line' id='line_1_13' title="bbox 191 1586 1361 1669; baseline -0.005 -15"><span class='ocrx_word' id='word_1_105' title='bbox 191 1590 324 1654; x_wconf 89' lang='lat' dir='ltr'><strong>nerilios</strong></span> <span class='ocrx_word' id='word_1_106' title='bbox 345 1588 477 1669; x_wconf 87' lang='lat' dir='ltr'><strong>iaciunt,</strong></span> <span class='ocrx_word' id='word_1_107' title='bbox 501 1605 617 1650; x_wconf 88' lang='lat' dir='ltr'><strong>carnes</strong></span> <span class='ocrx_word' id='word_1_108' title='bbox 632 1607 712 1650; x_wconf 89' lang='lat' dir='ltr'><strong>vero</strong></span> <span class='ocrx_word' id='word_1_109' title='bbox 733 1588 839 1650; x_wconf 90' lang='lat' dir='ltr'><strong>adbuc</strong></span> <span class='ocrx_word' id='word_1_110' title='bbox 860 1596 1011 1650; x_wconf 78' lang='lat' dir='ltr'><strong>cruentes</strong></span> <span class='ocrx_word' id='word_1_111' title='bbox 1029 1586 1237 1650; x_wconf 79' lang='lat' dir='ltr'><strong>manducant</strong></span> <span class='ocrx_word' id='word_1_112' title='bbox 1258 1597 1294 1649; x_wconf 90' lang='lat' dir='ltr'><strong>et</strong></span> <span class='ocrx_word' id='word_1_113' title='bbox 1315 1589 1361 1650; x_wconf 85' lang='lat' dir='ltr'><strong>de-</strong></span> 
     </span>
     <span class='ocr_line' id='line_1_14' title="bbox 192 1691 1358 1775; baseline -0.007 -17"><span class='ocrx_word' id='word_1_114' title='bbox 192 1694 375 1758; x_wconf 76' lang='lat' dir='ltr'><strong>ficientibus</strong></span> <span class='ocrx_word' id='word_1_115' title='bbox 409 1691 507 1774; x_wconf 84' lang='lat' dir='ltr'><strong>lignis</strong></span> <span class='ocrx_word' id='word_1_116' title='bbox 539 1693 630 1775; x_wconf 88' lang='lat' dir='ltr'><strong>ipsos</strong></span> <span class='ocrx_word' id='word_1_117' title='bbox 661 1711 779 1756; x_wconf 85' lang='lat' dir='ltr'><strong>cantes</strong></span> <span class='ocrx_word' id='word_1_118' title='bbox 808 1693 926 1756; x_wconf 86' lang='lat' dir='ltr'><strong>crudas</strong></span> <span class='ocrx_word' id='word_1_119' title='bbox 957 1710 1055 1774; x_wconf 90' lang='lat' dir='ltr'><strong>snper</strong></span> <span class='ocrx_word' id='word_1_120' title='bbox 1088 1692 1190 1754; x_wconf 88' lang='lat' dir='ltr'><strong>latum</strong></span> <span class='ocrx_word' id='word_1_121' title='bbox 1228 1693 1358 1775; x_wconf 75' lang='lat' dir='ltr'><strong>lepide·</strong></span> 
     </span>
     <span class='ocr_line' id='line_1_15' title="bbox 194 1797 1359 1882; baseline -0.003 -22"><span class='ocrx_word' id='word_1_122' title='bbox 194 1805 333 1882; x_wconf 92' lang='lat' dir='ltr'><strong>ponunt,</strong></span> <span class='ocrx_word' id='word_1_123' title='bbox 350 1806 382 1859; x_wconf 89' lang='lat' dir='ltr'><strong>et</strong></span> <span class='ocrx_word' id='word_1_124' title='bbox 413 1797 458 1860; x_wconf 90' lang='lat' dir='ltr'><strong>ita</strong></span> <span class='ocrx_word' id='word_1_125' title='bbox 479 1815 556 1860; x_wconf 89' lang='lat' dir='ltr'><strong>caro</strong></span> <span class='ocrx_word' id='word_1_126' title='bbox 586 1798 770 1861; x_wconf 73' lang='lat' dir='ltr'><strong>exsiccatur</strong></span> <span class='ocrx_word' id='word_1_127' title='bbox 800 1800 860 1862; x_wconf 89' lang='lat' dir='ltr'><strong>sub</strong></span> <span class='ocrx_word' id='word_1_128' title='bbox 891 1797 1050 1880; x_wconf 85' lang='lat' dir='ltr'><strong>lapidibus</strong></span> <span class='ocrx_word' id='word_1_129' title='bbox 1082 1804 1116 1858; x_wconf 85' lang='lat' dir='ltr'><strong>et</strong></span> <span class='ocrx_word' id='word_1_130' title='bbox 1150 1797 1290 1879; x_wconf 85' lang='lat' dir='ltr'><strong>celelit,</strong></span> <span class='ocrx_word' id='word_1_131' title='bbox 1309 1815 1359 1880; x_wconf 86' lang='lat' dir='ltr'><strong>qno</strong></span> 
     </span>
     <span class='ocr_line' id='line_1_16' title="bbox 195 1889 1359 1985; baseline -0.007 -18"><span class='ocrx_word' id='word_1_132' title='bbox 195 1903 282 1967; x_wconf 81' lang='lat' dir='ltr'><strong>iacto</strong></span> <span class='ocrx_word' id='word_1_133' title='bbox 312 1902 420 1964; x_wconf 86' lang='lat' dir='ltr'><strong>levato</strong></span> <span class='ocrx_word' id='word_1_134' title='bbox 448 1889 610 1983; x_wconf 88' lang='lat' dir='ltr'><strong>superiori</strong></span> <span class='ocrx_word' id='word_1_135' title='bbox 633 1902 741 1985; x_wconf 78' lang='lat' dir='ltr'><strong>lepide</strong></span> <span class='ocrx_word' id='word_1_136' title='bbox 771 1905 952 1975; x_wconf 79' lang='lat' dir='ltr'><strong>inferiorem</strong></span> <span class='ocrx_word' id='word_1_137' title='bbox 986 1920 1044 1984; x_wconf 90' lang='lat' dir='ltr'><strong>pro</strong></span> <span class='ocrx_word' id='word_1_138' title='bbox 1078 1919 1195 1964; x_wconf 80' lang='lat' dir='ltr'><strong>mensa</strong></span> <span class='ocrx_word' id='word_1_139' title='bbox 1232 1905 1359 1966; x_wconf 87' lang='lat' dir='ltr'><strong>retinent</strong></span> 
     </span>
     <span class='ocr_line' id='line_1_17' title="bbox 195 2006 1358 2096; baseline -0.003 -25"><span class='ocrx_word' id='word_1_140' title='bbox 195 2009 296 2072; x_wconf 82' lang='lat' dir='ltr'><strong>etita</strong></span> <span class='ocrx_word' id='word_1_141' title='bbox 314 2008 537 2096; x_wconf 68' lang='lat' dir='ltr'><strong>eernemjsine</strong></span> <span class='ocrx_word' id='word_1_142' title='bbox 557 2008 621 2070; x_wconf 88' lang='lat' dir='ltr'><strong>alia</strong></span> <span class='ocrx_word' id='word_1_143' title='bbox 633 2008 821 2071; x_wconf 90' lang='lat' dir='ltr'><strong>decoctione</strong></span> <span class='ocrx_word' id='word_1_144' title='bbox 833 2008 1036 2085; x_wconf 84' lang='lat' dir='ltr'><strong>manducent.</strong></span> <span class='ocrx_word' id='word_1_145' title='bbox 1064 2006 1264 2070; x_wconf 87' lang='lat' dir='ltr'><strong>Vescuntur</strong></span> <span class='ocrx_word' id='word_1_146' title='bbox 1275 2011 1358 2070; x_wconf 81' lang='lat' dir='ltr'><strong>etim</strong></span> 
     </span>
     <span class='ocr_line' id='line_1_18' title="bbox 166 2110 1358 2203; baseline -0.004 -25"><span class='ocrx_word' id='word_1_147' title='bbox 166 2187 176 2203; x_wconf 47' lang='grc'><strong><em>,</em></strong></span> <span class='ocrx_word' id='word_1_148' title='bbox 195 2114 385 2197; x_wconf 84' lang='lat' dir='ltr'><strong>quibudam</strong></span> <span class='ocrx_word' id='word_1_149' title='bbox 409 2110 572 2176; x_wconf 84' lang='lat' dir='ltr'><strong>radicibus</strong></span> <span class='ocrx_word' id='word_1_150' title='bbox 599 2122 631 2174; x_wconf 90' lang='lat' dir='ltr'><strong>et</strong></span> <span class='ocrx_word' id='word_1_151' title='bbox 652 2113 766 2176; x_wconf 89' lang='lat' dir='ltr'><strong>herbis·</strong></span> <span class='ocrx_word' id='word_1_152' title='bbox 790 2122 823 2176; x_wconf 88' lang='lat' dir='ltr'><strong>et</strong></span> <span class='ocrx_word' id='word_1_153' title='bbox 850 2114 903 2177; x_wconf 91' lang='lat' dir='ltr'><strong>lac</strong></span> <span class='ocrx_word' id='word_1_154' title='bbox 922 2111 1116 2175; x_wconf 81' lang='lat' dir='ltr'><strong>camelorum</strong></span> <span class='ocrx_word' id='word_1_155' title='bbox 1144 2121 1179 2172; x_wconf 91' lang='lat' dir='ltr'><strong>et</strong></span> <span class='ocrx_word' id='word_1_156' title='bbox 1202 2114 1358 2174; x_wconf 80' lang='lat' dir='ltr'><strong>asinarum</strong></span> 
     </span>
     <span class='ocr_line' id='line_1_19' title="bbox 194 2199 1359 2301; baseline -0.006 -19"><span class='ocrx_word' id='word_1_157' title='bbox 194 2199 311 2282; x_wconf 86' lang='lat' dir='ltr'><strong>bibunt</strong></span> <span class='ocrx_word' id='word_1_158' title='bbox 328 2227 362 2280; x_wconf 88' lang='lat' dir='ltr'><strong>et</strong></span> <span class='ocrx_word' id='word_1_159' title='bbox 381 2216 498 2279; x_wconf 87' lang='lat' dir='ltr'><strong>rodunt</strong></span> <span class='ocrx_word' id='word_1_160' title='bbox 515 2217 704 2280; x_wconf 86' lang='lat' dir='ltr'><strong>durissimos</strong></span> <span class='ocrx_word' id='word_1_161' title='bbox 725 2221 928 2301; x_wconf 84' lang='lat' dir='ltr'><strong>paximatius.</strong></span> <span class='ocrx_word' id='word_1_162' title='bbox 945 2216 1052 2296; x_wconf 46' lang='lat' dir='ltr'><strong>,undo</strong></span> <span class='ocrx_word' id='word_1_163' title='bbox 1072 2215 1114 2277; x_wconf 90' lang='lat' dir='ltr'><strong>de</strong></span> <span class='ocrx_word' id='word_1_164' title='bbox 1134 2214 1200 2276; x_wconf 91' lang='lat' dir='ltr'><strong>boc</strong></span> <span class='ocrx_word' id='word_1_165' title='bbox 1218 2217 1273 2277; x_wconf 90' lang='lat' dir='ltr'><strong>sic</strong></span> <span class='ocrx_word' id='word_1_166' title='bbox 1294 2213 1359 2276; x_wconf 81' lang='lat' dir='ltr'><strong>dicit</strong></span> 
     </span>
     <span class='ocr_line' id='line_1_20' title="bbox 195 2319 1359 2412; baseline -0.003 -27"><span class='ocrx_word' id='word_1_167' title='bbox 195 2323 391 2406; x_wconf 88' lang='lat' dir='ltr'><strong>Jeronymus</strong></span> <span class='ocrx_word' id='word_1_168' title='bbox 412 2323 525 2385; x_wconf 87' lang='lat' dir='ltr'><strong>contra</strong></span> <span class='ocrx_word' id='word_1_169' title='bbox 538 2321 708 2412; x_wconf 81' lang='lat' dir='ltr'><strong>Jovinum:</strong></span> <span class='ocrx_word' id='word_1_170' title='bbox 730 2322 858 2385; x_wconf 85' lang='lat' dir='ltr'><strong>Arabes</strong></span> <span class='ocrx_word' id='word_1_171' title='bbox 876 2332 908 2384; x_wconf 89' lang='lat' dir='ltr'><strong>et</strong></span> <span class='ocrx_word' id='word_1_172' title='bbox 929 2321 1101 2384; x_wconf 79' lang='lat' dir='ltr'><strong>sarraceni</strong></span> <span class='ocrx_word' id='word_1_173' title='bbox 1121 2319 1359 2402; x_wconf 77' lang='lat' dir='ltr'><strong>ichthyophagi,</strong></span> 
     </span>
     <span class='ocr_line' id='line_1_21' title="bbox 153 2412 1359 2490; baseline -0.005 0"><span class='ocrx_word' id='word_1_174' title='bbox 153 2447 157 2452; x_wconf 87' lang='lat'><em>·</em></span> <span class='ocrx_word' id='word_1_175' title='bbox 195 2426 380 2490; x_wconf 88' lang='lat' dir='ltr'><strong>Ismaelitae</strong></span> <span class='ocrx_word' id='word_1_176' title='bbox 398 2435 433 2489; x_wconf 91' lang='lat' dir='ltr'><strong>et</strong></span> <span class='ocrx_word' id='word_1_177' title='bbox 452 2428 557 2490; x_wconf 91' lang='lat' dir='ltr'><strong>omnis</strong></span> <span class='ocrx_word' id='word_1_178' title='bbox 575 2412 821 2490; x_wconf 82' lang='lat' dir='ltr'><strong>eremibarbari</strong></span> <span class='ocrx_word' id='word_1_179' title='bbox 839 2426 1032 2488; x_wconf 88' lang='lat' dir='ltr'><strong>camelorum</strong></span> <span class='ocrx_word' id='word_1_180' title='bbox 1055 2424 1142 2486; x_wconf 89' lang='lat' dir='ltr'><strong>laete</strong></span> <span class='ocrx_word' id='word_1_181' title='bbox 1163 2435 1202 2486; x_wconf 87' lang='lat' dir='ltr'><strong>et</strong></span> <span class='ocrx_word' id='word_1_182' title='bbox 1215 2413 1359 2488; x_wconf 83' lang='lat' dir='ltr'><strong>earnlbm</strong></span> 
     </span>
     <span class='ocr_line' id='line_1_22' title="bbox 196 2521 1361 2622; baseline -0.004 -28"><span class='ocrx_word' id='word_1_183' title='bbox 196 2531 322 2612; x_wconf 83' lang='lat' dir='ltr'><strong>vivunt,</strong></span> <span class='ocrx_word' id='word_1_184' title='bbox 334 2530 410 2616; x_wconf 80' lang='lat' dir='ltr'><strong>quia</strong></span> <span class='ocrx_word' id='word_1_185' title='bbox 419 2529 604 2622; x_wconf 85' lang='lat' dir='ltr'><strong>¹hujusmodi</strong></span> <span class='ocrx_word' id='word_1_186' title='bbox 619 2532 741 2622; x_wconf 80' lang='lat' dir='ltr'><strong>animal</strong></span> <span class='ocrx_word' id='word_1_187' title='bbox 749 2551 806 2612; x_wconf 85' lang='lat' dir='ltr'><strong>pro</strong></span> <span class='ocrx_word' id='word_1_188' title='bbox 817 2521 971 2618; x_wconf 81' lang='lat' dir='ltr'><strong>tempore.</strong></span> <span class='ocrx_word' id='word_1_189' title='bbox 985 2527 1019 2592; x_wconf 85' lang='lat' dir='ltr'><strong>et&#39;</strong></span> <span class='ocrx_word' id='word_1_190' title='bbox 1032 2521 1204 2591; x_wconf 84' lang='lat' dir='ltr'><strong>sterilitate</strong></span> <span class='ocrx_word' id='word_1_191' title='bbox 1226 2531 1361 2612; x_wconf 78' lang='lat' dir='ltr'><strong>regionis</strong></span> 
     </span>
     <span class='ocr_line' id='line_1_23' title="bbox 168 2615 1360 2719; baseline -0.002 -21"><span class='ocrx_word' id='word_1_192' title='bbox 168 2641 172 2648; x_wconf 86' lang='lat'><em>&#39;</em></span> <span class='ocrx_word' id='word_1_193' title='bbox 197 2615 294 2698; x_wconf 67' lang='lat' dir='ltr'><strong>facile</strong></span> <span class='ocrx_word' id='word_1_194' title='bbox 304 2633 389 2715; x_wconf 90' lang='lat' dir='ltr'><strong>apud</strong></span> <span class='ocrx_word' id='word_1_195' title='bbox 405 2652 462 2715; x_wconf 82' lang='lat' dir='ltr'><strong>eos</strong></span> <span class='ocrx_word' id='word_1_196' title='bbox 472 2637 615 2719; x_wconf 83' lang='lat' dir='ltr'><strong>gignitur</strong></span> <span class='ocrx_word' id='word_1_197' title='bbox 626 2645 659 2697; x_wconf 89' lang='lat' dir='ltr'><strong>et</strong></span> <span class='ocrx_word' id='word_1_198' title='bbox 669 2632 860 2718; x_wconf 82' lang='lat' dir='ltr'><strong>n&#39;utrit&#39;ur,et</strong></span> <span class='ocrx_word' id='word_1_199' title='bbox 874 2637 966 2698; x_wconf 88' lang='lat' dir='ltr'><strong>nefas</strong></span> <span class='ocrx_word' id='word_1_200' title='bbox 978 2629 1360 2716; x_wconf 78' lang='lat' dir='ltr'><strong>arbitrentur,&#39;poreomm</strong></span> 
     </span>
     <span class='ocr_line' id='line_1_24' title="bbox 170 2721 1359 2825; baseline 0.002 -27"><span class='ocrx_word' id='word_1_201' title='bbox 170 2790 174 2798; x_wconf 86' lang='lat'><em>.</em></span> <span class='ocrx_word' id='word_1_202' title='bbox 197 2741 289 2804; x_wconf 89' lang='lat' dir='ltr'><strong>vesci</strong></span> <span class='ocrx_word' id='word_1_203' title='bbox 308 2740 468 2803; x_wconf 85' lang='lat' dir='ltr'><strong>carnibus.</strong></span> <span class='ocrx_word' id='word_1_204' title='bbox 497 2742 583 2805; x_wconf 87' lang='lat' dir='ltr'><strong>Sues</strong></span> <span class='ocrx_word' id='word_1_205' title='bbox 604 2721 781 2825; x_wconf 59' lang='lat' dir='ltr'><strong>enim,&#39;qui</strong></span> <span class='ocrx_word' id='word_1_206' title='bbox 800 2740 920 2825; x_wconf 78' lang='lat' dir='ltr'><strong>glande</strong></span> <span class='ocrx_word' id='word_1_207' title='bbox 940 2748 975 2822; x_wconf 83' lang='lat' dir='ltr'><strong>et</strong></span> <span class='ocrx_word' id='word_1_208' title='bbox 995 2739 1169 2819; x_wconf 86' lang='lat' dir='ltr'><strong>castaneis,</strong></span> <span class='ocrx_word' id='word_1_209' title='bbox 1192 2738 1359 2818; x_wconf 69' lang='lat' dir='ltr'><strong>radiabas,</strong></span> 
     </span>
     <span class='ocr_line' id='line_1_25' title="bbox 196 2828 1360 2930; baseline -0.004 -21"><span class='ocrx_word' id='word_1_210' title='bbox 196 2846 285 2910; x_wconf 80' lang='lat' dir='ltr'><strong>filice</strong></span> <span class='ocrx_word' id='word_1_211' title='bbox 297 2854 334 2910; x_wconf 84' lang='lat' dir='ltr'><strong>¹et</strong></span> <span class='ocrx_word' id='word_1_212' title='bbox 354 2844 476 2908; x_wconf 87' lang='lat' dir='ltr'><strong>hordeo</strong></span> <span class='ocrx_word' id='word_1_213' title='bbox 496 2846 541 2908; x_wconf 92' lang='lat' dir='ltr'><strong>ali</strong></span> <span class='ocrx_word' id='word_1_214' title='bbox 561 2846 678 2928; x_wconf 88' lang='lat' dir='ltr'><strong>solent,</strong></span> <span class='ocrx_word' id='word_1_215' title='bbox 691 2828 777 2928; x_wconf 91' lang='lat' dir='ltr'><strong>apud</strong></span> <span class='ocrx_word' id='word_1_216' title='bbox 793 2859 851 2908; x_wconf 88' lang='lat' dir='ltr'><strong>eos</strong></span> <span class='ocrx_word' id='word_1_217' title='bbox 872 2865 937 2908; x_wconf 92' lang='lat' dir='ltr'><strong>non</strong></span> <span class='ocrx_word' id='word_1_218' title='bbox 958 2846 1178 2925; x_wconf 85' lang='lat' dir='ltr'><strong>inveniuntur,</strong></span> <span class='ocrx_word' id='word_1_219' title='bbox 1190 2834 1268 2930; x_wconf 76' lang='lat' dir='ltr'><strong>eun</strong></span> <span class='ocrx_word' id='word_1_220' title='bbox 1287 2845 1360 2906; x_wconf 84' lang='lat' dir='ltr'><strong>baec</strong></span> 
     </span>
     <span class='ocr_line' id='line_1_26' title="bbox 199 2933 1360 3035; baseline -0.005 -19"><span class='ocrx_word' id='word_1_221' title='bbox 199 2933 354 3016; x_wconf 81' lang='lat' dir='ltr'><strong>alimenta</strong></span> <span class='ocrx_word' id='word_1_222' title='bbox 373 2951 619 3013; x_wconf 84' lang='lat' dir='ltr'><strong>non·ba&#39;beant.·</strong></span> <span class='ocrx_word' id='word_1_223' title='bbox 650 2951 698 3013; x_wconf 84' lang='lat' dir='ltr'><strong>lli</strong></span> <span class='ocrx_word' id='word_1_224' title='bbox 718 2969 817 3032; x_wconf 89' lang='lat' dir='ltr'><strong>super</strong></span> <span class='ocrx_word' id='word_1_225' title='bbox 835 2943 945 3035; x_wconf 82' lang='lat' dir='ltr'><strong>petras</strong></span> <span class='ocrx_word' id='word_1_226' title='bbox 965 2949 1046 3011; x_wconf 88' lang='lat' dir='ltr'><strong>solis</strong></span> <span class='ocrx_word' id='word_1_227' title='bbox 1072 2949 1240 3010; x_wconf 73' lang='lat' dir='ltr'><strong>ferventes</strong></span> <span class='ocrx_word' id='word_1_228' title='bbox 1262 2949 1360 3011; x_wconf 85' lang='lat' dir='ltr'><strong>calere</strong></span> 
     </span>
     <span class='ocr_line' id='line_1_27' title="bbox 197 3041 1360 3148; baseline -0.005 -28"><span class='ocrx_word' id='word_1_229' title='bbox 197 3043 312 3120; x_wconf 74' lang='lat' dir='ltr'><strong>assant</strong></span> <span class='ocrx_word' id='word_1_230' title='bbox 332 3056 442 3140; x_wconf 88' lang='lat' dir='ltr'><strong>pisces</strong></span> <span class='ocrx_word' id='word_1_231' title='bbox 463 3041 606 3148; x_wconf 28' lang='lat' dir='ltr'><strong>deumnri</strong></span> <span class='ocrx_word' id='word_1_232' title='bbox 627 3056 723 3118; x_wconf 89' lang='lat' dir='ltr'><strong>rubro</strong></span> <span class='ocrx_word' id='word_1_233' title='bbox 743 3063 859 3138; x_wconf 75' lang='lat' dir='ltr'><strong>captos</strong></span> <span class='ocrx_word' id='word_1_234' title='bbox 880 3063 915 3116; x_wconf 88' lang='lat' dir='ltr'><strong>et</strong></span> <span class='ocrx_word' id='word_1_235' title='bbox 946 3053 1101 3116; x_wconf 80' lang='lat' dir='ltr'><strong>bec&#39;solo</strong></span> <span class='ocrx_word' id='word_1_236' title='bbox 1121 3053 1282 3115; x_wconf 85' lang='lat' dir='ltr'><strong>alimento</strong></span> <span class='ocrx_word' id='word_1_237' title='bbox 1296 3054 1360 3115; x_wconf 88' lang='lat' dir='ltr'><strong>vio·</strong></span> 
     </span>
     <span class='ocr_line' id='line_1_28' title="bbox 198 3155 1359 3242; baseline -0.003 -19"><span class='ocrx_word' id='word_1_238' title='bbox 198 3162 301 3224; x_wconf 89' lang='lat' dir='ltr'><strong>titant.</strong></span> <span class='ocrx_word' id='word_1_239' title='bbox 345 3161 390 3238; x_wconf 71' lang='lat' dir='ltr'><strong>Et</strong></span> <span class='ocrx_word' id='word_1_240' title='bbox 411 3161 487 3242; x_wconf 88' lang='lat' dir='ltr'><strong>quia</strong></span> <span class='ocrx_word' id='word_1_241' title='bbox 516 3161 652 3239; x_wconf 81' lang='lat' dir='ltr'><strong>incertis</strong></span> <span class='ocrx_word' id='word_1_242' title='bbox 672 3161 805 3224; x_wconf 86' lang='lat' dir='ltr'><strong>sedibus</strong></span> <span class='ocrx_word' id='word_1_243' title='bbox 824 3163 889 3230; x_wconf 83' lang='lat' dir='ltr'><strong>lure</strong></span> <span class='ocrx_word' id='word_1_244' title='bbox 908 3161 1018 3242; x_wconf 74' lang='lat' dir='ltr'><strong>atque·</strong></span> <span class='ocrx_word' id='word_1_245' title='bbox 1034 3158 1112 3220; x_wconf 83' lang='lat' dir='ltr'><strong>illue</strong></span> <span class='ocrx_word' id='word_1_246' title='bbox 1139 3158 1174 3220; x_wconf 87' lang='lat' dir='ltr'><strong>in</strong></span> <span class='ocrx_word' id='word_1_247' title='bbox 1195 3155 1359 3220; x_wconf 74' lang='lat' dir='ltr'><strong>solitudine</strong></span> 
     </span>
     <span class='ocr_line' id='line_1_29' title="bbox 198 3261 1358 3350; baseline -0.004 -22"><span class='ocrx_word' id='word_1_248' title='bbox 198 3269 359 3347; x_wconf 78' lang='lat' dir='ltr'><strong>vagantur</strong></span> <span class='ocrx_word' id='word_1_249' title='bbox 365 3309 376 3347; x_wconf 94' lang='lat'><strong>,</strong></span> <span class='ocrx_word' id='word_1_250' title='bbox 397 3264 470 3327; x_wconf 91' lang='lat' dir='ltr'><strong>ideo</strong></span> <span class='ocrx_word' id='word_1_251' title='bbox 489 3266 633 3326; x_wconf 87' lang='lat' dir='ltr'><strong>viatores</strong></span> <span class='ocrx_word' id='word_1_252' title='bbox 654 3265 912 3350; x_wconf 82' lang='lat' dir='ltr'><strong>conglobantur,</strong></span> <span class='ocrx_word' id='word_1_253' title='bbox 932 3271 971 3325; x_wconf 90' lang='lat' dir='ltr'><strong>nt</strong></span> <span class='ocrx_word' id='word_1_254' title='bbox 998 3264 1168 3324; x_wconf 86' lang='lat' dir='ltr'><strong>imminens</strong></span> <span class='ocrx_word' id='word_1_255' title='bbox 1189 3261 1358 3344; x_wconf 73' lang='lat' dir='ltr'><strong>pericolum</strong></span> 
     </span>
     <span class='ocr_line' id='line_1_30' title="bbox 199 3363 1359 3455; baseline -0.004 -25"><span class='ocrx_word' id='word_1_256' title='bbox 199 3369 448 3432; x_wconf 83' lang='lat' dir='ltr'><strong>mutuoauxilio</strong></span> <span class='ocrx_word' id='word_1_257' title='bbox 470 3368 658 3431; x_wconf 87' lang='lat' dir='ltr'><strong>declinetur.</strong></span> <span class='ocrx_word' id='word_1_258' title='bbox 691 3371 743 3434; x_wconf 81' lang='lat' dir='ltr'><strong>lix</strong></span> <span class='ocrx_word' id='word_1_259' title='bbox 766 3372 819 3435; x_wconf 90' lang='lat' dir='ltr'><strong>bis</strong></span> <span class='ocrx_word' id='word_1_260' title='bbox 840 3379 939 3455; x_wconf 78' lang='lat' dir='ltr'><strong>petet,</strong></span> <span class='ocrx_word' id='word_1_261' title='bbox 961 3368 1048 3452; x_wconf 81' lang='lat' dir='ltr'><strong>qnod</strong></span> <span class='ocrx_word' id='word_1_262' title='bbox 1067 3367 1144 3431; x_wconf 89' lang='lat' dir='ltr'><strong>olim</strong></span> <span class='ocrx_word' id='word_1_263' title='bbox 1164 3367 1253 3428; x_wconf 74' lang='lat' dir='ltr'><strong>siml</strong></span> <span class='ocrx_word' id='word_1_264' title='bbox 1274 3363 1359 3429; x_wconf 85' lang='lat' dir='ltr'><strong>lrodie</strong></span> 
     </span>
     <span class='ocr_line' id='line_1_31' title="bbox 100 3470 1359 3558; baseline -0.004 -22"><span class='ocrx_word' id='word_1_265' title='bbox 100 3529 104 3536; x_wconf 89' lang='lat'><em>.</em></span> <span class='ocrx_word' id='word_1_266' title='bbox 198 3470 319 3535; x_wconf 81' lang='lat' dir='ltr'><strong>deserti</strong></span> <span class='ocrx_word' id='word_1_267' title='bbox 354 3474 598 3554; x_wconf 44' lang='lat' dir='ltr'><strong>perambulatio,¹</strong></span> <span class='ocrx_word' id='word_1_268' title='bbox 623 3476 773 3538; x_wconf 88' lang='lat' dir='ltr'><strong>insecura</strong></span> <span class='ocrx_word' id='word_1_269' title='bbox 800 3484 931 3558; x_wconf 89' lang='lat' dir='ltr'><strong>propter</strong></span> <span class='ocrx_word' id='word_1_270' title='bbox 965 3473 1110 3535; x_wconf 77' lang='lat' dir='ltr'><strong>Arabum</strong></span> <span class='ocrx_word' id='word_1_271' title='bbox 1151 3473 1359 3545; x_wconf 78' lang='lat' dir='ltr'><strong>invasionem,</strong></span> 
     </span>
     <span class='ocr_line' id='line_1_32' title="bbox 200 3565 1360 3662; baseline 0.001 -26"><span class='ocrx_word' id='word_1_272' title='bbox 200 3565 437 3659; x_wconf 78' lang='lat' dir='ltr'><strong>quampes&#39;sus</strong></span> <span class='ocrx_word' id='word_1_273' title='bbox 472 3576 721 3662; x_wconf 79' lang='lat' dir='ltr'><strong>luit&#39;blalcbus,</strong></span> <span class='ocrx_word' id='word_1_274' title='bbox 753 3589 790 3641; x_wconf 88' lang='lat' dir='ltr'><strong>ut</strong></span> <span class='ocrx_word' id='word_1_275' title='bbox 818 3581 915 3641; x_wconf 85' lang='lat' dir='ltr'><strong>babet</strong></span> <span class='ocrx_word' id='word_1_276' title='bbox 947 3580 1143 3659; x_wconf 78' lang='lat' dir='ltr'><strong>Jerouymns</strong></span> <span class='ocrx_word' id='word_1_277' title='bbox 1164 3576 1199 3638; x_wconf 85' lang='lat' dir='ltr'><strong>in</strong></span> <span class='ocrx_word' id='word_1_278' title='bbox 1232 3573 1360 3658; x_wconf 82' lang='lat' dir='ltr'><strong>epistola</strong></span> 
     </span>
     <span class='ocr_line' id='line_1_33' title="bbox 200 3679 1097 3772; baseline -0.001 -29"><span class='ocrx_word' id='word_1_279' title='bbox 200 3679 322 3761; x_wconf 89' lang='lat' dir='ltr'><strong>captivi</strong></span> <span class='ocrx_word' id='word_1_280' title='bbox 343 3684 508 3764; x_wconf 82' lang='lat' dir='ltr'><strong>monachi,</strong></span> <span class='ocrx_word' id='word_1_281' title='bbox 528 3685 614 3772; x_wconf 82' lang='lat' dir='ltr'><strong>sieut</strong></span> <span class='ocrx_word' id='word_1_282' title='bbox 633 3683 773 3747; x_wconf 86' lang='lat' dir='ltr'><strong>babetu&#39;r</strong></span> <span class='ocrx_word' id='word_1_283' title='bbox 793 3684 827 3747; x_wconf 88' lang='lat' dir='ltr'><strong>iu</strong></span> <span class='ocrx_word' id='word_1_284' title='bbox 847 3685 935 3746; x_wconf 77' lang='lat' dir='ltr'><strong>Vitis</strong></span> <span class='ocrx_word' id='word_1_285' title='bbox 948 3683 1097 3746; x_wconf 77' lang='lat' dir='ltr'><strong>rnmm.</strong></span> 
     </span>
     <span class='ocr_line' id='line_1_34' title="bbox 281 3783 1359 3878; baseline 0.001 -30"><span class='ocrx_word' id='word_1_286' title='bbox 281 3785 333 3848; x_wconf 85' lang='lat' dir='ltr'><strong>De</strong></span> <span class='ocrx_word' id='word_1_287' title='bbox 354 3787 406 3858; x_wconf 88' lang='lat' dir='ltr'><strong>bia</strong></span> <span class='ocrx_word' id='word_1_288' title='bbox 427 3789 555 3850; x_wconf 87' lang='lat' dir='ltr'><strong>miseris</strong></span> <span class='ocrx_word' id='word_1_289' title='bbox 576 3787 802 3878; x_wconf 81' lang='lat' dir='ltr'><strong>videturesse</strong></span> <span class='ocrx_word' id='word_1_290' title='bbox 821 3787 901 3867; x_wconf 80' lang='lat' dir='ltr'><strong>illud</strong></span> <span class='ocrx_word' id='word_1_291' title='bbox 920 3788 995 3850; x_wconf 87' lang='lat' dir='ltr'><strong>Job.</strong></span> <span class='ocrx_word' id='word_1_292' title='bbox 1015 3785 1068 3850; x_wconf 56' lang='grc' dir='ltr'><strong>Μ</strong></span> <span class='ocrx_word' id='word_1_293' title='bbox 1096 3785 1235 3862; x_wconf 81' lang='lat' dir='ltr'><strong>Horum,</strong></span> <span class='ocrx_word' id='word_1_294' title='bbox 1255 3783 1359 3865; x_wconf 79' lang='lat' dir='ltr'><strong>inquil.</strong></span> 
     </span>
     <span class='ocr_line' id='line_1_35' title="bbox 174 3889 1360 3976; baseline -0.001 -27"><span class='ocrx_word' id='word_1_295' title='bbox 174 3899 309 3976; x_wconf 86' lang='lat' dir='ltr'><strong>patres</strong></span> <span class='ocrx_word' id='word_1_296' title='bbox 332 3910 398 3954; x_wconf 88' lang='lat' dir='ltr'><strong>non</strong></span> <span class='ocrx_word' id='word_1_297' title='bbox 422 3891 579 3974; x_wconf 77' lang='lat' dir='ltr'><strong>dignabar</strong></span> <span class='ocrx_word' id='word_1_298' title='bbox 598 3912 721 3976; x_wconf 89' lang='lat' dir='ltr'><strong>ponere</strong></span> <span class='ocrx_word' id='word_1_299' title='bbox 744 3911 817 3955; x_wconf 87' lang='lat' dir='ltr'><strong>eum</strong></span> <span class='ocrx_word' id='word_1_300' title='bbox 840 3893 977 3955; x_wconf 88' lang='lat' dir='ltr'><strong>canibus</strong></span> <span class='ocrx_word' id='word_1_301' title='bbox 996 3891 1109 3974; x_wconf 84' lang='lat' dir='ltr'><strong>gregis</strong></span> <span class='ocrx_word' id='word_1_302' title='bbox 1138 3889 1222 3970; x_wconf 85' lang='lat' dir='ltr'><strong>rael,</strong></span> <span class='ocrx_word' id='word_1_303' title='bbox 1243 3895 1279 3949; x_wconf 87' lang='lat' dir='ltr'><strong>et</strong></span> <span class='ocrx_word' id='word_1_304' title='bbox 1298 3889 1360 3950; x_wconf 83' lang='lat' dir='ltr'><strong>vita</strong></span> 
     </span>
     <span class='ocr_line' id='line_1_36' title="bbox 200 3983 1361 4080; baseline -0.005 -21"><span class='ocrx_word' id='word_1_305' title='bbox 200 3998 274 4080; x_wconf 85' lang='lat' dir='ltr'><strong>ipsa</strong></span> <span class='ocrx_word' id='word_1_306' title='bbox 294 3997 524 4079; x_wconf 83' lang='lat' dir='ltr'><strong>reputabantur</strong></span> <span class='ocrx_word' id='word_1_307' title='bbox 542 3996 679 4078; x_wconf 85' lang='lat' dir='ltr'><strong>indigni,</strong></span> <span class='ocrx_word' id='word_1_308' title='bbox 701 4003 850 4080; x_wconf 89' lang='lat' dir='ltr'><strong>egestate</strong></span> <span class='ocrx_word' id='word_1_309' title='bbox 871 3983 1013 4060; x_wconf 74' lang='lat' dir='ltr'><strong>etfama</strong></span> <span class='ocrx_word' id='word_1_310' title='bbox 1032 3993 1173 4073; x_wconf 82' lang='lat' dir='ltr'><strong>steriles,</strong></span> <span class='ocrx_word' id='word_1_311' title='bbox 1193 3994 1250 4074; x_wconf 83' lang='lat' dir='ltr'><strong>qui</strong></span> <span class='ocrx_word' id='word_1_312' title='bbox 1270 3991 1361 4054; x_wconf 84' lang='lat' dir='ltr'><strong>rode-</strong></span> 
     </span>
     <span class='ocr_line' id='line_1_37' title="bbox 200 4093 1361 4186; baseline -0.003 -23"><span class='ocrx_word' id='word_1_313' title='bbox 200 4102 280 4163; x_wconf 88' lang='lat' dir='ltr'><strong>bant</strong></span> <span class='ocrx_word' id='word_1_314' title='bbox 292 4093 332 4164; x_wconf 72' lang='lat' dir='ltr'><strong>&#39;&#39;in</strong></span> <span class='ocrx_word' id='word_1_315' title='bbox 353 4100 526 4164; x_wconf 88' lang='lat' dir='ltr'><strong>solitudine</strong></span> <span class='ocrx_word' id='word_1_316' title='bbox 546 4102 735 4184; x_wconf 83' lang='lat' dir='ltr'><strong>squalentes</strong></span> <span class='ocrx_word' id='word_1_317' title='bbox 745 4102 939 4186; x_wconf 39' lang='lat' dir='ltr'><strong>,calamitate</strong></span> <span class='ocrx_word' id='word_1_318' title='bbox 958 4109 993 4162; x_wconf 88' lang='lat' dir='ltr'><strong>et</strong></span> <span class='ocrx_word' id='word_1_319' title='bbox 1012 4099 1154 4178; x_wconf 69' lang='lat' dir='ltr'><strong>misem,</strong></span> <span class='ocrx_word' id='word_1_320' title='bbox 1176 4103 1212 4157; x_wconf 87' lang='lat' dir='ltr'><strong>et</strong></span> <span class='ocrx_word' id='word_1_321' title='bbox 1232 4096 1361 4160; x_wconf 74' lang='lat' dir='ltr'><strong>mde-</strong></span> 
     </span>
     <span class='ocr_line' id='line_1_38' title="bbox 201 4203 1361 4286; baseline -0.002 -21"><span class='ocrx_word' id='word_1_322' title='bbox 201 4205 279 4266; x_wconf 79' lang='lat' dir='ltr'><strong>bnnt</strong></span> <span class='ocrx_word' id='word_1_323' title='bbox 307 4205 426 4268; x_wconf 88' lang='lat' dir='ltr'><strong>herbas</strong></span> <span class='ocrx_word' id='word_1_324' title='bbox 455 4215 490 4268; x_wconf 88' lang='lat' dir='ltr'><strong>et</strong></span> <span class='ocrx_word' id='word_1_325' title='bbox 517 4207 665 4270; x_wconf 86' lang='lat' dir='ltr'><strong>arborum</strong></span> <span class='ocrx_word' id='word_1_326' title='bbox 696 4208 834 4271; x_wconf 86' lang='lat' dir='ltr'><strong>eortiees</strong></span> <span class='ocrx_word' id='word_1_327' title='bbox 864 4215 898 4270; x_wconf 85' lang='lat' dir='ltr'><strong>at</strong></span> <span class='ocrx_word' id='word_1_328' title='bbox 928 4204 1021 4271; x_wconf 85' lang='lat' dir='ltr'><strong>radix</strong></span> <span class='ocrx_word' id='word_1_329' title='bbox 1047 4203 1266 4286; x_wconf 72' lang='lat' dir='ltr'><strong>juniperorum</strong></span> <span class='ocrx_word' id='word_1_330' title='bbox 1299 4209 1361 4264; x_wconf 87' lang='lat' dir='ltr'><strong>erat</strong></span> 
     </span>
     <span class='ocr_line' id='line_1_39' title="bbox 139 4303 436 4372; baseline 0.003 -10"><span class='ocrx_word' id='word_1_331' title='bbox 139 4337 143 4344; x_wconf 93' lang='lat'>·</span> <span class='ocrx_word' id='word_1_332' title='bbox 203 4303 296 4362; x_wconf 84' lang='lat' dir='ltr'><strong>cibus</strong></span> <span class='ocrx_word' id='word_1_333' title='bbox 316 4322 436 4372; x_wconf 79' lang='lat' dir='ltr'><strong>eornm.</strong></span> 
     </span>
    </p>
   </div>
   <div class='ocr_carea' id='block_1_3' title="bbox 0 0 1436 4882">
    <p class='ocr_par' dir='ltr' id='par_1_3' title="bbox 0 0 1436 4882">
     <span class='ocr_line' id='line_1_40' title="bbox 0 0 1436 4882; baseline 0 0"><span class='ocrx_word' id='word_1_334' title='bbox 0 0 1436 4882; x_wconf 95' lang='lat' dir='ltr'><strong> </strong></span> 
     </span>
    </p>
   </div>
  </div>
 </body>
</html>
