2948 4876
186 403 304 472 maredo
326 401 368 466 ad
387 398 471 464 diem
491 399 659 466 solemn
680 401 825 484 paschae
845 399 1084 484 Jemoolynam
1095 447 1107 483 ,
1134 401 1240 466 multi
1264 413 1404 468 tamen

184 531 249 576 ιιιιιι
269 517 401 592 propter
426 504 544 570 desum
564 515 702 589 tantum,
723 505 783 568 sed
809 511 847 568 ut
867 503 1065 570 'miraculum
1078 509 1173 590 ignis
1207 510 1402 574 coelestis

168 605 224 680 'in-
245 613 359 696 vigilie
387 610 531 693 paschae
557 619 750 694 cernerent,
784 619 961 693 venerunt,
981 621 1014 674 et
1043 613 1235 696 prodigium
1258 616 1310 676 in
1339 615 1401 678 dio

186 716 389 804 ιιιοοιιιιιιιιίιι
407 714 544 781 'Domui
565 718 599 778 iu
620 724 730 778 moute
764 714 909 796 oliveti,
950 717 1036 778 sicut
1056 727 1146 806 patet
1174 734 1297 800 supra
1333 721 1397 789 fol.

87 819 90 828 ’
188 827 247 892 ihi
271 833 304 886 et
328 823 382 886 l'ol.
406 820 469 884 tto
490 819 530 882 u
573 820 696 906 Divina
713 822 814 884 etiam
841 830 918 884 tunc
939 823 1044 884 virtus
1076 824 1273 890 manifestis
1304 847 1396 908 pro-

187 931 285 1014 digiis
305 930 411 992 locum
433 923 525 986 illum
553 901 762 1006 magnificare
782 945 848 987 non
870 925 966 990 desiit
987 927 1227 1024 multiplicibus
1250 931 1389 1012 signis.

188 1035 284 1100 Unde
304 1051 388 1095 anno
415 1029 544 1120 Domini
576 1029 712 1092 DLXX.
753 1031 931 1094 menachus
962 1032 1190 1116 Bernhardus,
1223 1035 1388 1098 mouille

140 1189 143 1196 ι
188 1135 481 1216 claraevallensis,
506 1133 566 1196 sed
588 1134 672 1196 alius
692 1145 843 1216 saneim,
876 1136 992 1198 vidit
981 1155 1088 1220 rgnern
1113 1155 1221 1220 saepe
1247 1140 1382 1203 dictum

189 1245 231 1308 de
252 1241 343 1306 coelo
363 1238 594 1302 descendere
585 1257 620 1302 ιιι
639 1239 796 1322 templum
818 1239 970 1304 dominici
983 1242 1246 1326 sepulchri,·qui
1271 1247 1384 1308 multa

189 1349 231 1412 de
252 1366 291 1410 eo
312 1345 424 1408 scribit
444 1346 477 1406 in
498 1363 559 1408 suo
580 1347 811 1427 peregrinatio.
831 1347 966 1428 Magni
989 1356 1095 1414 autern
1116 1357 1206 1434 tuncv
1234 1359 1383 1432 reputa-

145 1504 149 1513 .
190 1454 306 1517 hantui
339 1448 514 1512 Christiani
535 1457 667 1533 propter
694 1449 801 1531 ἰςιιοιιι
833 1449 923 1512 illum
953 1451 1149 1533 paschalem.
1197 1453 1382 1519 Ostende-

190 1559 286 1622 hatur
306 1554 401 1616 etiarn
423 1562 501 1615 tune
529 1561 645 1617 saneta
665 1571 746 1617 crux
773 1564 807 1617 et
837 1552 980 1637 reliquae
1001 1557 1155 1640 reliquiae
1193 1564 1215 1646 a
1251 1557 1378 1624 sancta

193 1662 322 1728 Helena
342 1660 387 1722 ibi
408 1657 602 1722 reconditae.
645 1657 740 1722 Unde
761 1659 880 1742 legitur
900 1659 935 1722 S.
953 1661 1090 1726 Mariam
1120 1662 1377 1746 Aegyptiacam

193 1770 306 1833 adhuc
325 1764 538 1849 peccatricem
577 1781 651 1825 cum
684 1762 757 1824 aliis
789 1765 821 1825 in
854 1765 1038 1828 Jerusalem
1068 1766 1297 1832 adscendisse
1336 1771 1375 1834 ad

194 1871 368 1938 videndam
391 1876 539 1932 sanctam
561 1885 706 1950 crucem,
741 1866 800 1930 sed
821 1867 966 1932 admisse
997 1888 1062 1934 ιιιιιι
1084 1871 1159 1952 init,
1192 1892 1374 1959 quousque

122 2041 127 2048 ,
193 1979 450 2048 emendationem
472 1975 562 2036 vitae
582 1972 683 2053 vovit,
705 1982 741 2034 ut
766 1975 884 2056 patet'
875 1994 909 2036 ιιι
931 1974 1002 2056 ejus
1023 1976 1212 2058 Legenda.

146 2141 150 2150 .
210 2115 213 2122 ι
277 2086 364 2147 lnter
384 2079 549 2175 praesules
571 2077 652 2140 duos
673 2079 893 2161 imperatores,
916 2065 1166 2166 Cpnstaritinum
1187 2091 1224 2144 et
1236 2084 1372 2148 Herac-

185 2157 283 2273 lium,
305 2187 398 2270 regni
418 2174 637 2270 gubernacula
662 2185 807 2264 suscepit
827 2149 978 2247 Julianus
998 2186 1172 2268 Apostata
1178 2205 1268 2251 arrnc
1293 2191 1369 2257 363.

195 2292 261 2357 llic
294 2291 410 2354 invidit
437 2290 561 2372 gloriae
593 2288 716 2352 Christi
741 2296 781 2349 et
809 2287 1086 2374 Christianorum,
1115 2302 1250 2375 propter
1282 2296 1368 2378 quod

195 2395 340 2461 Judoeos
356 2411 469 2482 omues
490 2393 711 2477 congregavit,
729 2401 762 2455 et
783 2396 936 2474 expensis
951 2396 1037 2458 datis
1046 2397 1287 2479 Jerosolymam
1307 2404 1368 2461 mi-

120 2522 144 2548 ·=
188 2503 252 2582 sit,
274 2509 308 2564 ut
330 2500 364 2558 in
386 2515 463 2559 area
483 2497 594 2560 Arnae
619 2498 788 2579 templum
819 2497 1027 2561 aedificarent
1067 2498 1101 2560 in
1134 2502 1367 2608 praejudicinm

111 2673 117 2685 ,
195 2605 329 2690 gloriosi
351 2601 462 2683 templi
483 2599 631 2665 dominici
652 2604 824 2686 sepulchri,
846 2602 932 2703 qued
960 2621 1018 2685 per
1041 2602 1248 2670 universum
1267 2628 1365 2672 mun-

169 2709 273 2798 'dum
286 2699 587 2796 magnificabatur,
617 2702 680 2770 sed
713 2727 786 2772 cum
814 2717 939 2792 qneuta
970 2709 1160 2772 confusione
1193 2709 1235 2771 ab
1268 2729 1366 2792 opero

199 2830 332 2916 cessare
352 2813 457 2897 coacti
481 2809 611 2876 fuerunt
632 2823 720 2896 patet
741 2832 847 2912 supra
858 2813 919 2876 l'ol
941 2813 1014 2878 279.
1036 2814 1132 2895 clare.
1238 2809 1241 2816 ’

163 2993 167 3004 ¹
271 2907 428 3004 Depulsa
447 2919 577 2998 haeresi
595 2905 720 3006 A'riana·
740 2920 779 2980 ah
804 2919 944 2988 ecclesia
970 2893 1266 3008 Jerosnlymitauu',
1290 2893 1361 2982 cnm

66 3017 69 3024 ’
167 3061 170 3066 -
195 3025 264 3108 jam
286 3026 441 3090 universi
437 3024 564 3087 fideles
585 3023 736 3117 copiose
732 3022 779 3085 ad
801 3025 1005 3107 sepulchrum
1027 3025 1154 3089 Domini
1177 3023 1385 3108 defluerent,

198 3148 238 3194 ac
255 3131 321 3213 jam
340 3151 406 3212 pax
428 3139 460 3192 et
481 3131 605 3191 sanitas
627 3107 755 3190 floreret
776 3131 839 3192 et
828 3148 861 3214 ιιι
867 3121 935 3192 l'ris
950 3129 1157 3190 beatissimus
1168 3129 1359 3210 Jeronyruus

188 3233 401 3324 ,Bethlehemi
422 3231 564 3315 degeret,
596 3232 683 3295 aliud
705 3241 851 3298 exortum
880 3234 990 3296 estin
1019 3221 1161 3296 ecclesia
1192 3235 1358 3316 Jerosoly-

200 3338 331 3429 mitaue'
354 3335 492 3417 malunt,
528 3337 670 3400 schisma
698 3337 861 3420 quoddam
895 3359 952 3421 pro
989 3337 1221 3438 jurisdictione.
1270 3331 1350 3406 Ntlur'

94 3427 117 3489 ἶ
201 3415 335 3504 sdnctus
358 3439 717 3522 episcopusSalaminis
743 3443 854 3542 Cypri,
876 3433 1086 3528 Epiphanius,
1110 3441 1244 3503 veniens
1262 3433 1355 3502 Jeru-

200 3537 301 3608 selem
346 3562 418 3606 curn
451 3546 485 3607 in
528 3546 645 3628 templo
677 3531 784 3614 sancti
824 3551 987 3631 sepulchri
1028 3549 1208 3631 disputaret
1252 3553 1354 3606 contra

173 3697 177 3706 .
201 3649 350 3751 haeresin
371 3643 533 3728 origenis,
554 3648 754 3730 indignatus
764 3655 937 3736 episcopus
954 3651 1100 3712 Joaunes
1118 3649 1351 3736 Jerosolymita-

201 3739 263 3818 nus
293 3761 326 3816 et
357 3771 469 3828 omnies
495 3752 609 3815 clerici
643 3751 715 3833 ejus
749 3755 846 3818 silere
875 3756 1044 3837 jusserunt
1070 3754 1111 3817 de
1139 3755 1202 3818 hac
1232 3754 1349 3815 materia

194 3856 366 3924 'sanctum
375 3859 503 3942 virum,
527 3879 565 3921 eo
587 3867 694 3920 autern
716 3858 749 3920 in
768 3863 861 3922 suum
884 3861 1053 3924 redeunte
1069 3860 1175 3922 locum
1207 3852 1349 3937 prohibuit

199 3959 369 4026 dohannes
392 3963 575 4044 episcopus,
606 3980 648 4022 ne
665 3978 724 4040 pro
759 3961 982 4026 sacerdotibus
1003 3962 1208 4042 haberentur,
1239 3959 1348 4042 quial
1421 4031 1422 4056 ι

202 4061 384 4144 Epiphanio
405 4063 547 4126 tuissent
569 4061 723 4147 ordinati,
745 4075 778 4127 et
796 4082 909 4130 ornnes
930 4071 1043 4126 contra
1068 4075 1203 4130 sanctos
1234 4079 1372 4126 cneoru-⁴

202 4165 394 4260 municuyit,
425 4165 512 4228 unde
534 4166 667 4257 accidit,
690 4175 728 4231 ut
749 4171 829 4232 solis
855 4170 1027 4236 hac'retieis
1055 4180 1180 4254 pateret
1201 4152 1347 4252 ingressus

202 4269 243 4332 ed
265 4270 457 4358 dominicum
479 4270 684 4355 sepulchrum
706 4275 801 4337 etad
823 4285 971 4341 sanctum
1003 4277 1149 4342 osculum
1170 4278 1277 4342 crucio.
1302 4273 1346 4336 lle
