2954 4914
750 277 812 342 15⁰

194 477 258 524 non
280 459 341 522 nisi
356 457 450 541 quasi
468 467 622 521 curvatus
639 466 748 540 potest
768 458 956 521 consistere.
979 454 1053 522 Nec
1071 459 1233 527 acclamas
1248 477 1360 524 eorum

195 572 272 627 sunt
293 562 392 626 multo
414 562 648 626 ambitiosioras
669 563 886 626 tabenraculis
907 566 1144 648 monachorum,
1159 583 1244 648 quae
1266 567 1361 628 simi-

197 663 332 731 litarde
353 666 517 730 contextis
538 667 675 750 virgulis
701 667 843 749 parietes
864 667 985 729 habent
1007 668 1074 733 luto
1093 672 1259 750 obtectos,
1281 667 1361 730 alti·
1464 669 1465 764 ,

195 772 308 837 tudine
329 770 485 834 duntaxat
506 773 757 854 praestantiores
788 757 1016 834 monachorum
1051 772 1280 838 tabernaculis.
1323 773 1361 835 ln

195 881 318 941 vestitu
350 893 459 940 aarum
482 877 562 940 nibil
583 878 779 958 pretiosum,
810 875 888 939 nibil
910 875 1059 940 decorum
1082 886 1232 964 apparat,
1263 877 1361 940 etiam

195 982 307 1063 bodie,
329 981 479 1065 quamvis
501 981 645 1044 moderni
667 979 813 1042 monachi
837 980 1009 1047 orientales
1037 981 1134 1064 longe
1155 983 1220 1044 sint
1240 999 1262 1042 a
1284 998 1362 1063 per-

195 1089 336 1152 fectione
357 1103 488 1148 suornm
510 1093 770 1166 antecessorum,
804 1087 859 1168 qui
881 1089 914 1147 iu
937 1085 1065 1148 melotis
1086 1094 1120 1150 et
1141 1086 1280 1169 pellibus
1302 1076 1363 1148 ca-

195 1195 297 1286 prinis
325 1200 357 1254 et
389 1190 552 1253 contextis
574 1189 751 1272 deplectis
773 1190 949 1282 palmarum
972 1191 1078 1273 palliis
1099 1191 1304 1270 incedebant,
1328 1198 1363 1252 et

196 1300 341 1382 plerique
361 1293 438 1357 nudi
459 1293 524 1355 diei
545 1293 671 1357 calores
691 1303 724 1356 et
746 1295 853 1357 noctis
875 1295 1003 1377 algores
1026 1297 1229 1360 sustinebant
1250 1291 1361 1356 multis

197 1403 307 1483 annis,
330 1418 394 1461 non
415 1398 574 1460 babentes
595 1399 659 1460 alia
692 1400 875 1463 habitacula
913 1399 975 1460 nisi
1001 1407 1163 1480 petrarum
1184 1417 1360 1480 cavernas,

196 1525 258 1570 nec
279 1513 367 1567 certo
389 1502 460 1564 loeo
478 1503 664 1580 manebant,
687 1503 745 1565 sed
768 1502 888 1566 deserti
909 1503 1021 1564 intima
1038 1507 1262 1584 penetrabant,
1285 1503 1363 1566 lun-

196 1613 271 1694 gius
293 1627 330 1670 se
350 1609 390 1668 ab
412 1605 594 1667 hominibus
617 1607 828 1690 elongabant,
852 1617 885 1671 et
905 1607 940 1669 hi
962 1625 1023 1667 nec
1043 1626 1101 1687 pro
1123 1599 1276 1672 convictu
1297 1625 1362 1670 uec

197 1715 314 1778 amictu
342 1709 606 1774 sollicitabantur.
652 1697 765 1777 cibus
781 1715 880 1776 etiam
914 1712 1062 1774 omnium*
1088 1713 1290 1776 orientalium
1325 1717 1362 1772 et

196 1827 308 1903 potus,
342 1823 377 1878 et
397 1815 563 1897 potissime
585 1819 828 1900 monachorum,
862 1825 912 1880 est
934 1819 1161 1899 tenuissimus,
1190 1824 1227 1899 et
1247 1816 1361 1880 vinum

196 1920 382 1984 saeculares
403 1919 613 1982 communiter
637 1940 701 1983 non
724 1922 836 1984 bibunt
875 1923 940 1996 nisi
972 1921 1061 2004 r'aro,
1094 1922 1242 1990 monachi
1262 1938 1361 1982 num-

83 2053 84 2057 *
197 2045 302 2117 qnam,
351 2025 407 2096 stt,
425 2024 470 2085 ita
506 2024 726 2106 parcissimis,
747 2026 901 2108 expensis
934 2014 1059 2089 vivuth
1109 2025 1178 2090 Sed
1212 2023 1361 2089 monachi

197 2130 415 2196 occidentales
436 2131 628 2210 econtrario
650 2130 842 2194 lautissimis
869 2131 1024 2212 expensis
1052 2131 1241 2193 nutriuntur.
1264 2128 1361 2192 Unda

197 2235 232 2303 S.
243 2236 440 2316 Jeronyrou
462 2234 494 2294 iu
517 2233 654 2315 quadam
677 2234 814 2318 epistola
834 2242 948 2297 contra
970 2252 1027 2297 eos
1045 2234 1208 2297 invehitur
1224 2233 1359 2317 dicens,

197 2357 254 2402 eos
275 2357 379 2420 usqua
409 2336 452 2398 ad
473 2340 626 2399 vomitum
647 2339 771 2401 salini.
803 2338 940 2420 Propter
961 2338 1046 2422 quod
1069 2339 1361 2401 dictaminimica-

196 2444 314 2505 bantur
335 2442 395 2503 sibi
417 2439 636 2504 occidentales
658 2444 817 2506 morrachi.
853 2441 989 2520 Quidam
1012 2451 1116 2505 auteur
1139 2445 1192 2506 vir
1212 2449 1360 2522 sanetus,

197 2545 373 2618 monachus
394 2543 621 2626 occidentalis,
644 2565 716 2608 cum
739 2547 771 2609 id
792 2547 953 2610 diceretur
974 2547 1093 2610 dictum
1116 2567 1135 2610 a
1156 2548 1360 2628 s.=Jerony-

198 2670 267 2734 mo,
301 2647 482 2731 respondit:
513 2650 725 2734 Jeronymuro
755 2654 789 2713 in
821 2653 884 2715 boc
924 2652 1171 2735 reprehendisse
1203 2650 1359 2735 quosdam

191 2753 385 2837 crapuloaos
407 2755 581 2817 monachos
603 2738 793 2836 orientales,
816 2755 944 2839 diceris,
978 2756 1064 2840 quod
1086 2757 1245 2836 edacitas,
1276 2773 1360 2837 quas

198 2858 454 2930 accidentalibus
476 2869 527 2923 est
559 2870 690 2944 tratura,
723 2861 932 2923 orientalibus
961 2870 1013 2924 est
1037 2861 1132 2943 gula,
1164 2871 1201 2923 ut
1222 2861 1360 2922 babetur

198 2969 232 3032 in
253 2965 349 3048 Spec.
372 2966 554 3030 Historia.
580 2968 630 3030 18.
653 2985 683 3036 e.
706 2966 755 3029 10.
778 2975 811 3027 et
834 2966 882 3028 ta.
898 2962 1093 3046 -Ubitetiam,
1106 2967 1253 3047 habetur,
1273 2962 1358 3046 qrrod

198 3071 325 3159 quidam
348 3071 495 3137 monachi
527 3071 746 3136 occidentales
778 3069 939 3132 desertum
970 3069 1115 3154 Aegypti
1137 3069 1296 3152 ingrcssi,
1323 3076 1359 3130 nt

197 3177 347 3240 viderent
386 3177 561 3240 monachos
604 3175 796 3254 orientales,
829 3170 957 3256 quidam
997 3173 1038 3238 ad
1086 3175 1202 3238 callam
1247 3171 1360 3253 cujus-

188 3279 271 3341 dam
304 3280 395 3340 senis
431 3280 614 3360 venisseor,
652 3287 685 3340 et
716 3287 791 3361 post
826 3279 1005 3342 orationem
1037 3287 1071 3340 et
1101 3279 1389 3346 exhortationem.

187 3363 407 3448 'ao-mensem
427 3381 552 3442 invitati
575 3401 593 3442 a
613 3399 693 3443 sene
714 3380 895 3463 sedissent,
925 3383 1074 3464 apposuit
1104 3384 1185 3465 ipsis
1216 3383 1359 3466 quinque

199 3483 352 3552 iratribus
374 3482 537 3546 dimidium
558 3503 674 3566 panem
706 3485 919 3549 hordeaceum
961 3494 993 3547 et
1016 3486 1206 3550 fasciculum
1227 3488 1360 3568 herbae,

199 3603 282 3669 quae
310 3586 425 3650 similis
452 3593 582 3650 mentae
615 3597 700 3672 erat,
741 3591 923 3653 exuberans
955 3589 1042 3654 foliis
1076 3573 1186 3654 mallei
1220 3591 1360 3672 saporis.

197 3693 292 3760 Hanc
314 3707 471 3756 annonam
494 3693 637 3775 quinque
661 3694 821 3758 tratribus
841 3696 1023 3778 appositam
1054 3712 1127 3758 curu
1149 3713 1233 3758 uuus
1255 3695 1362 3758 dovo-

199 3799 318 3876 rasset,
336 3803 368 3856 et
384 3795 471 3859 nullo
490 3795 584 3860 modo
605 3798 741 3863 satiatus
753 3801 878 3880 luisset,
899 3798 973 3862 licet
993 3817 1051 3880 pro
1067 3797 1179 3862 decoro
1193 3799 1361 3862 monacbis

199 3897 407 3965 orientalibus
429 3899 606 3994 'sufficiens
633 3899 760 3966 fnisset.
803 3902 987 3985 Inaequalis
1009 3909 1125 3985 nempe
1146 3912 1198 3966 est
1220 3902 1362 3967 conditio

199 4019 366 4084 corporum
396 4003 598 4070 orientalium
611 4019 652 4072 et
673 4007 937 4088 occidentalium,
970 4007 1047 4089 quia
1068 4006 1216 4070 dissimili
1238 4005 1364 4070 effluxu

199 4105 385 4172 alliciuntur
415 4124 583 4190 corporum
614 4111 814 4195 coelestium.
857 4111 902 4174 Et
931 4110 1005 4173 ideo
1027 4117 1117 4174 certa
1145 4111 1268 4174 ueritas
1297 4118 1363 4193 est,

199 4209 285 4294 quod
315 4211 414 4277 multa
442 4213 509 4276 sint
541 4213 796 4282 occidentalibus
830 4215 1017 4278 necessaria
1038 4235 1080 4277 ex
1108 4225 1243 4296 natura,
1276 4231 1364 4296 quae

198 4315 405 4384 orientalibus
426 4328 537 4396 ossam
557 4319 736 4402 superflua,
762 4325 803 4378 et
825 4319 942 4382 vitiosa
970 4318 1065 4399 gula,
1097 4326 1133 4382 et
1154 4319 1218 4382 boc
1239 4326 1304 4383 tam
1328 4319 1363 4384 iu
