2926 5050
218 640 458 726 lepidumst,
472 636 697 722 umpiotmtni,
717 635 759 699 ad
774 635 959 718 jaciendum
980 639 1060 720 apti.
1107 639 1384 722 itaergsstabant

218 748 265 812 illi
287 755 400 810 contra
420 745 503 806 istos
524 751 556 804 et
578 742 831 806 conclamabunt.
873 742 1005 806 Patroni
1024 751 1057 805 et
1077 743 1385 808 Tmtscheinasuus

218 851 329 916 maltis
344 849 509 914 isboribus
519 865 632 930 pacem
646 847 803 929 iecerunt,
823 854 858 909 st
873 865 960 909 nnnc
980 848 1035 912 bic
1055 865 1142 912 nuno
1160 849 1205 912 ibi
1216 847 1383 912 tumultun

215 955 388 1035 sedebm,
409 954 487 1038 quia
506 951 626 1015 multos
646 970 771 1014 verme
779 960 963 1034 coeperant.
1006 950 1089 1015 cum
1106 960 1215 1018 autera
1230 953 1384 1016 tumulus

216 1060 353 1126 sedatus
375 1067 464 1135 esset
495 1065 529 1120 et
559 1057 840 1138 mersitonam,
876 1053 1005 1139 quidum
1026 1055 1230 1122 &uramus
1259 1057 1385 1122 occulte

213 1167 339 1250 jaetsre
358 1165 465 1245 eoepit
487 1179 561 1226 cum
582 1159 748 1244 lapidibus
775 1162 810 1224 in
829 1160 1006 1224 exercitum
1036 1163 1291 1244 peregrinorum
1336 1160 1385 1222 Ad

215 1271 280 1336 hoc
300 1269 485 1334 resuscitati
506 1284 621 1330 omnes
641 1265 684 1329 sd
706 1265 831 1348 lapides
863 1267 1064 1330 cucurrimus
1101 1275 1134 1328 et
1161 1283 1236 1328 eum
1254 1266 1385 1348 mugnis

139 1427 151 1448 ,
215 1375 410 1440 clamoribus
446 1369 770 1436 Trutschelmsnnum
807 1370 1033 1433 invocavimus
1067 1378 1102 1432 et
1137 1378 1296 1452 patrms
1306 1408 1320 1445 ,
1353 1377 1385 1430 ot

215 1486 423 1562 protegerent
444 1494 504 1540 nos
528 1477 569 1539 ab
595 1475 668 1538 istis
699 1475 888 1538 istronibus.
929 1474 973 1536 [tt
993 1473 1123 1557 quidam
1147 1473 1189 1536 do
1208 1475 1334 1537 nstris
1354 1475 1384 1534 in

216 1584 416 1648 Sarraccm
436 1580 563 1664 lapides
584 1581 756 1660 misserunt,
777 1577 1014 1661 propterquod
1036 1579 1110 1640 irsti
1133 1597 1214 1642 cum
1246 1579 1385 1644 exemtis

218 1687 338 1772 gladiis
359 1685 613 1766 descenderunt,
640 1691 796 1765 cogentes
811 1699 883 1766 nos,
904 1682 1029 1765 lapidea
1057 1683 1186 1746 levatos
1206 1683 1383 1764 deponem·

217 1791 345 1856 Videus
365 1799 474 1855 sutem
494 1788 804 1852 Trutschelmennus
824 1787 1079 1870 Subotiryteueo,
1101 1787 1237 1853 Csiiuns
1270 1788 1383 1869 meino,

216 1895 303 1980 quod
332 1896 425 1958 ambo
456 1901 567 1978 partes
603 1889 715 1973 (195
737 1892 800 1970 Δ)
831 1891 1085 1955 exardescerent
1115 1893 1151 1956 iu
1181 1892 1327 1955 invicem
1354 1899 1383 1952 st

216 1999 366 2064 dentibus
387 1999 571 2080 fremerent,
602 1996 793 2079 desperatus
820 1996 863 2060 de
890 2013 973 2078 pecs
990 1995 1091 2077 jussit
1118 2013 1254 2078 surgere
1280 2005 1383 2059 totum

216 2105 393 2167 exercitum
414 2104 457 2167 ad
476 2119 653 2166 receerunt.
694 2101 738 2162 Dt
758 2102 803 2162 ita
824 2101 935 2164 asinos
956 2099 1162 2164 ascendimus
1184 2109 1216 2163 et
1246 2099 1382 2164 deloco

217 2209 275 2272 ilio
295 2208 469 2272 meledicto
491 2207 696 2270 recessimus.
738 2203 847 2285 Hujus
873 2204 936 2268 loci
961 2206 1203 2268 insecuritstem
1223 2204 1383 2268 Dominus

214 2311 317 2378 Jesus
345 2322 500 2378 memoret
521 2311 632 2375 Lucae
652 2310 694 2372 X.
727 2309 770 2371 de
791 2328 841 2392 eo,
871 2311 927 2392 qni
949 2309 1115 2372 descendit
1137 2309 1179 2372 de
1197 2308 1381 2372 Jerusalem

216 2421 249 2481 in
265 2419 411 2493 deflebo,
435 2419 490 2500 qui
511 2413 624 2478 inuidit
645 2414 678 2475 iu
700 2413 852 2476 latrones.
896 2415 949 2475 De
968 2431 1033 2497 qno
1055 2415 1178 2496 patebit
1196 2413 1251 2476 fot.
1265 2413 1381 2477 illd.

215 2522 260 2583 Et
280 2520 517 2603 quodammodo
537 2521 570 2582 in
593 2519 705 2600 maiori
734 2517 960 2601 periculones
982 2517 1110 2599 iuimtts,
1143 2521 1218 2602 quie
1238 2518 1382 2580 latrones

216 2622 383 2686 nobiscum
412 2625 446 2686 in
476 2625 598 2686 nostris
618 2625 773 2703 expensis
795 2621 955 2686 duximus.
1009 2621 1209 2686 Tolerabiles
1241 2623 1383 2684 fuissent

130 2786 134 2794 .
215 2726 360 2790 latrones
380 2728 494 2810 ignoti,
515 2729 591 2807 quie
613 2724 745 2788 dicitur:
768 2729 887 2790 inimici
910 2727 1077 2791 domestici
1095 2728 1237 2810 pessimi.
1279 2727 1382 2790 Porro

216 2828 332 2892 domus
352 2830 425 2911 ilia,
451 2830 547 2912 juxta
567 2847 662 2913 quarn
690 2848 820 2894 manere
842 2832 1052 2912 volebamus,
1084 2832 1188 2894 suaerat
1218 2831 1382 2914 quondam

193 2933 401 3015 -hospitium,
429 2952 517 2996 more
538 2932 750 2997 orientolium.
792 2936 976 3000 Aedificant
997 2940 1082 3000 enim
1103 2939 1136 3000 in
1158 2938 1221 3000 viis
1242 2935 1382 3018 publicis

218 3053 355 3121 magnas
377 3037 492 3103 domus
513 3058 586 3102 enm
606 3039 716 3102 multis
748 3041 886 3104 etebnlis
907 3043 1043 3106 inferius
1068 3051 1103 3104 et
1134 3041 1260 3107 cellulis
1277 3057 1382 3122 supe-

217 3143 295 3226 rius,
327 3161 385 3226 pro
417 3145 526 3227 qtriete
558 3147 734 3210 bestiarum
754 3154 788 3208 et
809 3146 993 3229 hominum,
1024 3156 1058 3210 et
1081 3155 1147 3212 stat
1168 3145 1282 3208 domus
1309 3145 1384 3205 sine

213 3249 429 3314 inhabitatore
449 3259 483 3314 et
502 3251 574 3313 sine
593 3250 787 3334 supellectili
798 3267 871 3313 eum
886 3261 978 3334 porte
999 3261 1120 3336 aperte,
1142 3248 1261 3312 etdum
1283 3248 1383 3311 aliem

214 3354 260 3418 ibi
279 3363 463 3438 transcunt,
485 3358 605 3420 intrare
626 3368 764 3437 possum
797 3363 830 3417 ct
858 3357 890 3418 in
912 3359 1026 3420 umbre
1047 3357 1235 3440 quiescere,
1266 3361 1302 3415 et
1327 3370 1381 3430 ee,

215 3474 301 3539 quae
321 3459 505 3541 important,
525 3467 663 3541 possunt
683 3456 895 3542 munducar03
923 3462 968 3524 ibi
995 3479 1057 3524 neo
1087 3477 1186 3525 cocus
1206 3475 1269 3520 nee
1298 3473 1383 3518 coca

217 3569 276 3621 est.
318 3561 450 3625 Hshent
470 3562 556 3622 enim
578 3559 695 3622 cameli
717 3561 853 3624 onererit
873 3581 952 3628 suos
972 3575 1079 3629 certos
1100 3565 1273 3645 terminos,
1294 3577 1382 3644 quos

215 3679 280 3724 non
302 3663 590 3744 transgrediuntur,
616 3662 675 3726 scd
697 3665 741 3727 ibi
766 3666 947 3752 quieseunt,
970 3679 1003 3734 et
1023 3673 1233 3734 communiter
1252 3668 1286 3730 in
1312 3665 1382 3730 iilis

215 3767 361 3829 terminis
381 3773 472 3828 sturm
491 3765 569 3828 telis
585 3767 726 3849 hospitia
745 3789 803 3852 pro
825 3774 934 3856 quiete
954 3775 1128 3838 bestiarum
1149 3781 1184 3836 et
1204 3771 1380 3835 hominum.

214 3869 289 3932 Nec
304 3873 507 3951 reperiuntur
534 3873 568 3932 in
590 3874 716 3936 oriente
737 3874 799 3937 ulie
828 3876 989 3960 hospitio,
1013 3879 1077 3940 nisi
1097 3878 1177 3940 teliu
1199 3877 1387 3942 diversoria·

215 3991 331 4058 ncne,
353 3977 387 4039 in
408 3975 526 4058 quibus
548 3977 625 4040 nihil
647 3986 708 4060 est,
729 3981 793 4042 nisi
813 3980 1005 4065 qucdhomo
1022 3984 1182 4064 importat.
1223 3982 1265 4044 Dt
1279 3977 1380 4044 vide-

215 4088 284 4161 tur,
307 4079 393 4163 quod
413 4097 541 4163 semper
559 4081 637 4145 teliu
655 4082 833 4148 diversoria
853 4085 972 4148 inerint
1004 4087 1143 4168 hospitia
1164 4085 1378 4150 orientalium:

215 4180 309 4246 Unde
332 4183 448 4248 dicitur
470 4182 591 4248 Gerros.
611 4187 662 4250 te.
705 4187 748 4252 de
771 4188 924 4252 iratribus
944 4189 1080 4272 ioseph,
1102 4189 1188 4272 quod
1209 4191 1243 4254 in
1265 4189 1376 4252 diver·

215 4289 301 4350 sorio
315 4289 494 4354 existentes
512 4307 597 4354 unns
608 4293 734 4374 aperuit
749 4309 892 4377 succum,
914 4301 950 4356 ut
971 4293 1063 4356 daret
1075 4295 1198 4358 besuae
1212 4293 1376 4377 pabulum.

213 4391 256 4452 lit
276 4391 383 4455 ondi
404 4393 475 4458 lV.:
508 4394 640 4458 volebat
666 4395 824 4457 Dominus
854 4394 1004 4458 occidere
1031 4396 1172 4475 Moysen
1203 4395 1238 4454 in
1265 4392 1378 4456 divor-

215 4496 302 4556 sorio
323 4504 515 4560 manentem.
568 4496 614 4558 Dt
638 4495 797 4558 Dominus
824 4505 921 4560 natm
954 4503 1007 4558 est
1035 4497 1069 4556 in
1099 4495 1277 4558 diversorio
1307 4495 1376 4580 tali,
