<?xml version="1.0" encoding="UTF-8"?>
<!DOCTYPE html PUBLIC "-//W3C//DTD XHTML 1.0 Transitional//EN"
    "http://www.w3.org/TR/xhtml1/DTD/xhtml1-transitional.dtd">
<html xmlns="http://www.w3.org/1999/xhtml" xml:lang="en" lang="en">
 <head>
  <title>
</title>
<meta http-equiv="Content-Type" content="text/html;charset=utf-8" />
  <meta name='ocr-system' content='tesseract 3.04.00' />
  <meta name='ocr-capabilities' content='ocr_page ocr_carea ocr_par ocr_line ocrx_word'/>
</head>
<body>
  <div class='ocr_page' id='page_1' title='image "./fratrisfelicisf02fabrgoog_0388.png"; bbox 0 0 2842 4882; ppageno 0'>
   <div class='ocr_carea' id='block_1_1' title="bbox 566 190 702 320">
    <p class='ocr_par' dir='ltr' id='par_1_1' title="bbox 566 190 702 320">
     <span class='ocr_line' id='line_1_1' title="bbox 566 190 702 320; baseline 0 -20"><span class='ocrx_word' id='word_1_1' title='bbox 566 190 702 320; x_wconf 59' lang='lat' dir='ltr'>„aaa</span> 
     </span>
    </p>
   </div>
   <div class='ocr_carea' id='block_1_2' title="bbox 69 396 1347 3216">
    <p class='ocr_par' dir='ltr' id='par_1_2' title="bbox 69 396 1347 1438">
     <span class='ocr_line' id='line_1_2' title="bbox 69 396 1258 500; baseline -0.003 -18"><span class='ocrx_word' id='word_1_2' title='bbox 69 421 299 482; x_wconf 86' lang='lat' dir='ltr'>mereatornm</span> <span class='ocrx_word' id='word_1_3' title='bbox 311 413 431 481; x_wconf 86' lang='lat' dir='ltr'>valvae</span> <span class='ocrx_word' id='word_1_4' title='bbox 457 422 491 479; x_wconf 85' lang='lat' dir='ltr'>et</span> <span class='ocrx_word' id='word_1_5' title='bbox 510 396 669 500; x_wconf 84' lang='lat' dir='ltr'>eoqulose</span> <span class='ocrx_word' id='word_1_6' title='bbox 693 421 726 476; x_wconf 88' lang='lat' dir='ltr'>et</span> <span class='ocrx_word' id='word_1_7' title='bbox 747 411 882 485; x_wconf 76' lang='lat' dir='ltr'>nseallo</span> <span class='ocrx_word' id='word_1_8' title='bbox 894 425 987 482; x_wconf 74' lang='lat' dir='ltr'>mant</span> <span class='ocrx_word' id='word_1_9' title='bbox 1000 413 1123 480; x_wconf 85' lang='lat' dir='ltr'>elaosa.</span> <span class='ocrx_word' id='word_1_10' title='bbox 1153 409 1258 496; x_wconf 77' lang='lat' dir='ltr'>eujus</span> 
     </span>
     <span class='ocr_line' id='line_1_3' title="bbox 75 507 1255 607; baseline -0.004 -20"><span class='ocrx_word' id='word_1_11' title='bbox 75 541 157 587; x_wconf 87' lang='lat' dir='ltr'>enm</span> <span class='ocrx_word' id='word_1_12' title='bbox 179 507 333 584; x_wconf 86' lang='lat' dir='ltr'>rationem</span> <span class='ocrx_word' id='word_1_13' title='bbox 354 537 594 603; x_wconf 70' lang='lat' dir='ltr'>quaereremus,</span> <span class='ocrx_word' id='word_1_14' title='bbox 616 535 810 600; x_wconf 86' lang='lat' dir='ltr'>responsum.</span> <span class='ocrx_word' id='word_1_15' title='bbox 827 527 878 582; x_wconf 90' lang='lat' dir='ltr'>est</span> <span class='ocrx_word' id='word_1_16' title='bbox 901 522 1006 605; x_wconf 91' lang='lat' dir='ltr'>nobis,</span> <span class='ocrx_word' id='word_1_17' title='bbox 1027 521 1115 607; x_wconf 90' lang='lat' dir='ltr'>qnod</span> <span class='ocrx_word' id='word_1_18' title='bbox 1137 537 1255 604; x_wconf 79' lang='lat' dir='ltr'>qoam-</span> 
     </span>
     <span class='ocr_line' id='line_1_4' title="bbox 78 621 1255 705; baseline -0.002 -15"><span class='ocrx_word' id='word_1_19' title='bbox 78 626 140 690; x_wconf 93' lang='lat' dir='ltr'>din</span> <span class='ocrx_word' id='word_1_20' title='bbox 162 625 356 689; x_wconf 75' lang='lat' dir='ltr'>ata-alumi</span> <span class='ocrx_word' id='word_1_21' title='bbox 378 631 491 686; x_wconf 87' lang='lat' dir='ltr'>essent</span> <span class='ocrx_word' id='word_1_22' title='bbox 518 623 721 705; x_wconf 83' lang='lat' dir='ltr'>incivitate,</span> <span class='ocrx_word' id='word_1_23' title='bbox 753 629 819 686; x_wconf 86' lang='lat' dir='ltr'>tam</span> <span class='ocrx_word' id='word_1_24' title='bbox 854 621 907 687; x_wconf 91' lang='lat' dir='ltr'>din</span> <span class='ocrx_word' id='word_1_25' title='bbox 936 644 1002 689; x_wconf 90' lang='lat' dir='ltr'>nou</span> <span class='ocrx_word' id='word_1_26' title='bbox 1023 634 1113 688; x_wconf 86' lang='lat' dir='ltr'>esset</span> <span class='ocrx_word' id='word_1_27' title='bbox 1141 625 1255 702; x_wconf 86' lang='lat' dir='ltr'>forum,</span> 
     </span>
     <span class='ocr_line' id='line_1_5' title="bbox 78 723 1347 815; baseline -0.002 -22"><span class='ocrx_word' id='word_1_28' title='bbox 78 730 313 815; x_wconf 84' lang='lat' dir='ltr'>quiapropter</span> <span class='ocrx_word' id='word_1_29' title='bbox 341 723 458 792; x_wconf 84' lang='lat' dir='ltr'>eornm.</span> <span class='ocrx_word' id='word_1_30' title='bbox 472 727 743 812; x_wconf 88' lang='lat' dir='ltr'>importunitatem</span> <span class='ocrx_word' id='word_1_31' title='bbox 765 745 860 790; x_wconf 90' lang='lat' dir='ltr'>nemo</span> <span class='ocrx_word' id='word_1_32' title='bbox 881 745 982 794; x_wconf 86' lang='lat' dir='ltr'>ausos</span> <span class='ocrx_word' id='word_1_33' title='bbox 1003 729 1062 792; x_wconf 84' lang='lat' dir='ltr'>fnit</span> <span class='ocrx_word' id='word_1_34' title='bbox 1084 745 1153 792; x_wconf 84' lang='lat' dir='ltr'>sna·</span> <span class='ocrx_word' id='word_1_35' title='bbox 1171 729 1257 812; x_wconf 91' lang='lat' dir='ltr'>pob-</span> <span class='ocrx_word' id='word_1_36' title='bbox 1342 771 1347 780; x_wconf 81' lang='lat'><em>-</em></span> 
     </span>
     <span class='ocr_line' id='line_1_6' title="bbox 79 831 1257 916; baseline -0.003 -16"><span class='ocrx_word' id='word_1_37' title='bbox 79 836 194 900; x_wconf 88' lang='lat' dir='ltr'>lieare.</span> <span class='ocrx_word' id='word_1_38' title='bbox 224 831 396 896; x_wconf 86' lang='lat' dir='ltr'>Aooednnt</span> <span class='ocrx_word' id='word_1_39' title='bbox 416 832 500 895; x_wconf 89' lang='lat' dir='ltr'>enim</span> <span class='ocrx_word' id='word_1_40' title='bbox 532 841 566 895; x_wconf 89' lang='lat' dir='ltr'>et</span> <span class='ocrx_word' id='word_1_41' title='bbox 587 832 743 916; x_wconf 85' lang='lat' dir='ltr'>quidquid</span> <span class='ocrx_word' id='word_1_42' title='bbox 762 832 870 914; x_wconf 82' lang='lat' dir='ltr'>plaeel</span> <span class='ocrx_word' id='word_1_43' title='bbox 890 833 953 897; x_wconf 91' lang='lat' dir='ltr'>boe</span> <span class='ocrx_word' id='word_1_44' title='bbox 984 835 1112 916; x_wconf 81' lang='lat' dir='ltr'>rapiunt</span> <span class='ocrx_word' id='word_1_45' title='bbox 1129 839 1164 894; x_wconf 88' lang='lat' dir='ltr'>et</span> <span class='ocrx_word' id='word_1_46' title='bbox 1184 835 1257 896; x_wconf 90' lang='lat' dir='ltr'>sine</span> 
     </span>
     <span class='ocr_line' id='line_1_7' title="bbox 77 929 1258 1021; baseline -0.004 -18"><span class='ocrx_word' id='word_1_47' title='bbox 77 939 246 1004; x_wconf 89' lang='lat' dir='ltr'>solutione</span> <span class='ocrx_word' id='word_1_48' title='bbox 266 938 400 1018; x_wconf 92' lang='lat' dir='ltr'>tollunt,</span> <span class='ocrx_word' id='word_1_49' title='bbox 423 953 485 1000; x_wconf 90' lang='lat' dir='ltr'>nee</span> <span class='ocrx_word' id='word_1_50' title='bbox 505 945 572 1018; x_wconf 92' lang='lat' dir='ltr'>est,</span> <span class='ocrx_word' id='word_1_51' title='bbox 594 937 650 1021; x_wconf 91' lang='lat' dir='ltr'>qui</span> <span class='ocrx_word' id='word_1_52' title='bbox 676 937 725 999; x_wconf 87' lang='lat' dir='ltr'>eis</span> <span class='ocrx_word' id='word_1_53' title='bbox 747 935 864 999; x_wconf 88' lang='lat' dir='ltr'>audeat</span> <span class='ocrx_word' id='word_1_54' title='bbox 889 929 1120 1004; x_wconf 80' lang='lat' dir='ltr'>contradicere.</span> <span class='ocrx_word' id='word_1_55' title='bbox 1161 933 1258 998; x_wconf 81' lang='lat' dir='ltr'>listi-</span> 
     </span>
     <span class='ocr_line' id='line_1_8' title="bbox 76 1023 1257 1124; baseline -0.003 -17"><span class='ocrx_word' id='word_1_56' title='bbox 76 1047 202 1108; x_wconf 88' lang='lat' dir='ltr'>nebant</span> <span class='ocrx_word' id='word_1_57' title='bbox 234 1042 332 1105; x_wconf 80' lang='lat' dir='ltr'>etism</span> <span class='ocrx_word' id='word_1_58' title='bbox 354 1039 575 1105; x_wconf 82' lang='lat' dir='ltr'>(ianarienses</span> <span class='ocrx_word' id='word_1_59' title='bbox 596 1042 720 1124; x_wconf 86' lang='lat' dir='ltr'>bestias</span> <span class='ocrx_word' id='word_1_60' title='bbox 745 1057 825 1104; x_wconf 87' lang='lat' dir='ltr'>snas</span> <span class='ocrx_word' id='word_1_61' title='bbox 851 1023 891 1104; x_wconf 57' lang='lat' dir='ltr'>&#39;in</span> <span class='ocrx_word' id='word_1_62' title='bbox 913 1039 1112 1124; x_wconf 86' lang='lat' dir='ltr'>dominibus,</span> <span class='ocrx_word' id='word_1_63' title='bbox 1143 1055 1257 1124; x_wconf 83' lang='lat' dir='ltr'>equos,</span> 
     </span>
     <span class='ocr_line' id='line_1_9' title="bbox 80 1143 1258 1230; baseline 0.003 -20"><span class='ocrx_word' id='word_1_64' title='bbox 80 1151 207 1230; x_wconf 66' lang='lat' dir='ltr'>minos,</span> <span class='ocrx_word' id='word_1_65' title='bbox 227 1163 359 1229; x_wconf 86' lang='lat' dir='ltr'>vaoeas,</span> <span class='ocrx_word' id='word_1_66' title='bbox 379 1163 470 1230; x_wconf 90' lang='lat' dir='ltr'>oves,</span> <span class='ocrx_word' id='word_1_67' title='bbox 490 1163 617 1230; x_wconf 87' lang='lat' dir='ltr'>eapras,</span> <span class='ocrx_word' id='word_1_68' title='bbox 643 1163 707 1211; x_wconf 85' lang='lat' dir='ltr'>nee</span> <span class='ocrx_word' id='word_1_69' title='bbox 725 1143 768 1207; x_wconf 88' lang='lat' dir='ltr'>ad</span> <span class='ocrx_word' id='word_1_70' title='bbox 789 1145 917 1228; x_wconf 81' lang='lat' dir='ltr'>pastum</span> <span class='ocrx_word' id='word_1_71' title='bbox 940 1152 1032 1208; x_wconf 83' lang='lat' dir='ltr'>extra</span> <span class='ocrx_word' id='word_1_72' title='bbox 1054 1147 1103 1208; x_wconf 88' lang='lat' dir='ltr'>ire</span> <span class='ocrx_word' id='word_1_73' title='bbox 1123 1147 1258 1228; x_wconf 81' lang='lat' dir='ltr'>permit·</span> 
     </span>
     <span class='ocr_line' id='line_1_10' title="bbox 83 1248 1259 1335; baseline -0.003 -20"><span class='ocrx_word' id='word_1_74' title='bbox 83 1252 216 1333; x_wconf 83' lang='lat' dir='ltr'>tabant,</span> <span class='ocrx_word' id='word_1_75' title='bbox 238 1251 315 1335; x_wconf 89' lang='lat' dir='ltr'>quia</span> <span class='ocrx_word' id='word_1_76' title='bbox 344 1269 403 1333; x_wconf 90' lang='lat' dir='ltr'>per</span> <span class='ocrx_word' id='word_1_77' title='bbox 430 1259 574 1313; x_wconf 86' lang='lat' dir='ltr'>armatos</span> <span class='ocrx_word' id='word_1_78' title='bbox 600 1250 685 1313; x_wconf 72' lang='lat' dir='ltr'>illos-</span> <span class='ocrx_word' id='word_1_79' title='bbox 703 1250 841 1314; x_wconf 82' lang='lat' dir='ltr'>fnissent</span> <span class='ocrx_word' id='word_1_80' title='bbox 862 1250 1007 1315; x_wconf 80' lang='lat' dir='ltr'>ablatae·</span> <span class='ocrx_word' id='word_1_81' title='bbox 1033 1248 1175 1314; x_wconf 84' lang='lat' dir='ltr'>¹ideireo</span> <span class='ocrx_word' id='word_1_82' title='bbox 1203 1248 1259 1312; x_wconf 90' lang='lat' dir='ltr'>illo</span> 
     </span>
     <span class='ocr_line' id='line_1_11' title="bbox 80 1347 800 1438; baseline 0.001 -18"><span class='ocrx_word' id='word_1_83' title='bbox 80 1355 138 1420; x_wconf 91' lang='lat' dir='ltr'>die</span> <span class='ocrx_word' id='word_1_84' title='bbox 157 1355 237 1418; x_wconf 82' lang='lat' dir='ltr'><strong>nihil</strong></span> <span class='ocrx_word' id='word_1_85' title='bbox 265 1352 336 1433; x_wconf 70' lang='grc'>(17</span> <span class='ocrx_word' id='word_1_86' title='bbox 345 1360 390 1433; x_wconf 79' lang='lat' dir='ltr'>a)</span> <span class='ocrx_word' id='word_1_87' title='bbox 412 1365 597 1438; x_wconf 77' lang='lat' dir='ltr'>poteramus</span> <span class='ocrx_word' id='word_1_88' title='bbox 617 1347 800 1437; x_wconf 79' lang='lat' dir='ltr'>procurare.</span> 
     </span>
    </p>

    <p class='ocr_par' dir='ltr' id='par_1_3' title="bbox 80 1443 1310 3216">
     <span class='ocr_line' id='line_1_12' title="bbox 165 1443 1260 1536; baseline -0.003 -15"><span class='ocrx_word' id='word_1_89' title='bbox 165 1459 288 1524; x_wconf 81' lang='lat' dir='ltr'>nodam</span> <span class='ocrx_word' id='word_1_90' title='bbox 309 1459 362 1523; x_wconf 93' lang='lat' dir='ltr'>die</span> <span class='ocrx_word' id='word_1_91' title='bbox 381 1470 541 1525; x_wconf 86' lang='lat' dir='ltr'>venerunt</span> <span class='ocrx_word' id='word_1_92' title='bbox 561 1460 594 1523; x_wconf 94' lang='lat' dir='ltr'>in</span> <span class='ocrx_word' id='word_1_93' title='bbox 615 1462 738 1525; x_wconf 75' lang='lat' dir='ltr'>ennam</span> <span class='ocrx_word' id='word_1_94' title='bbox 758 1443 904 1524; x_wconf 84' lang='lat' dir='ltr'>nostram</span> <span class='ocrx_word' id='word_1_95' title='bbox 930 1455 1119 1536; x_wconf 67' lang='lat' dir='ltr'><strong>domicellae</strong></span> <span class='ocrx_word' id='word_1_96' title='bbox 1139 1455 1260 1520; x_wconf 84' lang='lat' dir='ltr'>Sarra·-</span> 
     </span>
     <span class='ocr_line' id='line_1_13' title="bbox 80 1559 1310 1650; baseline -0.006 -22"><span class='ocrx_word' id='word_1_97' title='bbox 80 1581 186 1628; x_wconf 84' lang='lat' dir='ltr'>eenae</span> <span class='ocrx_word' id='word_1_98' title='bbox 206 1583 278 1628; x_wconf 89' lang='lat' dir='ltr'>enm</span> <span class='ocrx_word' id='word_1_99' title='bbox 300 1559 506 1650; x_wconf 79' lang='lat' dir='ltr'>pedissequis</span> <span class='ocrx_word' id='word_1_100' title='bbox 528 1566 608 1650; x_wconf 81' lang='lat' dir='ltr'>anis,</span> <span class='ocrx_word' id='word_1_101' title='bbox 631 1566 750 1630; x_wconf 85' lang='lat' dir='ltr'>velatis</span> <span class='ocrx_word' id='word_1_102' title='bbox 771 1566 916 1630; x_wconf 85' lang='lat' dir='ltr'>vultibus</span> <span class='ocrx_word' id='word_1_103' title='bbox 939 1559 1117 1642; x_wconf 81' lang='lat' dir='ltr'>seeundum</span> <span class='ocrx_word' id='word_1_104' title='bbox 1138 1578 1258 1624; x_wconf 87' lang='lat' dir='ltr'>morem</span> <span class='ocrx_word' id='word_1_105' title='bbox 1296 1611 1310 1638; x_wconf 32' lang='lat' dir='ltr'>q</span> 
     </span>
     <span class='ocr_line' id='line_1_14' title="bbox 84 1660 1259 1755; baseline -0.004 -24"><span class='ocrx_word' id='word_1_106' title='bbox 84 1688 209 1755; x_wconf 89' lang='lat' dir='ltr'>eorum,</span> <span class='ocrx_word' id='word_1_107' title='bbox 231 1679 265 1733; x_wconf 87' lang='lat' dir='ltr'>et</span> <span class='ocrx_word' id='word_1_108' title='bbox 285 1670 459 1753; x_wconf 84' lang='lat' dir='ltr'>cupiebant</span> <span class='ocrx_word' id='word_1_109' title='bbox 491 1688 553 1734; x_wconf 89' lang='lat' dir='ltr'>nos</span> <span class='ocrx_word' id='word_1_110' title='bbox 572 1669 694 1734; x_wconf 88' lang='lat' dir='ltr'>videre.</span> <span class='ocrx_word' id='word_1_111' title='bbox 737 1660 909 1734; x_wconf 74' lang='lat' dir='ltr'>Exivinus</span> <span class='ocrx_word' id='word_1_112' title='bbox 930 1689 1008 1754; x_wconf 84' lang='lat' dir='ltr'>ergo</span> <span class='ocrx_word' id='word_1_113' title='bbox 1041 1668 1082 1732; x_wconf 92' lang='lat' dir='ltr'>de</span> <span class='ocrx_word' id='word_1_114' title='bbox 1110 1663 1259 1728; x_wconf 85' lang='lat' dir='ltr'>tentoriis</span> 
     </span>
     <span class='ocr_line' id='line_1_15' title="bbox 83 1772 1260 1857; baseline -0.004 -20"><span class='ocrx_word' id='word_1_115' title='bbox 83 1783 118 1837; x_wconf 91' lang='lat' dir='ltr'>et</span> <span class='ocrx_word' id='word_1_116' title='bbox 140 1775 356 1838; x_wconf 89' lang='lat' dir='ltr'>tabernaoalis</span> <span class='ocrx_word' id='word_1_117' title='bbox 369 1772 555 1844; x_wconf 78' lang='lat' dir='ltr'>nostrised</span> <span class='ocrx_word' id='word_1_118' title='bbox 577 1781 785 1857; x_wconf 75' lang='lat' dir='ltr'>conspectum</span> <span class='ocrx_word' id='word_1_119' title='bbox 808 1793 918 1838; x_wconf 86' lang='lat' dir='ltr'>earnm</span> <span class='ocrx_word' id='word_1_120' title='bbox 941 1782 974 1838; x_wconf 90' lang='lat' dir='ltr'>at</span> <span class='ocrx_word' id='word_1_121' title='bbox 995 1772 1260 1856; x_wconf 75' lang='lat' dir='ltr'>colloquebantur</span> 
     </span>
     <span class='ocr_line' id='line_1_16' title="bbox 81 1859 1259 1962; baseline -0.003 -20"><span class='ocrx_word' id='word_1_122' title='bbox 81 1879 288 1942; x_wconf 75' lang='lat' dir='ltr'>sarracenice</span> <span class='ocrx_word' id='word_1_123' title='bbox 307 1876 518 1942; x_wconf 78' lang='lat' dir='ltr'>stridebant</span> <span class='ocrx_word' id='word_1_124' title='bbox 544 1878 648 1942; x_wconf 83' lang='lat' dir='ltr'>Porro</span> <span class='ocrx_word' id='word_1_125' title='bbox 668 1895 730 1942; x_wconf 92' lang='lat' dir='ltr'>nos</span> <span class='ocrx_word' id='word_1_126' title='bbox 749 1859 994 1962; x_wconf 80' lang='lat' dir='ltr'>nonpotuimus</span> <span class='ocrx_word' id='word_1_127' title='bbox 1015 1875 1127 1940; x_wconf 87' lang='lat' dir='ltr'>vnltns</span> <span class='ocrx_word' id='word_1_128' title='bbox 1147 1893 1259 1938; x_wconf 85' lang='lat' dir='ltr'>earnm</span> 
     </span>
     <span class='ocr_line' id='line_1_17' title="bbox 81 1968 1258 2066; baseline -0.003 -21"><span class='ocrx_word' id='word_1_129' title='bbox 81 1979 195 2045; x_wconf 88' lang='lat' dir='ltr'>videre</span> <span class='ocrx_word' id='word_1_130' title='bbox 216 1992 347 2066; x_wconf 87' lang='lat' dir='ltr'>propter</span> <span class='ocrx_word' id='word_1_131' title='bbox 371 1982 532 2046; x_wconf 88' lang='lat' dir='ltr'>velamina</span> <span class='ocrx_word' id='word_1_132' title='bbox 552 1989 591 2066; x_wconf 82' lang='lat' dir='ltr'>et</span> <span class='ocrx_word' id='word_1_133' title='bbox 607 2001 666 2066; x_wconf 90' lang='lat' dir='ltr'>per</span> <span class='ocrx_word' id='word_1_134' title='bbox 696 1968 907 2066; x_wconf 81' lang='lat' dir='ltr'>interpretem</span> <span class='ocrx_word' id='word_1_135' title='bbox 928 1982 1106 2066; x_wconf 86' lang='lat' dir='ltr'>petivimus</span> <span class='ocrx_word' id='word_1_136' title='bbox 1127 1997 1202 2062; x_wconf 87' lang='lat' dir='ltr'>eas,</span> <span class='ocrx_word' id='word_1_137' title='bbox 1223 1987 1258 2042; x_wconf 91' lang='lat' dir='ltr'>ot</span> 
     </span>
     <span class='ocr_line' id='line_1_18' title="bbox 83 2085 1261 2169; baseline -0.003 -21"><span class='ocrx_word' id='word_1_138' title='bbox 83 2085 241 2168; x_wconf 86' lang='lat' dir='ltr'>depositis</span> <span class='ocrx_word' id='word_1_139' title='bbox 268 2085 463 2150; x_wconf 70' lang='lat' dir='ltr'>volumentis</span> <span class='ocrx_word' id='word_1_140' title='bbox 488 2087 712 2169; x_wconf 72' lang='lat' dir='ltr'>permitterent</span> <span class='ocrx_word' id='word_1_141' title='bbox 740 2102 801 2154; x_wconf 91' lang='lat' dir='ltr'>nos</span> <span class='ocrx_word' id='word_1_142' title='bbox 823 2087 920 2150; x_wconf 88' lang='lat' dir='ltr'>etiarn</span> <span class='ocrx_word' id='word_1_143' title='bbox 942 2103 1051 2149; x_wconf 88' lang='lat' dir='ltr'>earum</span> <span class='ocrx_word' id='word_1_144' title='bbox 1074 2085 1192 2150; x_wconf 83' lang='lat' dir='ltr'>vultus</span> <span class='ocrx_word' id='word_1_145' title='bbox 1205 2085 1261 2145; x_wconf 91' lang='lat' dir='ltr'>in-</span> 
     </span>
     <span class='ocr_line' id='line_1_19' title="bbox 83 2188 1259 2273; baseline -0.003 -21"><span class='ocrx_word' id='word_1_146' title='bbox 83 2191 176 2254; x_wconf 87' lang='lat' dir='ltr'>tueri.</span> <span class='ocrx_word' id='word_1_147' title='bbox 216 2193 290 2254; x_wconf 88' lang='lat' dir='ltr'>Hoo</span> <span class='ocrx_word' id='word_1_148' title='bbox 314 2209 388 2255; x_wconf 88' lang='lat' dir='ltr'>enm</span> <span class='ocrx_word' id='word_1_149' title='bbox 410 2188 623 2273; x_wconf 77' lang='lat' dir='ltr'>audivissent,</span> <span class='ocrx_word' id='word_1_150' title='bbox 644 2188 750 2266; x_wconf 86' lang='lat' dir='ltr'>valde¹</span> <span class='ocrx_word' id='word_1_151' title='bbox 763 2189 911 2256; x_wconf 87' lang='lat' dir='ltr'>ridebant</span> <span class='ocrx_word' id='word_1_152' title='bbox 941 2209 1013 2254; x_wconf 88' lang='lat' dir='ltr'>enm</span> <span class='ocrx_word' id='word_1_153' title='bbox 1035 2189 1202 2254; x_wconf 83' lang='lat' dir='ltr'>esebinnis</span> <span class='ocrx_word' id='word_1_154' title='bbox 1224 2196 1259 2251; x_wconf 89' lang='lat' dir='ltr'>et</span> 
     </span>
     <span class='ocr_line' id='line_1_20' title="bbox 82 2294 1260 2381; baseline -0.001 -25"><span class='ocrx_word' id='word_1_155' title='bbox 82 2294 289 2379; x_wconf 86' lang='lat' dir='ltr'>pedissequis</span> <span class='ocrx_word' id='word_1_156' title='bbox 310 2297 510 2379; x_wconf 76' lang='lat' dir='ltr'>imperabant</span> <span class='ocrx_word' id='word_1_157' title='bbox 536 2295 613 2360; x_wconf 88' lang='lat' dir='ltr'>vela</span> <span class='ocrx_word' id='word_1_158' title='bbox 641 2296 760 2360; x_wconf 88' lang='lat' dir='ltr'>levare.</span> <span class='ocrx_word' id='word_1_159' title='bbox 805 2294 898 2381; x_wconf 83' lang='lat' dir='ltr'>Quae</span> <span class='ocrx_word' id='word_1_160' title='bbox 919 2313 992 2360; x_wconf 90' lang='lat' dir='ltr'>enm</span> <span class='ocrx_word' id='word_1_161' title='bbox 1012 2296 1174 2378; x_wconf 77' lang='lat' dir='ltr'>levarent,</span> <span class='ocrx_word' id='word_1_162' title='bbox 1198 2311 1260 2376; x_wconf 89' lang='lat' dir='ltr'>ap-</span> 
     </span>
     <span class='ocr_line' id='line_1_21' title="bbox 82 2400 1259 2486; baseline -0.003 -24"><span class='ocrx_word' id='word_1_163' title='bbox 82 2401 241 2484; x_wconf 88' lang='lat' dir='ltr'>parebant</span> <span class='ocrx_word' id='word_1_164' title='bbox 262 2400 377 2465; x_wconf 88' lang='lat' dir='ltr'>vultos</span> <span class='ocrx_word' id='word_1_165' title='bbox 397 2419 505 2464; x_wconf 82' lang='lat' dir='ltr'>esrum</span> <span class='ocrx_word' id='word_1_166' title='bbox 531 2401 734 2486; x_wconf 72' lang='lat' dir='ltr'>denigratae,</span> <span class='ocrx_word' id='word_1_167' title='bbox 756 2404 842 2466; x_wconf 89' lang='lat' dir='ltr'>siout</span> <span class='ocrx_word' id='word_1_168' title='bbox 872 2403 1046 2485; x_wconf 78' lang='lat' dir='ltr'>corbones,</span> <span class='ocrx_word' id='word_1_169' title='bbox 1068 2401 1144 2484; x_wconf 82' lang='lat' dir='ltr'>quie</span> <span class='ocrx_word' id='word_1_170' title='bbox 1166 2406 1259 2461; x_wconf 88' lang='lat' dir='ltr'>erant</span> 
     </span>
     <span class='ocr_line' id='line_1_22' title="bbox 85 2504 1259 2592; baseline -0.002 -24"><span class='ocrx_word' id='word_1_171' title='bbox 85 2505 323 2591; x_wconf 80' lang='lat' dir='ltr'>Aethiopissae.</span> <span class='ocrx_word' id='word_1_172' title='bbox 343 2577 347 2584; x_wconf 55' lang='grc'><em>,</em></span> <span class='ocrx_word' id='word_1_173' title='bbox 369 2505 463 2583; x_wconf 81' lang='lat' dir='ltr'>Quod</span> <span class='ocrx_word' id='word_1_174' title='bbox 496 2507 570 2570; x_wconf 90' lang='lat' dir='ltr'>dnm</span> <span class='ocrx_word' id='word_1_175' title='bbox 592 2505 806 2592; x_wconf 84' lang='lat' dir='ltr'>vidissemus,</span> <span class='ocrx_word' id='word_1_176' title='bbox 827 2525 901 2571; x_wconf 88' lang='lat' dir='ltr'>eum</span> <span class='ocrx_word' id='word_1_177' title='bbox 921 2506 1079 2571; x_wconf 87' lang='lat' dir='ltr'>industrio</span> <span class='ocrx_word' id='word_1_178' title='bbox 1110 2504 1259 2585; x_wconf 78' lang='lat' dir='ltr'>lenimus,</span> 
     </span>
     <span class='ocr_line' id='line_1_23' title="bbox 83 2612 1258 2698; baseline -0.003 -26"><span class='ocrx_word' id='word_1_179' title='bbox 83 2627 124 2673; x_wconf 88' lang='lat' dir='ltr'>ae</span> <span class='ocrx_word' id='word_1_180' title='bbox 142 2612 171 2674; x_wconf 89' lang='lat' dir='ltr'>si</span> <span class='ocrx_word' id='word_1_181' title='bbox 193 2612 295 2676; x_wconf 91' lang='lat' dir='ltr'>territi</span> <span class='ocrx_word' id='word_1_182' title='bbox 315 2629 465 2676; x_wconf 84' lang='lat' dir='ltr'>essemus</span> <span class='ocrx_word' id='word_1_183' title='bbox 477 2621 609 2696; x_wconf 87' lang='lat' dir='ltr'>propter</span> <span class='ocrx_word' id='word_1_184' title='bbox 628 2612 828 2698; x_wconf 81' lang='lat' dir='ltr'>nigredinem</span> <span class='ocrx_word' id='word_1_185' title='bbox 854 2620 888 2676; x_wconf 91' lang='lat' dir='ltr'>et</span> <span class='ocrx_word' id='word_1_186' title='bbox 910 2629 967 2676; x_wconf 89' lang='lat' dir='ltr'>aas</span> <span class='ocrx_word' id='word_1_187' title='bbox 988 2612 1258 2691; x_wconf 88' lang='lat' dir='ltr'>abominaremus,</span> 
     </span>
     <span class='ocr_line' id='line_1_24' title="bbox 85 2716 1262 2800; baseline -0.001 -24"><span class='ocrx_word' id='word_1_188' title='bbox 85 2722 119 2777; x_wconf 91' lang='lat' dir='ltr'>et</span> <span class='ocrx_word' id='word_1_189' title='bbox 137 2716 322 2798; x_wconf 85' lang='lat' dir='ltr'>petivimus,</span> <span class='ocrx_word' id='word_1_190' title='bbox 342 2725 380 2780; x_wconf 90' lang='lat' dir='ltr'>nt</span> <span class='ocrx_word' id='word_1_191' title='bbox 400 2725 433 2780; x_wconf 91' lang='lat' dir='ltr'>et</span> <span class='ocrx_word' id='word_1_192' title='bbox 452 2716 600 2780; x_wconf 87' lang='lat' dir='ltr'>dominae</span> <span class='ocrx_word' id='word_1_193' title='bbox 620 2718 696 2780; x_wconf 89' lang='lat' dir='ltr'>vela</span> <span class='ocrx_word' id='word_1_194' title='bbox 716 2718 890 2800; x_wconf 56' lang='lat' dir='ltr'>levarent„</span> <span class='ocrx_word' id='word_1_195' title='bbox 915 2717 957 2780; x_wconf 79' lang='lat' dir='ltr'>lit</span> <span class='ocrx_word' id='word_1_196' title='bbox 978 2717 1024 2781; x_wconf 88' lang='lat' dir='ltr'>ita</span> <span class='ocrx_word' id='word_1_197' title='bbox 1046 2717 1204 2796; x_wconf 71' lang='lat' dir='ltr'>leserunt,</span> <span class='ocrx_word' id='word_1_198' title='bbox 1224 2721 1262 2776; x_wconf 71' lang='lat' dir='ltr'>ot·</span> 
     </span>
     <span class='ocr_line' id='line_1_25' title="bbox 87 2819 1259 2903; baseline -0.002 -22"><span class='ocrx_word' id='word_1_199' title='bbox 87 2819 216 2881; x_wconf 82' lang='lat' dir='ltr'>inerunt</span> <span class='ocrx_word' id='word_1_200' title='bbox 237 2820 331 2882; x_wconf 85' lang='lat' dir='ltr'>albae</span> <span class='ocrx_word' id='word_1_201' title='bbox 351 2828 384 2881; x_wconf 91' lang='lat' dir='ltr'>et</span> <span class='ocrx_word' id='word_1_202' title='bbox 402 2819 563 2882; x_wconf 74' lang='lat' dir='ltr'>formosae</span> <span class='ocrx_word' id='word_1_203' title='bbox 585 2821 751 2903; x_wconf 83' lang='lat' dir='ltr'>dominae,</span> <span class='ocrx_word' id='word_1_204' title='bbox 774 2820 980 2884; x_wconf 86' lang='lat' dir='ltr'>vereenndae</span> <span class='ocrx_word' id='word_1_205' title='bbox 1000 2828 1035 2884; x_wconf 88' lang='lat' dir='ltr'>et</span> <span class='ocrx_word' id='word_1_206' title='bbox 1055 2819 1259 2883; x_wconf 89' lang='lat' dir='ltr'>reverentia-</span> 
     </span>
     <span class='ocr_line' id='line_1_26' title="bbox 86 2921 1259 3009; baseline -0.002 -25"><span class='ocrx_word' id='word_1_207' title='bbox 86 2923 144 2984; x_wconf 86' lang='lat' dir='ltr'>les</span> <span class='ocrx_word' id='word_1_208' title='bbox 174 2922 281 2984; x_wconf 82' lang='lat' dir='ltr'>Multa</span> <span class='ocrx_word' id='word_1_209' title='bbox 301 2921 381 2984; x_wconf 90' lang='lat' dir='ltr'>talia</span> <span class='ocrx_word' id='word_1_210' title='bbox 401 2925 530 3005; x_wconf 82' lang='lat' dir='ltr'>experti</span> <span class='ocrx_word' id='word_1_211' title='bbox 550 2941 663 2986; x_wconf 90' lang='lat' dir='ltr'>sumus</span> <span class='ocrx_word' id='word_1_212' title='bbox 683 2927 717 2986; x_wconf 89' lang='lat' dir='ltr'>in</span> <span class='ocrx_word' id='word_1_213' title='bbox 735 2925 840 3009; x_wconf 81' lang='lat' dir='ltr'>(laza,</span> <span class='ocrx_word' id='word_1_214' title='bbox 860 2926 1017 3007; x_wconf 89' lang='lat' dir='ltr'>quaedam</span> <span class='ocrx_word' id='word_1_215' title='bbox 1037 2925 1122 2986; x_wconf 89' lang='lat' dir='ltr'>enim</span> <span class='ocrx_word' id='word_1_216' title='bbox 1137 2923 1259 3002; x_wconf 81' lang='lat' dir='ltr'>joven-</span> 
     </span>
     <span class='ocr_line' id='line_1_27' title="bbox 86 3025 1260 3110; baseline -0.006 -18"><span class='ocrx_word' id='word_1_217' title='bbox 86 3027 180 3092; x_wconf 87' lang='lat' dir='ltr'>oulae</span> <span class='ocrx_word' id='word_1_218' title='bbox 211 3028 441 3110; x_wconf 79' lang='lat' dir='ltr'>Aethiopissae</span> <span class='ocrx_word' id='word_1_219' title='bbox 468 3027 654 3110; x_wconf 80' lang='lat' dir='ltr'>frequenter</span> <span class='ocrx_word' id='word_1_220' title='bbox 684 3029 806 3092; x_wconf 88' lang='lat' dir='ltr'>euriam</span> <span class='ocrx_word' id='word_1_221' title='bbox 841 3036 986 3094; x_wconf 87' lang='lat' dir='ltr'>nostram</span> <span class='ocrx_word' id='word_1_222' title='bbox 1022 3025 1184 3092; x_wconf 87' lang='lat' dir='ltr'>intrabant</span> <span class='ocrx_word' id='word_1_223' title='bbox 1226 3032 1260 3086; x_wconf 87' lang='lat' dir='ltr'>et</span> 
     </span>
     <span class='ocr_line' id='line_1_28' title="bbox 86 3115 1257 3216; baseline -0.003 -22"><span class='ocrx_word' id='word_1_224' title='bbox 86 3133 156 3195; x_wconf 88' lang='lat' dir='ltr'>sine</span> <span class='ocrx_word' id='word_1_225' title='bbox 177 3132 374 3196; x_wconf 90' lang='lat' dir='ltr'>vereenndia</span> <span class='ocrx_word' id='word_1_226' title='bbox 394 3133 611 3216; x_wconf 83' lang='lat' dir='ltr'>prooitobant3</span> <span class='ocrx_word' id='word_1_227' title='bbox 634 3131 675 3195; x_wconf 91' lang='lat' dir='ltr'>de</span> <span class='ocrx_word' id='word_1_228' title='bbox 703 3115 821 3216; x_wconf 87' lang='lat' dir='ltr'>quibos</span> <span class='ocrx_word' id='word_1_229' title='bbox 854 3140 978 3195; x_wconf 84' lang='lat' dir='ltr'>tantum</span> <span class='ocrx_word' id='word_1_230' title='bbox 1007 3130 1182 3215; x_wconf 75' lang='lat' dir='ltr'>scripsisse</span> <span class='ocrx_word' id='word_1_231' title='bbox 1203 3127 1257 3190; x_wconf 90' lang='lat' dir='ltr'>ni·</span> 
     </span>
    </p>
   </div>
   <div class='ocr_carea' id='block_1_3' title="bbox 87 3229 1385 3330">
    <p class='ocr_par' dir='ltr' id='par_1_4' title="bbox 87 3229 1385 3330">
     <span class='ocr_line' id='line_1_29' title="bbox 87 3229 1385 3330; baseline -0.002 -30"><span class='ocrx_word' id='word_1_232' title='bbox 87 3237 182 3300; x_wconf 90' lang='lat' dir='ltr'>mium</span> <span class='ocrx_word' id='word_1_233' title='bbox 210 3237 609 3320; x_wconf 75' lang='lat' dir='ltr'>est.‘l1nltiAethiopes</span> <span class='ocrx_word' id='word_1_234' title='bbox 638 3238 810 3322; x_wconf 87' lang='lat' dir='ltr'>utriusque</span> <span class='ocrx_word' id='word_1_235' title='bbox 828 3253 930 3302; x_wconf 89' lang='lat' dir='ltr'>sexos</span> <span class='ocrx_word' id='word_1_236' title='bbox 961 3246 1077 3302; x_wconf 82' lang='lat' dir='ltr'>terrem</span> <span class='ocrx_word' id='word_1_237' title='bbox 1111 3229 1257 3330; x_wconf 78' lang='lat' dir='ltr'>sanetam</span> <span class='ocrx_word' id='word_1_238' title='bbox 1381 3265 1385 3282; x_wconf 87' lang='lat'>·</span> 
     </span>
    </p>
   </div>
   <div class='ocr_carea' id='block_1_4' title="bbox 86 3342 581 3432">
    <p class='ocr_par' dir='ltr' id='par_1_5' title="bbox 86 3342 581 3432">
     <span class='ocr_line' id='line_1_30' title="bbox 86 3342 581 3432; baseline -0.002 -27"><span class='ocrx_word' id='word_1_239' title='bbox 86 3342 276 3428; x_wconf 80' lang='lat' dir='ltr'>inhabitent,</span> <span class='ocrx_word' id='word_1_240' title='bbox 297 3342 389 3432; x_wconf 88' lang='lat' dir='ltr'>liberi</span> <span class='ocrx_word' id='word_1_241' title='bbox 411 3351 445 3406; x_wconf 90' lang='lat' dir='ltr'>et</span> <span class='ocrx_word' id='word_1_242' title='bbox 465 3343 581 3408; x_wconf 85' lang='lat' dir='ltr'>selavi.</span> 
     </span>
    </p>
   </div>
   <div class='ocr_carea' id='block_1_5' title="bbox 447 3504 894 3588">
    <p class='ocr_par' dir='ltr' id='par_1_6' title="bbox 447 3504 894 3588">
     <span class='ocr_line' id='line_1_31' title="bbox 447 3504 894 3588; baseline -0.011 0"><span class='ocrx_word' id='word_1_243' title='bbox 447 3504 572 3588; x_wconf 77' lang='lat' dir='ltr'>l&#39;drntio</span> <span class='ocrx_word' id='word_1_244' title='bbox 596 3510 894 3588; x_wconf 75' lang='lat' dir='ltr'>necessariorum.</span> 
     </span>
    </p>
   </div>
   <div class='ocr_carea' id='block_1_6' title="bbox 88 3649 1258 4373">
    <p class='ocr_par' dir='ltr' id='par_1_7' title="bbox 88 3649 1258 4373">
     <span class='ocr_line' id='line_1_32' title="bbox 167 3649 1257 3738; baseline -0.002 -17"><span class='ocrx_word' id='word_1_245' title='bbox 167 3655 288 3738; x_wconf 80' lang='lat' dir='ltr'>Quinta</span> <span class='ocrx_word' id='word_1_246' title='bbox 320 3657 373 3724; x_wconf 89' lang='lat' dir='ltr'>die</span> <span class='ocrx_word' id='word_1_247' title='bbox 405 3649 502 3724; x_wconf 86' lang='lat' dir='ltr'>mane</span> <span class='ocrx_word' id='word_1_248' title='bbox 534 3668 610 3724; x_wconf 84' lang='lat' dir='ltr'>ante</span> <span class='ocrx_word' id='word_1_249' title='bbox 641 3658 748 3724; x_wconf 82' lang='lat' dir='ltr'>lucem</span> <span class='ocrx_word' id='word_1_250' title='bbox 780 3665 984 3722; x_wconf 87' lang='lat' dir='ltr'>reoessomnt</span> <span class='ocrx_word' id='word_1_251' title='bbox 1013 3655 1208 3720; x_wconf 80' lang='lat' dir='ltr'>Mamalneoi</span> <span class='ocrx_word' id='word_1_252' title='bbox 1236 3674 1257 3719; x_wconf 89' lang='lat' dir='ltr'>a</span> 
     </span>
     <span class='ocr_line' id='line_1_33' title="bbox 89 3763 1256 3847; baseline -0.008 -17"><span class='ocrx_word' id='word_1_253' title='bbox 89 3763 230 3846; x_wconf 79' lang='lat' dir='ltr'>Gazara,</span> <span class='ocrx_word' id='word_1_254' title='bbox 252 3763 312 3828; x_wconf 89' lang='lat' dir='ltr'>sed</span> <span class='ocrx_word' id='word_1_255' title='bbox 339 3774 447 3831; x_wconf 88' lang='lat' dir='ltr'>tamen</span> <span class='ocrx_word' id='word_1_256' title='bbox 475 3777 551 3831; x_wconf 89' lang='lat' dir='ltr'>ante</span> <span class='ocrx_word' id='word_1_257' title='bbox 571 3765 737 3830; x_wconf 90' lang='lat' dir='ltr'>meridiem</span> <span class='ocrx_word' id='word_1_258' title='bbox 758 3783 823 3827; x_wconf 91' lang='lat' dir='ltr'>non</span> <span class='ocrx_word' id='word_1_259' title='bbox 853 3765 1079 3847; x_wconf 75' lang='lat' dir='ltr'>aperiebantur</span> <span class='ocrx_word' id='word_1_260' title='bbox 1107 3770 1256 3844; x_wconf 82' lang='lat' dir='ltr'>pategee,</span> 
     </span>
     <span class='ocr_line' id='line_1_34' title="bbox 88 3867 1257 3956; baseline -0.003 -25"><span class='ocrx_word' id='word_1_261' title='bbox 88 3887 145 3932; x_wconf 88' lang='lat' dir='ltr'>nee</span> <span class='ocrx_word' id='word_1_262' title='bbox 177 3869 286 3956; x_wconf 78' lang='lat' dir='ltr'>toron</span> <span class='ocrx_word' id='word_1_263' title='bbox 311 3871 478 3956; x_wconf 87' lang='lat' dir='ltr'>venalium</span> <span class='ocrx_word' id='word_1_264' title='bbox 495 3890 600 3950; x_wconf 89' lang='lat' dir='ltr'>rarum</span> <span class='ocrx_word' id='word_1_265' title='bbox 631 3878 715 3954; x_wconf 87' lang='lat' dir='ltr'>erat,</span> <span class='ocrx_word' id='word_1_266' title='bbox 737 3870 814 3953; x_wconf 88' lang='lat' dir='ltr'>qnia</span> <span class='ocrx_word' id='word_1_267' title='bbox 843 3869 1020 3932; x_wconf 73' lang='lat' dir='ltr'>fuitsexto</span> <span class='ocrx_word' id='word_1_268' title='bbox 1051 3867 1151 3949; x_wconf 81' lang='lat' dir='ltr'>feria,</span> <span class='ocrx_word' id='word_1_269' title='bbox 1172 3884 1257 3954; x_wconf 88' lang='lat' dir='ltr'>quae</span> 
     </span>
     <span class='ocr_line' id='line_1_35' title="bbox 88 3969 1256 4056; baseline -0.003 -20"><span class='ocrx_word' id='word_1_270' title='bbox 88 3992 212 4056; x_wconf 91' lang='lat' dir='ltr'>semper</span> <span class='ocrx_word' id='word_1_271' title='bbox 233 3982 309 4036; x_wconf 91' lang='lat' dir='ltr'>ante</span> <span class='ocrx_word' id='word_1_272' title='bbox 329 3975 492 4040; x_wconf 91' lang='lat' dir='ltr'>meridiem</span> <span class='ocrx_word' id='word_1_273' title='bbox 515 3985 566 4040; x_wconf 85' lang='lat' dir='ltr'>est</span> <span class='ocrx_word' id='word_1_274' title='bbox 584 3969 775 4040; x_wconf 81' lang='lat' dir='ltr'>Sarraoer&#39;ris</span> <span class='ocrx_word' id='word_1_275' title='bbox 795 3973 945 4038; x_wconf 87' lang='lat' dir='ltr'>eelebris.</span> <span class='ocrx_word' id='word_1_276' title='bbox 988 3975 1068 4036; x_wconf 90' lang='lat' dir='ltr'>Post</span> <span class='ocrx_word' id='word_1_277' title='bbox 1087 3970 1256 4054; x_wconf 88' lang='lat' dir='ltr'>prandium</span> 
     </span>
     <span class='ocr_line' id='line_1_36' title="bbox 89 4077 1258 4161; baseline -0.002 -21"><span class='ocrx_word' id='word_1_278' title='bbox 89 4085 190 4140; x_wconf 88' lang='lat' dir='ltr'>antem</span> <span class='ocrx_word' id='word_1_279' title='bbox 222 4079 376 4161; x_wconf 87' lang='lat' dir='ltr'>aoeepia</span> <span class='ocrx_word' id='word_1_280' title='bbox 407 4080 507 4144; x_wconf 88' lang='lat' dir='ltr'>soeiis</span> <span class='ocrx_word' id='word_1_281' title='bbox 536 4081 618 4144; x_wconf 88' lang='lat' dir='ltr'>meis</span> <span class='ocrx_word' id='word_1_282' title='bbox 649 4078 951 4160; x_wconf 67' lang='lat' dir='ltr'>inwintunum,</span> <span class='ocrx_word' id='word_1_283' title='bbox 984 4084 1017 4140; x_wconf 90' lang='lat' dir='ltr'>at</span> <span class='ocrx_word' id='word_1_284' title='bbox 1053 4095 1126 4140; x_wconf 87' lang='lat' dir='ltr'>eom</span> <span class='ocrx_word' id='word_1_285' title='bbox 1158 4077 1258 4140; x_wconf 90' lang='lat' dir='ltr'>rnilite</span> 
     </span>
     <span class='ocr_line' id='line_1_37' title="bbox 90 4165 1256 4250; baseline 0.003 -4"><span class='ocrx_word' id='word_1_286' title='bbox 90 4179 213 4246; x_wconf 88' lang='lat' dir='ltr'>domino</span> <span class='ocrx_word' id='word_1_287' title='bbox 243 4178 340 4244; x_wconf 83' lang='lat' dir='ltr'>Petro</span> <span class='ocrx_word' id='word_1_288' title='bbox 362 4182 486 4250; x_wconf 85' lang='lat' dir='ltr'>Velseb</span> <span class='ocrx_word' id='word_1_289' title='bbox 513 4186 564 4249; x_wconf 85' lang='lat' dir='ltr'>sie</span> <span class='ocrx_word' id='word_1_290' title='bbox 603 4187 637 4248; x_wconf 91' lang='lat' dir='ltr'>in</span> <span class='ocrx_word' id='word_1_291' title='bbox 654 4185 743 4249; x_wconf 87' lang='lat' dir='ltr'>·albo&#39;</span> <span class='ocrx_word' id='word_1_292' title='bbox 774 4184 885 4248; x_wconf 85' lang='lat' dir='ltr'>habito</span> <span class='ocrx_word' id='word_1_293' title='bbox 919 4169 1050 4246; x_wconf 85' lang='lat' dir='ltr'>Ordinis</span> <span class='ocrx_word' id='word_1_294' title='bbox 1079 4183 1142 4244; x_wconf 88' lang='lat' dir='ltr'>mei</span> <span class='ocrx_word' id='word_1_295' title='bbox 1159 4165 1256 4249; x_wconf 77' lang='lat' dir='ltr'>ornes</span> 
     </span>
     <span class='ocr_line' id='line_1_38' title="bbox 90 4285 1255 4373; baseline 0.002 -22"><span class='ocrx_word' id='word_1_296' title='bbox 90 4290 216 4370; x_wconf 80' lang='lat' dir='ltr'>signato</span> <span class='ocrx_word' id='word_1_297' title='bbox 237 4285 446 4351; x_wconf 87' lang='lat' dir='ltr'>disenrrimus</span> <span class='ocrx_word' id='word_1_298' title='bbox 465 4305 536 4373; x_wconf 85' lang='lat' dir='ltr'>per</span> <span class='ocrx_word' id='word_1_299' title='bbox 557 4291 651 4354; x_wconf 88' lang='lat' dir='ltr'>vieos</span> <span class='ocrx_word' id='word_1_300' title='bbox 683 4297 716 4353; x_wconf 90' lang='lat' dir='ltr'>et</span> <span class='ocrx_word' id='word_1_301' title='bbox 735 4289 877 4373; x_wconf 89' lang='lat' dir='ltr'>plateas,</span> <span class='ocrx_word' id='word_1_302' title='bbox 899 4287 968 4353; x_wconf 83' lang='lat' dir='ltr'>lora</span> <span class='ocrx_word' id='word_1_303' title='bbox 996 4296 1029 4352; x_wconf 87' lang='lat' dir='ltr'>et</span> <span class='ocrx_word' id='word_1_304' title='bbox 1047 4296 1201 4372; x_wconf 80' lang='lat' dir='ltr'>pategas,</span> <span class='ocrx_word' id='word_1_305' title='bbox 1223 4297 1255 4354; x_wconf 90' lang='lat' dir='ltr'>et</span> 
     </span>
    </p>
   </div>
   <div class='ocr_carea' id='block_1_7' title="bbox 0 0 1436 4882">
    <p class='ocr_par' dir='ltr' id='par_1_8' title="bbox 0 0 1436 4882">
     <span class='ocr_line' id='line_1_39' title="bbox 0 0 1436 4882; baseline 0 0"><span class='ocrx_word' id='word_1_306' title='bbox 0 0 1436 4882; x_wconf 95' lang='lat' dir='ltr'> </span> 
     </span>
    </p>
   </div>
  </div>
 </body>
</html>
