3016 4872
703 245 768 313 sta

152 425 423 492 Desideravir'nns
440 427 524 490 enim
546 425 680 490 visitare
703 439 735 492 et
756 427 870 516 uidere
890 427 1064 509 gloriosam
1084 428 1171 492 illam
1188 427 1324 512 spelun-

151 550 222 594 cam
251 531 428 616 duplicem,
461 533 494 595 in
520 551 585 616 qua
611 532 730 614 sepulti
760 541 836 594 sunt
857 531 964 595 Adam
986 542 1018 596 et
1039 533 1128 616 Eva,
1158 533 1325 598 Abrohom

151 645 186 698 et
204 635 298 720 Sera,
319 637 414 699 Isaac
434 645 469 703 et
484 635 645 718 Rebecca,
666 637 772 700 Jacob
793 644 826 719 et
848 636 929 720 Lea,
952 647 1089 721 quatuor
1107 636 1163 700 isti
1181 617 1325 700 sanetis-

132 743 224 829 ·simi
244 741 446 824 patriarchae
467 758 541 804 cum
562 737 712 803 salicibus
733 739 802 804 suis
830 739 1033 823 conjugibus,
1054 759 1149 823 quam
1168 741 1323 804 etAbra·

150 844 226 908 ham
257 847 335 906 emit
361 844 605 928 quadringentis
632 844 724 906 siclis
752 845 879 925 argenti
908 845 948 906 ab
969 845 1094 927 Epiros,
1125 853 1162 908 ut
1188 845 1324 908 habetur

152 947 323 1012 (lonescos
344 950 479 1032 xxm,
500 948 560 1012 sed
581 951 664 1012 benc
685 947 852 1030 scivimus,
874 947 960 1030 quod
984 968 1048 1010 non
1071 949 1233 1031 potuimus
1255 949 1322 1030 (b)

149 1051 271 1117 babere
290 1071 483 1136 aggressum
505 1034 546 1116 sd
566 1051 754 1134 speluncam
775 1067 922 1132 sacram,
949 1053 1014 1118 nisi
1030 1051 1156 1124 domini
1179 1069 1322 1116 consen·

149 1161 267 1239 tirent,
286 1177 373 1247 xques
396 1159 492 1221 etiam
513 1159 670 1220 scivimus
692 1176 756 1218 non
779 1174 976 1220 consensum
998 1157 1135 1220 faciliter
1154 1157 1321 1240 praebere,

149 1264 214 1344 nisi
235 1263 319 1324 forte
339 1263 418 1325 victi
437 1266 588 1345 precibus
616 1271 649 1326 et
674 1263 877 1348 muneribus,
915 1262 991 1344 quia
1017 1262 1173 1345 spelunca
1192 1263 1248 1324 illa
1269 1273 1322 1328 eet

148 1369 235 1432 intra
259 1368 445 1430 muscheam
476 1385 590 1452 uuam,
623 1365 665 1431 ad
693 1383 789 1448 quam
817 1384 881 1428 non
901 1367 1089 1448 permittunt
1109 1385 1171 1430 nos
1190 1368 1322 1436 intrare..

148 1473 301 1536 Misimus
323 1489 401 1562 ergo
421 1471 744 1536 'l'rutscbelmannum
766 1479 928 1553 nostrum,
955 1470 1204 1554 Sabatithaneo,
1226 1489 1321 1560 mag-

148 1595 225 1640 num
249 1575 416 1657 calinum,
445 1591 518 1637 eum
542 1575 702 1656 aliquibus
724 1574 883 1638 nobilibus
904 1559 1084 1659 peregrinis
1106 1573 1145 1636 ad
1168 1557 1320 1659 praefec-

151 1688 218 1747 tum
239 1689 271 1743 et
290 1679 332 1742 ad
356 1678 504 1742 dominos
515 1678 714 1744 Sarracenos
737 1697 809 1741 eum
829 1698 867 1741 eo
884 1687 1110 1763 congregatos,
1133 1688 1168 1744 et
1186 1685 1319 1764 rogavi-

146 1801 238 1866 mus,
271 1792 432 1865 quatenus
468 1784 679 1866 dignarentur
713 1801 774 1846 nos
808 1783 1018 1846 intromittere
1046 1783 1088 1846 ad
1126 1785 1315 1867 speluncam

147 1897 310 1970 sanctam,
340 1897 373 1950 et
402 1888 556 1972 quidquid
582 1889 617 1950 in
638 1905 888 1970 recompensam.
907 1895 998 1950 esset
1020 1887 1221 1972 faciendum,
1252 1891 1316 1954 hoo

147 1993 243 2056 nobis
264 1993 429 2056 insinuare
450 1993 615 2078 deberent,
636 2001 670 2054 et
690 1992 796 2074 parati
809 2008 965 2072 essemus,
987 2008 1102 2074 parere
1123 2010 1232 2056 eorum
1246 1991 1346 2086 'im-J·

147 2098 249 2180 perio.
291 2098 593 2180 Hauc‘petitionem
616 2115 692 2186 cnm
713 2093 848 2156 Calinus
869 2103 980 2157 nester
1001 2095 1185 2178 obtulisset,
1209 2097 1315 2160 inter-

146 2211 343 2284 rogauerunt
363 2221 447 2285 eum,
469 2221 512 2265 an
529 2189 743 2285 Jeroselymis
763 2202 798 2262 in
817 2200 972 2282 templum
982 2199 1124 2281 Domini,
1147 2200 1233 2283 qnod
1252 2221 1315 2264 no-

81 2293 84 2302 ’
145 2310 268 2370 minant
284 2306 478 2390 Salomonis,
500 2309 678 2370 intromissi
700 2305 885 2387 fuissemus,
907 2313 939 2368 et
962 2322 1035 2368 cum
1056 2301 1204 2388 dixisset,
1227 2305 1315 2389 quod
1345 2377 1346 2380 Ἴ

145 2431 221 2494 ιιοιι,
244 2411 402 2492 dixerunt,
424 2431 486 2474 nec
507 2431 567 2475 nes
588 2413 806 2478 intromittere¹
820 2411 892 2473 ausi
913 2427 1026 2474 sumus
1043 2410 1145 2473 cosin
1160 2411 1314 2493 templum

145 2525 309 2599 nostrum,
333 2515 419 2600 quod
440 2534 505 2578 non
526 2518 677 2600 minoris,
705 2519 770 2579 imo
792 2515 923 2597 majoris
941 2515 1127 2593 ¹sanctitatis
1149 2497 1314 2600 reputatur

152 2619 192 2684 ab
221 2622 370 2684 omnibus
391 2621 668 2704 Machametistis,
701 2639 795 2704 quam
818 2620 970 2702 templum
990 2611 1312 2703 derosolymitannm.

146 2723 184 2788 Si
207 2727 314 2788 autem
336 2725 495 2788 honorare
515 2723 630 2786 volunt
651 2726 851 2807 patriarchas
866 2727 899 2786 in
915 2723 1071 2806 spelunca
1086 2723 1215 2808 duplici,
1236 2746 1314 2808 per·
1408 2725 1411 2730 “

145 2830 298 2894 mittimus
320 2830 370 2892 cis
391 2829 548 2892 accedere
567 2829 608 2892 ad
628 2829 749 2911 gradus
770 2829 954 2911 muscheae,
969 2836 1001 2891 et
1021 2829 1066 2889 ibi
1086 2829 1232 2913 adorent,
1253 2829 1314 2894 sed
1372 2825 1374 2832 ’

144 2933 329 2998 nullatenus
351 2933 539 2996 ascendant.
584 2933 685 2996 Venit
706 2950 785 3014 ergo
812 2931 946 3000 Calinus
976 2942 1010 2995 et
1040 2935 1226 3014 negativum
1256 2953 1312 2996 re·

144 3043 297 3120 sponsum
318 3039 412 3104 nobis
434 3040 574 3121 portavit
595 3037 749 3118 duxitque
770 3053 831 3099 nos
856 3039 899 3102 ad
913 3037 1034 3120 gradus
1055 3037 1177 3120 templi,
1197 3039 1231 3100 in
1246 3057 1311 3121 quo

143 3143 299 3224 spelunca
320 3141 440 3228 duplex
461 3152 527 3224 est,
557 3149 590 3204 et
623 3141 827 3210 adoravimus
848 3153 960 3208 contra
980 3141 1168 3228 speluncam
1195 3149 1312 3204 etve-

143 3248 240 3328 stigio
261 3257 443 3328 sanctorum
465 3246 716 3330 patriarcharum
729 3244 907 3308 deoseulati
918 3263 1031 3308 sumus
1043 3253 1077 3306 ct
1092 3243 1311 3328 indulgentias

142 3351 306 3434 plenariae
326 3354 526 3416 remissionis
545 3353 622 3434 (st)
636 3351 830 3432 accepimus.
861 3349 925 3411 His
939 3351 1079 3431 peractis
1092 3353 1312 3419 convertimus

142 3474 202 3518 nos
224 3456 264 3519 ad
287 3456 574 3520 considerationem
598 3458 671 3539 loci,
691 3474 834 3543 proquo
856 3453 1042 3537 notandum,
1063 3455 1150 3538 quod
1167 3467 1314 3542 ternpore

143 3561 296 3625 Abrahae
317 3563 437 3624 civitas
458 3562 593 3624 Hebron
622 3581 687 3625 non
709 3569 778 3625 erat
799 3562 832 3642 in
853 3557 910 3621 illo
929 3559 1017 3642 loco,
1049 3559 1109 3623 sed
1129 3581 1246 3646 prope,
1277 3573 1311 3627 ct

139 3665 230 3728 locus
249 3666 305 3728 ille
327 3678 398 3730 erat
421 3667 544 3750 hortuS,
567 3668 601 3729 in
623 3679 686 3750 quo
709 3665 869 3728 eminebat
889 3665 1176 3745 petrarubeacum
1190 3668 1310 3751 duplici

142 3771 307 3853 spelunca.
341 3771 440 3834 Hunc
462 3772 568 3834 locum
593 3774 670 3834 emit
679 3771 845 3834 Abraham
859 3787 930 3831 curn
942 3778 1043 3852 petra,
1064 3790 1123 3852 pro
1133 3775 1184 3836 sui
1196 3774 1310 3857 sepul-

139 3883 209 3938 tura
230 3884 263 3939 et
284 3893 443 3956 suorum..
470 3875 512 3938 Et
534 3878 563 3939 si
584 3878 637 3939 vis
670 3877 773 3959 scire,
805 3874 882 3958 quid
913 3877 958 3937 sit
987 3893 1060 3938 eum
1088 3875 1227 3960 simplici
1253 3879 1308 3941 vol

139 3981 258 4064 duplici
279 3981 333 4044 vel
352 3981 469 4065 triplici
494 3983 661 4065 spelunca,
680 3981 760 4044 'vide
781 3979 822 4042 de
842 3980 905 4043 hoo
926 3978 1013 4040 clare
1032 3979 1072 4048 P.
1094 3981 1123 4042 1.
1144 3981 1216 4054 not
1235 3983 1306 4047 125.

138 4084 175 4144 B.
198 4084 240 4145 de
260 4086 433 4168 sepulchro
442 4087 573 4150 Domini
591 4088 625 4149 in
645 4073 851 4153 Jerusalem:
874 4083 1020 4166 Sepultis
1041 4093 1147 4147 antem
1169 4093 1308 4169 quatuor

138 4189 331 4270 patriarchis
361 4207 435 4253 cum
464 4192 657 4276 conjugibus
678 4193 711 4254 in
740 4191 897 4274 spelunca
918 4189 991 4272 illa,
1023 4189 1143 4272 incepit
1169 4190 1309 4272 populns

140 4289 345 4376 frequentare
387 4296 493 4362 locum
529 4307 562 4362 et
593 4315 653 4380 per
683 4297 848 4360 circuitum
884 4295 947 4360 sibi
985 4292 1098 4358 domos
1135 4295 1308 4388 aedificare
