2948 4876
128 501 319 570 extrinsece
342 497 460 583 templi¹
475 505 509 562 et
544 517 586 564 ex
618 499 693 564 aliis
724 501 910 585 muscheis,
940 502 974 566 ia
1009 500 1125 587 quibus
1152 502 1210 573 lui.
1252 502 1309 594 Ala
1417 577 1421 586 ‚

127 615 221 674 intus
243 609 328 669 enim
350 603 474 666 nullum
495 604 600 667 habel
616 605 917 688 (Blsonctuerinm
937 623 1068 684 suarum
1090 609 1305 692 reliquiarum,
1334 675 1339 683 ,

127 716 166 776 in
179 720 251 796 'quo
274 717 328 771 aut
350 718 559 770 sacramenta
580 709 690 792 aliqua
711 719 766 774 out
776 710 929 793 reliquiae
939 712 1005 774 siut
1024 713 1219 798 reconditae,
1229 732 1303 780 cum

129 835 195 880 neo
216 815 369 896 reliquias
403 831 463 874 nec
495 794 698 877 sacramenta
724 816 874 879 habeant.
918 815 1002 897 Legi
1028 824 1133 880 tomen
1160 821 1193 882 iu
1221 837 1306 902 qua·

9 977 11 998 ‚
130 922 207 985 dam
227 920 388 1000 chronica,
411 916 497 1000 quod
528 919 630 1000 pedes
653 928 686 982 et
709 937 832 1002 manus.
847 919 1129 1004 Machometisibi
1156 925 1223 984 siut
1249 941 1305 985 re-

9 1007 11 1068 s
129 1015 260 1110 positae
296 1033 329 1086 et
359 1022 520 1106 reliquum
541 1040 661 1104 corpus
690 1024 734 1087 sit
755 1043 776 1086 a
806 1024 914 1106 porcis
947 1023 1146 1088 devoratum.
1181 1027 1218 1088 lu
1249 1027 1305 1089 illo

9 1173 10 1178 κ
129 1133 274 1215 prolana.
289 1128 410 1210 templo
437 1127 559 1190 nullum
582 1137 634 1190 est
655 1127 774 1210 altare,
796 1128 887 1206 nulla
909 1119 1016 1211 imago
1039 1145 1100 1191 nec
1128 1127 1216 1210 picta
1243 1148 1305 1192 nec

9 1297 11 1310 ,
130 1237 279 1318 sculpta,
310 1231 400 1295 nulla
427 1241 503 1295 sunt
523 1234 568 1297 ibi
589 1231 701 1314 lignea
710 1231 834 1317 sedilia,
855 1252 918 1297 uec
940 1248 1086 1315 scamna,
1105 1232 1304 1316 necstallae,

131 1341 194 1402 sed
216 1347 316 1402 totum
337 1335 558 1418 pauimentum
576 1338 668 1399 vario
689 1337 829 1420 etpolito
845 1346 1007 1400 marmore
1028 1345 1165 1402 stratum
1185 1338 1308 1420 ubique.
1330 1343 1335 1354 '

132 1452 234 1526 patet,
256 1450 288 1502 et
310 1441 452 1522 parietes
486 1441 569 1504 siout
591 1450 684 1504 extra
716 1443 765 1505 sic
797 1451 834 1520 et
849 1443 939 1520 intus
960 1461 1069 1525 opere·¹
1088 1460 1206 1526 graeco
1227 1451 1308 1505 sunt

134 1549 249 1630 ornati,
267 1546 313 1607 ita
334 1543 420 1629 quod
441 1553 529 1608 totus
551 1546 704 1608 circuitus
726 1546 836 1628 templi
859 1566 917 1630 per
938 1550 1078 1630 parietes
1088 1553 1148 1638 lest,
1166 1564 1303 1630 vacuus,

53 1641 81 1710 ’.
127 1661 169 1716 et
200 1651 277 1714 nihil
299 1650 436 1731 ,penitus
466 1657 516 1711 est
543 1651 632 1712 intus
639 1696 650 1735 ‚
683 1651 746 1714 nisi
783 1650 868 1733 quod
900 1651 1067 1734 lampades
1099 1649 1140 1712 dc
1172 1667 1303 1714 sursum
1412 1676 1415 1683 ·

135 1773 316 1838 suspensae
348 1772 389 1815 ex
408 1752 585 1821 testudine
617 1754 802 1837 dependent
823 1735 997 1826 ardentes.
1045 1756 1166 1818 Dicunt
1194 1761 1304 1820 tamen

134 1860 275 1943 quidam,
295 1862 338 1922 in
376 1856 480 1921 medio
509 1857 627 1940 templi·
646 1878 757 1942 rupem
789 1877 888 1948 super
916 1861 1134 1945 pavimentum
1167 1879 1187 1922 e
1217 1869 1305 1938 terra

9 2035 10 2058 χ
134 1983 332 2047 consurgere
361 1964 446 2026 lerro
468 1961 610 2048 undique
640 1963 870 2046 cancellatum,
900 1967 953 2028 cni
975 1964 1082 2026 nullus
1103 1964 1304 2041 Sarraceno-

9 2061 37 2115 ’-
136 2089 208 2132 rum
233 2074 294 2132 aut
329 2068 505 2148 infidelium
535 2067 739 2156 aliquatenus
777 2066 874 2129 audet
902 2067 956 2129 vel
984 2070 1157 2149 praesumit
1184 2088 1304 2152 appro-
1340 2075 1360 2105 “·

134 2175 299 2256 pinquare.
358 2173 509 2235 ,Verriuut
547 2180 653 2232 tamon
697 2178 730 2231 et
770 2172 1015 2253 peregrinantur
1053 2191 1073 2234 a
1118 2172 1303 2254 longinquis

133 2269 279 2359 partil'rus
300 2296 409 2359 rupem
432 2274 519 2339 illem
542 2273 659 2338 devote
674 2275 816 2356 uisitare
849 2284 882 2337 et
903 2275 1016 2337 videre
1048 2277 1239 2358 cupientes,
1271 2285 1303 2338 et
1380 2309 1384 2318 ·

135 2391 265 2465 propter
293 2382 377 2444 hano
407 2399 517 2463 rupem
550 2381 646 2442 ctiam
686 2380 837 2462 templum
868 2380 973 2462 ipsum
1002 2381 1036 2447 in
1063 2381 1191 2463 vulgari
1210 2381 1304 2444 locu-

135 2488 222 2551 tione
254 2505 365 2568 rupem
394 2493 539 2548 sanctam
564 2485 738 2548 nominant.
781 2484 888 2547 Multa
909 2486 1004 2547 etiam
1027 2485 1188 2569 magnalia
1205 2503 1304 2570 super

136 2611 246 2674 rupem
267 2591 353 2652 illam
377 2589 487 2653 dicunt
516 2608 592 2652 esse
613 2589 714 2672 scota,
732 2590 879 2672 inprimis
902 2609 1040 2673 namque
1060 2590 1304 2654 Melchisedech

138 2713 233 2778 super
255 2713 325 2758 eom
351 2713 466 2776 panem
487 2695 601 2758 obtulit
634 2703 665 2757 et
697 2697 820 2778 vinum,
845 2693 968 2763 Genes.
992 2697 1082 2758 XlV.
1126 2696 1168 2757 Et
1198 2694 1302 2757 Jacob

136 2801 317 2880 patriarcha
341 2781 384 2864 ilri
415 2800 584 2881 dormivit,
618 2818 729 2880 rupem
758 2800 843 2861 hauc
864 2802 924 2862 sub
955 2803 1063 2882 oepite
1095 2800 1239 2883 habens,
1270 2809 1304 2864 et

137 2905 176 2968 ab
199 2922 238 2966 ea
257 2887 341 2966 ¹vidit
361 2904 481 2967 scalam
503 2905 537 2990 iu
558 2903 711 2984 somniis,
730 2903 826 2984 cujus
848 2905 1017 2966 summitas
1039 2904 1163 2968 coelum
1185 2913 1304 2986 tange-

137 3007 211 3088 bat,
238 3015 270 3072 et
291 3007 439 3089 Angelos
465 3005 701 3070 descendentes
729 3014 762 3067 et
804 3006 1025 3070 ascendentes
1060 3007 1142 3086 vidit
1169 3025 1304 3089 eamque

141 3129 235 3172 meuc
257 3110 328 3172 oleo
358 3111 493 3192 inunxit,
516 3111 635 3172 Genes.
667 3111 720 3172 28.
763 3108 872 3171 David
895 3111 994 3173 etiam
1016 3110 1178 3191 Angelum
1207 3127 1305 3192 super

139 3233 249 3296 rupem
282 3212 368 3276 illam
400 3222 489 3277 stare
516 3213 597 3278 vidit
630 3231 701 3275 oum
736 3214 913 3294 evaginato
946 3214 1072 3298 gladio,
1107 3221 1144 3291 ut
1171 3215 1305 3278 hebetur

142 3319 168 3380 l.
213 3317 351 3400 Paralip.
409 3321 513 3387 XXll.
584 3321 722 3400 Insuper
754 3315 858 3400 'quum
916 3317 1106 3380 sacerdotes
1143 3320 1305 3406 ponebant

139 3441 235 3504 super
256 3441 367 3505 rupem
396 3425 483 3488 illam
512 3423 724 3504 holocausta,
755 3442 831 3486 mox
856 3423 943 3505 ignis
975 3423 1114 3487 divinus
1137 3421 1305 3512 descendit

138 3535 173 3618 et·
189 3528 337 3610 apposita
358 3530 543 3592 consumsit.
587 3529 706 3592 Dicunt
724 3529 831 3610 ctiam,
852 3528 941 3618 quod
964 3528 1124 3590 Jeremies
1144 3528 1305 3611 propheta

139 3629 297 3694 excidium
318 3629 435 3711 videns
458 3633 597 3697 civitatis
618 3643 652 3696 et
673 3632 784 3715 templi
823 3634 856 3697 iu
891 3635 975 3697 hano
1003 3652 1115 3716 rupem
1144 3632 1304 3695 conclusit

138 3751 242 3802 arcam
263 3733 401 3819 Domini,
424 3756 566 3820 quaese
587 3738 775 3802 mirabiliter
806 3741 930 3820 operuit
967 3748 1004 3801 et
1020 3743 1136 3802 'arcam
1167 3738 1304 3801 absorb-
1398 3769 1402 3780 ·

140 3824 191 3904 silss
229 3841 316 3902 Hinc
336 3843 401 3924 ipsi
421 3842 631 3926 arbitrantur,
662 3849 783 3926 arcam¹
801 3841 936 3904 eandem
966 3838 1071 3902 adhuc
1102 3843 1146 3905 ibi
1173 3861 1305 3905 manere

25 3971 27 3976 ·
140 3945 308 4014 inclusam.
350 3943 457 4028 Super
476 3966 587 4028 rupem
619 3948 705 4010 illam
729 3946 882 4010 Christus
909 3945 969 4009 fuit
999 3944 1124 4009 oblatus
1149 3945 1200 4009 die
1220 3947 1304 4028 xlc,
1336 3983 1341 3994 ·
1429 3945 1432 3952 ’

141 4068 235 4132 quum
255 4051 388 4114 Simeon
405 4051 531 4134 aceepit
552 4070 625 4114 eum
646 4053 680 4115 iu
701 4051 796 4116 ulnas
825 4068 928 4130 suas,
955 4050 1066 4113 Lucae
1088 4052 1127 4113 ll.
1147 4051 1305 4114 Dominus

136 4153 238 4219 desus
260 4153 479 4222 duodecennis
500 4154 585 4220 sedit
596 4174 696 4237 super
717 4174 827 4237 rupem
849 4154 936 4216 illam
958 4154 991 4216 iu
1008 4154 1112 4222 medio
1130 4155 1304 4234 doctorum,

140 4257 249 4319 Lucae
267 4260 308 4320 11.
350 4259 393 4320 lllt
426 4277 499 4324 cum
522 4261 622 4342 XXX
655 4269 747 4323 esset
772 4277 946 4340 annorum,
968 4275 1066 4340 super
1087 4275 1197 4338 rupem
1217 4256 1305 4334 illam

143 4359 261 4424 sedens
291 4361 476 4444 frequenter
506 4347 719 4448 praedicauit.
761 4366 853 4426 Haec
874 4361 1044 4425 Sarraceui
1075 4358 1115 4422 de
1146 4378 1223 4441 rupe
1249 4358 1304 4422 illa
