<?xml version="1.0" encoding="UTF-8"?>
<!DOCTYPE html PUBLIC "-//W3C//DTD XHTML 1.0 Transitional//EN"
    "http://www.w3.org/TR/xhtml1/DTD/xhtml1-transitional.dtd">
<html xmlns="http://www.w3.org/1999/xhtml" xml:lang="en" lang="en">
 <head>
  <title>
</title>
<meta http-equiv="Content-Type" content="text/html;charset=utf-8" />
  <meta name='ocr-system' content='tesseract 3.04.00' />
  <meta name='ocr-capabilities' content='ocr_page ocr_carea ocr_par ocr_line ocrx_word'/>
</head>
<body>
  <div class='ocr_page' id='page_1' title='image "./fratrisfelicisf02fabrgoog_0445.png"; bbox 0 0 2842 4882; ppageno 0'>
   <div class='ocr_carea' id='block_1_1' title="bbox 750 225 944 320">
    <p class='ocr_par' dir='ltr' id='par_1_1' title="bbox 750 225 944 320">
     <span class='ocr_line' id='line_1_1' title="bbox 750 225 944 320; baseline 0.005 -2"><span class='ocrx_word' id='word_1_1' title='bbox 750 225 944 320; x_wconf 76' lang='lat' dir='ltr'><strong>roa&#39;</strong></span> 
     </span>
    </p>
   </div>
   <div class='ocr_carea' id='block_1_2' title="bbox 97 437 1389 4387">
    <p class='ocr_par' dir='ltr' id='par_1_2' title="bbox 171 437 1389 2090">
     <span class='ocr_line' id='line_1_2' title="bbox 197 437 1389 526; baseline -0.005 -20"><span class='ocrx_word' id='word_1_2' title='bbox 197 441 285 526; x_wconf 83' lang='lat' dir='ltr'><strong>iguis</strong></span> <span class='ocrx_word' id='word_1_3' title='bbox 304 439 346 502; x_wconf 88' lang='lat' dir='ltr'><strong>de</strong></span> <span class='ocrx_word' id='word_1_4' title='bbox 369 439 441 523; x_wconf 87' lang='lat' dir='ltr'><strong>ipso</strong></span> <span class='ocrx_word' id='word_1_5' title='bbox 472 439 569 504; x_wconf 89' lang='lat' dir='ltr'><strong>bomo</strong></span> <span class='ocrx_word' id='word_1_6' title='bbox 591 438 798 520; x_wconf 70' lang='lat' dir='ltr'><strong>evaporabat.</strong></span> <span class='ocrx_word' id='word_1_7' title='bbox 838 438 942 502; x_wconf 88' lang='lat' dir='ltr'><strong>Porro</strong></span> <span class='ocrx_word' id='word_1_8' title='bbox 962 437 1059 502; x_wconf 87' lang='lat' dir='ltr'><strong>linem</strong></span> <span class='ocrx_word' id='word_1_9' title='bbox 1080 437 1172 502; x_wconf 88' lang='lat' dir='ltr'><strong>illius</strong></span> <span class='ocrx_word' id='word_1_10' title='bbox 1195 437 1389 502; x_wconf 81' lang='lat' dir='ltr'><strong>latitudinis</strong></span> 
     </span>
     <span class='ocr_line' id='line_1_3' title="bbox 196 541 1386 628; baseline -0.006 -18"><span class='ocrx_word' id='word_1_11' title='bbox 196 565 261 610; x_wconf 89' lang='lat' dir='ltr'><strong>non</strong></span> <span class='ocrx_word' id='word_1_12' title='bbox 281 552 466 628; x_wconf 73' lang='lat' dir='ltr'><strong>poteramus</strong></span> <span class='ocrx_word' id='word_1_13' title='bbox 485 544 608 627; x_wconf 86' lang='lat' dir='ltr'><strong>videre,</strong></span> <span class='ocrx_word' id='word_1_14' title='bbox 630 561 693 606; x_wconf 86' lang='lat' dir='ltr'><strong>neo</strong></span> <span class='ocrx_word' id='word_1_15' title='bbox 713 543 874 606; x_wconf 87' lang='lat' dir='ltr'><strong>montibus</strong></span> <span class='ocrx_word' id='word_1_16' title='bbox 895 542 1002 606; x_wconf 79' lang='lat' dir='ltr'><strong>claudi</strong></span> <span class='ocrx_word' id='word_1_17' title='bbox 1023 560 1086 606; x_wconf 92' lang='lat' dir='ltr'><strong>neo</strong></span> <span class='ocrx_word' id='word_1_18' title='bbox 1106 541 1271 607; x_wconf 77' lang='lat' dir='ltr'><strong>collibus.</strong></span> <span class='ocrx_word' id='word_1_19' title='bbox 1311 543 1386 606; x_wconf 87' lang='lat' dir='ltr'><strong>Con</strong></span> 
     </span>
     <span class='ocr_line' id='line_1_4' title="bbox 197 644 1385 730; baseline -0.004 -15"><span class='ocrx_word' id='word_1_20' title='bbox 197 661 303 715; x_wconf 88' lang='lat' dir='ltr'><strong>antem</strong></span> <span class='ocrx_word' id='word_1_21' title='bbox 348 653 536 713; x_wconf 75' lang='lat' dir='ltr'><strong>miraremur</strong></span> <span class='ocrx_word' id='word_1_22' title='bbox 571 649 613 711; x_wconf 90' lang='lat' dir='ltr'><strong>de</strong></span> <span class='ocrx_word' id='word_1_23' title='bbox 654 645 784 711; x_wconf 87' lang='lat' dir='ltr'><strong>horrida</strong></span> <span class='ocrx_word' id='word_1_24' title='bbox 815 644 983 709; x_wconf 85' lang='lat' dir='ltr'><strong>latitudine</strong></span> <span class='ocrx_word' id='word_1_25' title='bbox 1020 657 1051 709; x_wconf 92' lang='lat' dir='ltr'><strong>et</strong></span> <span class='ocrx_word' id='word_1_26' title='bbox 1096 648 1385 730; x_wconf 77' lang='lat' dir='ltr'><strong>interrogaremus</strong></span> 
     </span>
     <span class='ocr_line' id='line_1_5' title="bbox 197 750 1383 836; baseline -0.003 -18"><span class='ocrx_word' id='word_1_27' title='bbox 197 754 352 818; x_wconf 75' lang='lat' dir='ltr'><strong>calinum</strong></span> <span class='ocrx_word' id='word_1_28' title='bbox 363 753 578 818; x_wconf 79' lang='lat' dir='ltr'><strong>Sarracenum</strong></span> <span class='ocrx_word' id='word_1_29' title='bbox 599 753 641 817; x_wconf 89' lang='lat' dir='ltr'><strong>de</strong></span> <span class='ocrx_word' id='word_1_30' title='bbox 661 752 727 814; x_wconf 87' lang='lat' dir='ltr'><strong>line</strong></span> <span class='ocrx_word' id='word_1_31' title='bbox 748 753 864 835; x_wconf 88' lang='lat' dir='ltr'><strong>eampi,</strong></span> <span class='ocrx_word' id='word_1_32' title='bbox 887 753 952 828; x_wconf 85' lang='lat' dir='ltr'><strong>(b)</strong></span> <span class='ocrx_word' id='word_1_33' title='bbox 974 750 1054 814; x_wconf 85' lang='lat' dir='ltr'><strong>dixit</strong></span> <span class='ocrx_word' id='word_1_34' title='bbox 1075 753 1183 836; x_wconf 88' lang='lat' dir='ltr'><strong>nobis,</strong></span> <span class='ocrx_word' id='word_1_35' title='bbox 1204 753 1308 835; x_wconf 88' lang='lat' dir='ltr'><strong>quod</strong></span> <span class='ocrx_word' id='word_1_36' title='bbox 1331 773 1383 816; x_wconf 86' lang='lat' dir='ltr'><strong>non</strong></span> 
     </span>
     <span class='ocr_line' id='line_1_6' title="bbox 199 855 1381 938; baseline -0.007 -12"><span class='ocrx_word' id='word_1_37' title='bbox 199 870 251 926; x_wconf 88' lang='lat' dir='ltr'><strong>ost</strong></span> <span class='ocrx_word' id='word_1_38' title='bbox 271 861 365 924; x_wconf 87' lang='lat' dir='ltr'><strong>visus</strong></span> <span class='ocrx_word' id='word_1_39' title='bbox 394 860 490 926; x_wconf 87' lang='lat' dir='ltr'><strong>bomo</strong></span> <span class='ocrx_word' id='word_1_40' title='bbox 510 861 545 924; x_wconf 92' lang='lat' dir='ltr'><strong>in</strong></span> <span class='ocrx_word' id='word_1_41' title='bbox 575 869 680 933; x_wconf 88' lang='lat' dir='ltr'><strong>torro,</strong></span> <span class='ocrx_word' id='word_1_42' title='bbox 711 857 765 938; x_wconf 85' lang='lat' dir='ltr'><strong>qni</strong></span> <span class='ocrx_word' id='word_1_43' title='bbox 795 855 837 918; x_wconf 93' lang='lat' dir='ltr'><strong>ad</strong></span> <span class='ocrx_word' id='word_1_44' title='bbox 866 855 961 918; x_wconf 90' lang='lat' dir='ltr'><strong>linem</strong></span> <span class='ocrx_word' id='word_1_45' title='bbox 995 857 1049 918; x_wconf 86' lang='lat' dir='ltr'><strong>vel</strong></span> <span class='ocrx_word' id='word_1_46' title='bbox 1081 857 1268 920; x_wconf 87' lang='lat' dir='ltr'><strong>terminum</strong></span> <span class='ocrx_word' id='word_1_47' title='bbox 1306 857 1381 920; x_wconf 86' lang='lat' dir='ltr'><strong>illim</strong></span> 
     </span>
     <span class='ocr_line' id='line_1_7' title="bbox 198 960 1380 1050; baseline -0.003 -22"><span class='ocrx_word' id='word_1_48' title='bbox 198 966 304 1048; x_wconf 87' lang='lat' dir='ltr'><strong>eampi</strong></span> <span class='ocrx_word' id='word_1_49' title='bbox 322 966 448 1028; x_wconf 87' lang='lat' dir='ltr'><strong>venerit</strong></span> <span class='ocrx_word' id='word_1_50' title='bbox 469 983 528 1050; x_wconf 89' lang='lat' dir='ltr'><strong>por</strong></span> <span class='ocrx_word' id='word_1_51' title='bbox 553 965 642 1028; x_wconf 90' lang='lat' dir='ltr'><strong>viam</strong></span> <span class='ocrx_word' id='word_1_52' title='bbox 662 961 760 1024; x_wconf 87' lang='lat' dir='ltr'><strong>illam.</strong></span> <span class='ocrx_word' id='word_1_53' title='bbox 805 960 843 1023; x_wconf 86' lang='lat' dir='ltr'><strong>Si</strong></span> <span class='ocrx_word' id='word_1_54' title='bbox 863 962 967 1043; x_wconf 83' lang='lat' dir='ltr'><strong>enim,</strong></span> <span class='ocrx_word' id='word_1_55' title='bbox 987 961 1107 1043; x_wconf 82' lang='lat' dir='ltr'><strong>inquit,</strong></span> <span class='ocrx_word' id='word_1_56' title='bbox 1131 960 1263 1043; x_wconf 87' lang='lat' dir='ltr'><strong>aliquis</strong></span> <span class='ocrx_word' id='word_1_57' title='bbox 1296 963 1380 1026; x_wconf 86' lang='lat' dir='ltr'><strong>velo-</strong></span> 
     </span>
     <span class='ocr_line' id='line_1_8' title="bbox 200 1063 1378 1152; baseline -0.005 -18"><span class='ocrx_word' id='word_1_58' title='bbox 200 1073 281 1134; x_wconf 81' lang='lat' dir='ltr'><strong>citer</strong></span> <span class='ocrx_word' id='word_1_59' title='bbox 301 1077 415 1152; x_wconf 82' lang='lat' dir='ltr'><strong>agerat</strong></span> <span class='ocrx_word' id='word_1_60' title='bbox 435 1089 544 1150; x_wconf 85' lang='lat' dir='ltr'><strong>eursu,</strong></span> <span class='ocrx_word' id='word_1_61' title='bbox 563 1069 618 1150; x_wconf 83' lang='lat' dir='ltr'><strong>ita,</strong></span> <span class='ocrx_word' id='word_1_62' title='bbox 640 1065 725 1150; x_wconf 88' lang='lat' dir='ltr'><strong>qnod</strong></span> <span class='ocrx_word' id='word_1_63' title='bbox 741 1064 880 1147; x_wconf 88' lang='lat' dir='ltr'><strong>singulis</strong></span> <span class='ocrx_word' id='word_1_64' title='bbox 903 1063 1016 1128; x_wconf 88' lang='lat' dir='ltr'><strong>diebus</strong></span> <span class='ocrx_word' id='word_1_65' title='bbox 1038 1065 1149 1128; x_wconf 83' lang='lat' dir='ltr'><strong>decem</strong></span> <span class='ocrx_word' id='word_1_66' title='bbox 1168 1067 1378 1130; x_wconf 75' lang='lat' dir='ltr'><strong>alemannie</strong></span> 
     </span>
     <span class='ocr_line' id='line_1_9' title="bbox 202 1168 1377 1257; baseline -0.006 -18"><span class='ocrx_word' id='word_1_67' title='bbox 202 1176 353 1239; x_wconf 85' lang='lat' dir='ltr'><strong>milliaria</strong></span> <span class='ocrx_word' id='word_1_68' title='bbox 374 1175 512 1257; x_wconf 83' lang='lat' dir='ltr'><strong>iaceret,</strong></span> <span class='ocrx_word' id='word_1_69' title='bbox 535 1173 659 1236; x_wconf 90' lang='lat' dir='ltr'><strong>dnobus</strong></span> <span class='ocrx_word' id='word_1_70' title='bbox 681 1171 847 1233; x_wconf 90' lang='lat' dir='ltr'><strong>mensibus</strong></span> <span class='ocrx_word' id='word_1_71' title='bbox 869 1187 930 1232; x_wconf 89' lang='lat' dir='ltr'><strong>nae</strong></span> <span class='ocrx_word' id='word_1_72' title='bbox 951 1168 992 1232; x_wconf 91' lang='lat' dir='ltr'><strong>ad</strong></span> <span class='ocrx_word' id='word_1_73' title='bbox 1016 1187 1120 1253; x_wconf 82' lang='lat' dir='ltr'><strong>aquas</strong></span> <span class='ocrx_word' id='word_1_74' title='bbox 1145 1189 1213 1233; x_wconf 89' lang='lat' dir='ltr'><strong>neo</strong></span> <span class='ocrx_word' id='word_1_75' title='bbox 1251 1172 1302 1234; x_wconf 83' lang='lat' dir='ltr'><strong>ad</strong></span> <span class='ocrx_word' id='word_1_76' title='bbox 1329 1173 1377 1234; x_wconf 87' lang='lat' dir='ltr'><strong>ho-</strong></span> 
     </span>
     <span class='ocr_line' id='line_1_10' title="bbox 200 1274 1377 1358; baseline -0.004 -14"><span class='ocrx_word' id='word_1_77' title='bbox 200 1282 305 1344; x_wconf 84' lang='lat' dir='ltr'><strong>mines</strong></span> <span class='ocrx_word' id='word_1_78' title='bbox 346 1280 482 1342; x_wconf 88' lang='lat' dir='ltr'><strong>veniret.</strong></span> <span class='ocrx_word' id='word_1_79' title='bbox 536 1278 579 1340; x_wconf 76' lang='lat' dir='ltr'><strong>lit</strong></span> <span class='ocrx_word' id='word_1_80' title='bbox 607 1293 680 1340; x_wconf 85' lang='lat' dir='ltr'><strong>oum</strong></span> <span class='ocrx_word' id='word_1_81' title='bbox 720 1276 783 1338; x_wconf 88' lang='lat' dir='ltr'><strong>hoo</strong></span> <span class='ocrx_word' id='word_1_82' title='bbox 823 1284 932 1337; x_wconf 86' lang='lat' dir='ltr'><strong>tantus</strong></span> <span class='ocrx_word' id='word_1_83' title='bbox 975 1274 1070 1336; x_wconf 90' lang='lat' dir='ltr'><strong>ardor</strong></span> <span class='ocrx_word' id='word_1_84' title='bbox 1102 1275 1217 1338; x_wconf 84' lang='lat' dir='ltr'><strong>adurit</strong></span> <span class='ocrx_word' id='word_1_85' title='bbox 1249 1292 1377 1358; x_wconf 84' lang='lat' dir='ltr'><strong>eampoo</strong></span> 
     </span>
     <span class='ocr_line' id='line_1_11' title="bbox 201 1379 1376 1467; baseline -0.007 -19"><span class='ocrx_word' id='word_1_86' title='bbox 201 1385 294 1464; x_wconf 88' lang='lat' dir='ltr'><strong>illos,</strong></span> <span class='ocrx_word' id='word_1_87' title='bbox 315 1382 401 1467; x_wconf 85' lang='lat' dir='ltr'><strong>quod</strong></span> <span class='ocrx_word' id='word_1_88' title='bbox 424 1384 522 1447; x_wconf 89' lang='lat' dir='ltr'><strong>etiam</strong></span> <span class='ocrx_word' id='word_1_89' title='bbox 543 1383 639 1446; x_wconf 90' lang='lat' dir='ltr'><strong>bomo</strong></span> <span class='ocrx_word' id='word_1_90' title='bbox 676 1379 785 1443; x_wconf 85' lang='lat' dir='ltr'><strong>habita</strong></span> <span class='ocrx_word' id='word_1_91' title='bbox 805 1397 889 1462; x_wconf 86' lang='lat' dir='ltr'><strong>aqna</strong></span> <span class='ocrx_word' id='word_1_92' title='bbox 926 1398 990 1442; x_wconf 89' lang='lat' dir='ltr'><strong>uon</strong></span> <span class='ocrx_word' id='word_1_93' title='bbox 1012 1388 1125 1462; x_wconf 88' lang='lat' dir='ltr'><strong>posset</strong></span> <span class='ocrx_word' id='word_1_94' title='bbox 1147 1381 1258 1442; x_wconf 87' lang='lat' dir='ltr'><strong>vivus</strong></span> <span class='ocrx_word' id='word_1_95' title='bbox 1284 1399 1376 1462; x_wconf 85' lang='lat' dir='ltr'><strong>peor-</strong></span> 
     </span>
     <span class='ocr_line' id='line_1_12' title="bbox 202 1482 1374 1570; baseline -0.003 -20"><span class='ocrx_word' id='word_1_96' title='bbox 202 1497 289 1551; x_wconf 87' lang='lat' dir='ltr'><strong>trare</strong></span> <span class='ocrx_word' id='word_1_97' title='bbox 315 1502 418 1570; x_wconf 87' lang='lat' dir='ltr'><strong>nsque</strong></span> <span class='ocrx_word' id='word_1_98' title='bbox 444 1487 486 1550; x_wconf 89' lang='lat' dir='ltr'><strong>ad</strong></span> <span class='ocrx_word' id='word_1_99' title='bbox 516 1486 612 1548; x_wconf 85' lang='lat' dir='ltr'><strong>linem</strong></span> <span class='ocrx_word' id='word_1_100' title='bbox 647 1482 727 1564; x_wconf 87' lang='lat' dir='ltr'><strong>ejus.</strong></span> <span class='ocrx_word' id='word_1_101' title='bbox 781 1485 952 1548; x_wconf 80' lang='lat' dir='ltr'><strong>&#39;lerminns</strong></span> <span class='ocrx_word' id='word_1_102' title='bbox 981 1484 1065 1548; x_wconf 90' lang='lat' dir='ltr'><strong>enim</strong></span> <span class='ocrx_word' id='word_1_103' title='bbox 1096 1483 1230 1546; x_wconf 88' lang='lat' dir='ltr'><strong>illorum</strong></span> <span class='ocrx_word' id='word_1_104' title='bbox 1267 1485 1374 1548; x_wconf 86' lang='lat' dir='ltr'><strong>dieitur</strong></span> 
     </span>
     <span class='ocr_line' id='line_1_13' title="bbox 171 1586 1373 1673; baseline -0.002 -19"><span class='ocrx_word' id='word_1_105' title='bbox 171 1618 176 1622; x_wconf 94' lang='lat'>·</span> <span class='ocrx_word' id='word_1_106' title='bbox 202 1609 277 1654; x_wconf 90' lang='lat' dir='ltr'><strong>esse</strong></span> <span class='ocrx_word' id='word_1_107' title='bbox 295 1590 389 1672; x_wconf 84' lang='lat' dir='ltr'><strong>juxta</strong></span> <span class='ocrx_word' id='word_1_108' title='bbox 415 1596 542 1652; x_wconf 89' lang='lat' dir='ltr'><strong>montes</strong></span> <span class='ocrx_word' id='word_1_109' title='bbox 574 1586 715 1672; x_wconf 81' lang='lat' dir='ltr'><strong>paradisi</strong></span> <span class='ocrx_word' id='word_1_110' title='bbox 747 1589 910 1652; x_wconf 75' lang='lat' dir='ltr'><strong>terrestria</strong></span> <span class='ocrx_word' id='word_1_111' title='bbox 924 1595 964 1650; x_wconf 94' lang='lat' dir='ltr'><strong>·et</strong></span> <span class='ocrx_word' id='word_1_112' title='bbox 992 1586 1065 1650; x_wconf 89' lang='lat' dir='ltr'><strong>ideo</strong></span> <span class='ocrx_word' id='word_1_113' title='bbox 1094 1587 1250 1670; x_wconf 80' lang='lat' dir='ltr'><strong>fulgores</strong></span> <span class='ocrx_word' id='word_1_114' title='bbox 1285 1590 1373 1673; x_wconf 86' lang='lat' dir='ltr'><strong>gladii</strong></span> 
     </span>
     <span class='ocr_line' id='line_1_14' title="bbox 200 1690 1372 1779; baseline -0.004 -19"><span class='ocrx_word' id='word_1_115' title='bbox 200 1696 355 1778; x_wconf 87' lang='lat' dir='ltr'><strong>flammei,</strong></span> <span class='ocrx_word' id='word_1_116' title='bbox 377 1712 473 1779; x_wconf 86' lang='lat' dir='ltr'><strong>quem</strong></span> <span class='ocrx_word' id='word_1_117' title='bbox 495 1694 653 1757; x_wconf 86' lang='lat' dir='ltr'><strong>Dominus</strong></span> <span class='ocrx_word' id='word_1_118' title='bbox 674 1701 750 1756; x_wconf 87' lang='lat' dir='ltr'><strong>ante</strong></span> <span class='ocrx_word' id='word_1_119' title='bbox 769 1696 952 1776; x_wconf 85' lang='lat' dir='ltr'><strong>ingressum</strong></span> <span class='ocrx_word' id='word_1_120' title='bbox 981 1690 1123 1773; x_wconf 81' lang='lat' dir='ltr'><strong>paradisi</strong></span> <span class='ocrx_word' id='word_1_121' title='bbox 1155 1698 1304 1774; x_wconf 86' lang='lat' dir='ltr'><strong>statuit,</strong></span> <span class='ocrx_word' id='word_1_122' title='bbox 1327 1697 1372 1756; x_wconf 84' lang='lat' dir='ltr'><strong>boa</strong></span> 
     </span>
     <span class='ocr_line' id='line_1_15' title="bbox 201 1795 1368 1883; baseline -0.003 -19"><span class='ocrx_word' id='word_1_123' title='bbox 201 1817 334 1883; x_wconf 81' lang='lat' dir='ltr'><strong>compos</strong></span> <span class='ocrx_word' id='word_1_124' title='bbox 358 1799 498 1864; x_wconf 85' lang='lat' dir='ltr'><strong>adurunt</strong></span> <span class='ocrx_word' id='word_1_125' title='bbox 518 1808 551 1862; x_wconf 88' lang='lat' dir='ltr'><strong>et</strong></span> <span class='ocrx_word' id='word_1_126' title='bbox 572 1798 943 1880; x_wconf 77' lang='lat' dir='ltr'><strong>aceessum-prohibent.</strong></span> <span class='ocrx_word' id='word_1_127' title='bbox 987 1795 1077 1860; x_wconf 85' lang='lat' dir='ltr'><strong>Sane</strong></span> <span class='ocrx_word' id='word_1_128' title='bbox 1106 1797 1239 1878; x_wconf 87' lang='lat' dir='ltr'><strong>opinari</strong></span> <span class='ocrx_word' id='word_1_129' title='bbox 1273 1799 1368 1883; x_wconf 78' lang='lat' dir='ltr'><strong>[quis]</strong></span> 
     </span>
     <span class='ocr_line' id='line_1_16' title="bbox 200 1901 1368 1989; baseline -0.008 -20"><span class='ocrx_word' id='word_1_130' title='bbox 200 1914 327 1989; x_wconf 86' lang='lat' dir='ltr'><strong>posset,</strong></span> <span class='ocrx_word' id='word_1_131' title='bbox 360 1907 421 1970; x_wconf 88' lang='lat' dir='ltr'><strong>hos</strong></span> <span class='ocrx_word' id='word_1_132' title='bbox 455 1921 587 1987; x_wconf 88' lang='lat' dir='ltr'><strong>eampos</strong></span> <span class='ocrx_word' id='word_1_133' title='bbox 625 1921 702 1965; x_wconf 88' lang='lat' dir='ltr'><strong>esse</strong></span> <span class='ocrx_word' id='word_1_134' title='bbox 733 1916 865 1985; x_wconf 78' lang='lat' dir='ltr'><strong>campos</strong></span> <span class='ocrx_word' id='word_1_135' title='bbox 899 1901 1012 1983; x_wconf 85' lang='lat' dir='ltr'><strong>Elisii,</strong></span> <span class='ocrx_word' id='word_1_136' title='bbox 1055 1901 1110 1983; x_wconf 87' lang='lat' dir='ltr'><strong>qni</strong></span> <span class='ocrx_word' id='word_1_137' title='bbox 1142 1911 1227 1963; x_wconf 91' lang='lat' dir='ltr'><strong>sunt</strong></span> <span class='ocrx_word' id='word_1_138' title='bbox 1277 1903 1368 1984; x_wconf 79' lang='lat' dir='ltr'><strong>campi</strong></span> 
     </span>
     <span class='ocr_line' id='line_1_17' title="bbox 200 2005 1366 2090; baseline -0.005 -16"><span class='ocrx_word' id='word_1_139' title='bbox 200 2010 332 2074; x_wconf 83' lang='lat' dir='ltr'><strong>maximi</strong></span> <span class='ocrx_word' id='word_1_140' title='bbox 363 2019 396 2072; x_wconf 89' lang='lat' dir='ltr'><strong>et</strong></span> <span class='ocrx_word' id='word_1_141' title='bbox 423 2009 570 2073; x_wconf 84' lang='lat' dir='ltr'><strong>latissimi</strong></span> <span class='ocrx_word' id='word_1_142' title='bbox 599 2009 692 2070; x_wconf 86' lang='lat' dir='ltr'><strong>extra</strong></span> <span class='ocrx_word' id='word_1_143' title='bbox 721 2008 885 2070; x_wconf 90' lang='lat' dir='ltr'><strong>hominnm</strong></span> <span class='ocrx_word' id='word_1_144' title='bbox 917 2005 1164 2086; x_wconf 84' lang='lat' dir='ltr'><strong>habitationem,</strong></span> <span class='ocrx_word' id='word_1_145' title='bbox 1203 2009 1366 2090; x_wconf 80' lang='lat' dir='ltr'><strong>inquibus</strong></span> 
     </span>
    </p>

    <p class='ocr_par' dir='ltr' id='par_1_3' title="bbox 200 2109 1365 2193">
     <span class='ocr_line' id='line_1_18' title="bbox 200 2109 1365 2193; baseline -0.003 -15"><span class='ocrx_word' id='word_1_146' title='bbox 200 2134 296 2178; x_wconf 89' lang='lat' dir='ltr'><strong>nemo</strong></span> <span class='ocrx_word' id='word_1_147' title='bbox 316 2117 434 2179; x_wconf 82' lang='lat' dir='ltr'><strong>virens</strong></span> <span class='ocrx_word' id='word_1_148' title='bbox 455 2123 604 2178; x_wconf 87' lang='lat' dir='ltr'><strong>moratur.</strong></span> <span class='ocrx_word' id='word_1_149' title='bbox 626 2111 681 2175; x_wconf 86' lang='lat' dir='ltr'><strong>Ad</strong></span> <span class='ocrx_word' id='word_1_150' title='bbox 703 2111 764 2173; x_wconf 91' lang='lat' dir='ltr'><strong>hos</strong></span> <span class='ocrx_word' id='word_1_151' title='bbox 785 2127 936 2193; x_wconf 86' lang='lat' dir='ltr'><strong>campos,</strong></span> <span class='ocrx_word' id='word_1_152' title='bbox 959 2109 1071 2173; x_wconf 80' lang='lat' dir='ltr'><strong>dieunt</strong></span> <span class='ocrx_word' id='word_1_153' title='bbox 1094 2118 1226 2192; x_wconf 87' lang='lat' dir='ltr'><strong>poetae,</strong></span> <span class='ocrx_word' id='word_1_154' title='bbox 1246 2119 1365 2174; x_wconf 79' lang='lat' dir='ltr'><strong>revocat</strong></span> 
     </span>
    </p>

    <p class='ocr_par' dir='ltr' id='par_1_4' title="bbox 200 2213 1362 2297">
     <span class='ocr_line' id='line_1_19' title="bbox 200 2213 1362 2297; baseline -0.007 -15"><span class='ocrx_word' id='word_1_155' title='bbox 200 2221 382 2284; x_wconf 72' lang='lat' dir='ltr'><strong>Mercurius</strong></span> <span class='ocrx_word' id='word_1_156' title='bbox 403 2221 528 2283; x_wconf 85' lang='lat' dir='ltr'><strong>animas</strong></span> <span class='ocrx_word' id='word_1_157' title='bbox 549 2219 707 2281; x_wconf 89' lang='lat' dir='ltr'><strong>humanas</strong></span> <span class='ocrx_word' id='word_1_158' title='bbox 729 2215 769 2276; x_wconf 91' lang='lat' dir='ltr'><strong>ab</strong></span> <span class='ocrx_word' id='word_1_159' title='bbox 791 2213 927 2276; x_wconf 81' lang='lat' dir='ltr'><strong>inferno.</strong></span> <span class='ocrx_word' id='word_1_160' title='bbox 951 2214 1105 2276; x_wconf 87' lang='lat' dir='ltr'><strong>Arbitrati</strong></span> <span class='ocrx_word' id='word_1_161' title='bbox 1122 2233 1272 2297; x_wconf 88' lang='lat' dir='ltr'><strong>namque</strong></span> <span class='ocrx_word' id='word_1_162' title='bbox 1293 2225 1362 2292; x_wconf 85' lang='lat' dir='ltr'><strong>snut,</strong></span> 
     </span>
    </p>

    <p class='ocr_par' dir='ltr' id='par_1_5' title="bbox 201 2318 1364 2402">
     <span class='ocr_line' id='line_1_20' title="bbox 201 2318 1364 2402; baseline -0.006 -16"><span class='ocrx_word' id='word_1_163' title='bbox 201 2341 313 2386; x_wconf 88' lang='lat' dir='ltr'><strong>omnes</strong></span> <span class='ocrx_word' id='word_1_164' title='bbox 341 2325 504 2390; x_wconf 89' lang='lat' dir='ltr'><strong>hominum</strong></span> <span class='ocrx_word' id='word_1_165' title='bbox 536 2325 660 2386; x_wconf 88' lang='lat' dir='ltr'><strong>animas</strong></span> <span class='ocrx_word' id='word_1_166' title='bbox 689 2339 710 2384; x_wconf 92' lang='lat' dir='ltr'><strong>a</strong></span> <span class='ocrx_word' id='word_1_167' title='bbox 737 2319 895 2402; x_wconf 83' lang='lat' dir='ltr'><strong>principio</strong></span> <span class='ocrx_word' id='word_1_168' title='bbox 931 2328 1058 2383; x_wconf 84' lang='lat' dir='ltr'><strong>areatas</strong></span> <span class='ocrx_word' id='word_1_169' title='bbox 1085 2318 1181 2382; x_wconf 84' lang='lat' dir='ltr'><strong>simul</strong></span> <span class='ocrx_word' id='word_1_170' title='bbox 1218 2321 1364 2382; x_wconf 85' lang='lat' dir='ltr'><strong>fnisseet</strong></span> 
     </span>
    </p>

    <p class='ocr_par' dir='ltr' id='par_1_6' title="bbox 201 2421 1363 2513">
     <span class='ocr_line' id='line_1_21' title="bbox 201 2421 1363 2513; baseline -0.005 -25"><span class='ocrx_word' id='word_1_171' title='bbox 201 2425 319 2489; x_wconf 88' lang='lat' dir='ltr'><strong>deinde</strong></span> <span class='ocrx_word' id='word_1_172' title='bbox 340 2432 508 2513; x_wconf 83' lang='lat' dir='ltr'><strong>eorroeptis</strong></span> <span class='ocrx_word' id='word_1_173' title='bbox 537 2428 719 2491; x_wconf 88' lang='lat' dir='ltr'><strong>hominibus</strong></span> <span class='ocrx_word' id='word_1_174' title='bbox 750 2425 932 2506; x_wconf 83' lang='lat' dir='ltr'><strong>immissas3</strong></span> <span class='ocrx_word' id='word_1_175' title='bbox 976 2424 1187 2486; x_wconf 87' lang='lat' dir='ltr'><strong>morientibus</strong></span> <span class='ocrx_word' id='word_1_176' title='bbox 1219 2425 1316 2486; x_wconf 89' lang='lat' dir='ltr'><strong>nobis</strong></span> <span class='ocrx_word' id='word_1_177' title='bbox 1334 2421 1363 2483; x_wconf 86' lang='lat' dir='ltr'><strong>ad</strong></span> 
     </span>
    </p>

    <p class='ocr_par' dir='ltr' id='par_1_7' title="bbox 204 2527 1364 2615">
     <span class='ocr_line' id='line_1_22' title="bbox 204 2527 1364 2615; baseline -0.006 -23"><span class='ocrx_word' id='word_1_178' title='bbox 204 2530 327 2595; x_wconf 78' lang='lat' dir='ltr'><strong>inferos</strong></span> <span class='ocrx_word' id='word_1_179' title='bbox 358 2530 558 2598; x_wconf 77' lang='lat' dir='ltr'><strong>descendere</strong></span> <span class='ocrx_word' id='word_1_180' title='bbox 596 2533 704 2615; x_wconf 89' lang='lat' dir='ltr'><strong>ibique</strong></span> <span class='ocrx_word' id='word_1_181' title='bbox 737 2529 888 2608; x_wconf 81' lang='lat' dir='ltr'><strong>eruciari,</strong></span> <span class='ocrx_word' id='word_1_182' title='bbox 927 2527 1031 2590; x_wconf 83' lang='lat' dir='ltr'><strong>donee</strong></span> <span class='ocrx_word' id='word_1_183' title='bbox 1052 2528 1234 2592; x_wconf 80' lang='lat' dir='ltr'><strong>commissa</strong></span> <span class='ocrx_word' id='word_1_184' title='bbox 1254 2529 1290 2590; x_wconf 92' lang='lat' dir='ltr'><strong>in</strong></span> <span class='ocrx_word' id='word_1_185' title='bbox 1310 2529 1364 2588; x_wconf 75' lang='lat' dir='ltr'><strong>rita</strong></span> 
     </span>
    </p>

    <p class='ocr_par' dir='ltr' id='par_1_8' title="bbox 202 2631 1363 2716">
     <span class='ocr_line' id='line_1_23' title="bbox 202 2631 1363 2716; baseline -0.003 -20"><span class='ocrx_word' id='word_1_186' title='bbox 202 2643 416 2716; x_wconf 85' lang='lat' dir='ltr'><strong>purgarentur</strong></span> <span class='ocrx_word' id='word_1_187' title='bbox 436 2644 470 2698; x_wconf 86' lang='lat' dir='ltr'><strong>et</strong></span> <span class='ocrx_word' id='word_1_188' title='bbox 491 2637 568 2699; x_wconf 92' lang='lat' dir='ltr'><strong>indo</strong></span> <span class='ocrx_word' id='word_1_189' title='bbox 599 2642 775 2700; x_wconf 88' lang='lat' dir='ltr'><strong>revocante</strong></span> <span class='ocrx_word' id='word_1_190' title='bbox 806 2651 864 2694; x_wconf 90' lang='lat' dir='ltr'><strong>eas</strong></span> <span class='ocrx_word' id='word_1_191' title='bbox 886 2631 1047 2695; x_wconf 78' lang='lat' dir='ltr'><strong>Mercurio</strong></span> <span class='ocrx_word' id='word_1_192' title='bbox 1068 2633 1245 2695; x_wconf 88' lang='lat' dir='ltr'><strong>transitum</strong></span> <span class='ocrx_word' id='word_1_193' title='bbox 1270 2634 1363 2695; x_wconf 82' lang='lat' dir='ltr'><strong>faeere</strong></span> 
     </span>
    </p>

    <p class='ocr_par' dir='ltr' id='par_1_9' title="bbox 203 2736 1362 2829">
     <span class='ocr_line' id='line_1_24' title="bbox 203 2736 1362 2829; baseline -0.003 -29"><span class='ocrx_word' id='word_1_194' title='bbox 203 2736 245 2800; x_wconf 89' lang='lat' dir='ltr'><strong>ad</strong></span> <span class='ocrx_word' id='word_1_195' title='bbox 275 2737 409 2821; x_wconf 76' lang='lat' dir='ltr'><strong>Elysios</strong></span> <span class='ocrx_word' id='word_1_196' title='bbox 431 2758 588 2823; x_wconf 78' lang='lat' dir='ltr'><strong>oampos,</strong></span> <span class='ocrx_word' id='word_1_197' title='bbox 624 2758 663 2803; x_wconf 86' lang='lat' dir='ltr'><strong>ao</strong></span> <span class='ocrx_word' id='word_1_198' title='bbox 692 2739 767 2801; x_wconf 92' lang='lat' dir='ltr'><strong>inde</strong></span> <span class='ocrx_word' id='word_1_199' title='bbox 799 2745 874 2829; x_wconf 83' lang='lat' dir='ltr'><strong>post</strong></span> <span class='ocrx_word' id='word_1_200' title='bbox 908 2736 995 2798; x_wconf 91' lang='lat' dir='ltr'><strong>mille</strong></span> <span class='ocrx_word' id='word_1_201' title='bbox 1026 2755 1129 2799; x_wconf 90' lang='lat' dir='ltr'><strong>annus</strong></span> <span class='ocrx_word' id='word_1_202' title='bbox 1146 2755 1184 2799; x_wconf 85' lang='lat' dir='ltr'><strong>-a</strong></span> <span class='ocrx_word' id='word_1_203' title='bbox 1214 2737 1362 2800; x_wconf 78' lang='lat' dir='ltr'><strong>Mercurio</strong></span> 
     </span>
    </p>

    <p class='ocr_par' dir='ltr' id='par_1_10' title="bbox 203 2841 1361 2924">
     <span class='ocr_line' id='line_1_25' title="bbox 203 2841 1361 2924; baseline -0.005 -18"><span class='ocrx_word' id='word_1_204' title='bbox 203 2842 318 2906; x_wconf 87' lang='lat' dir='ltr'><strong>deduoi</strong></span> <span class='ocrx_word' id='word_1_205' title='bbox 338 2843 379 2906; x_wconf 87' lang='lat' dir='ltr'><strong>ad</strong></span> <span class='ocrx_word' id='word_1_206' title='bbox 401 2844 527 2908; x_wconf 78' lang='lat' dir='ltr'><strong>Lethen</strong></span> <span class='ocrx_word' id='word_1_207' title='bbox 554 2845 687 2908; x_wconf 82' lang='lat' dir='ltr'><strong>fluvium</strong></span> <span class='ocrx_word' id='word_1_208' title='bbox 699 2887 709 2924; x_wconf 89' lang='lat'><strong><em>,</em></strong></span> <span class='ocrx_word' id='word_1_209' title='bbox 735 2850 771 2904; x_wconf 93' lang='lat' dir='ltr'><strong>ut</strong></span> <span class='ocrx_word' id='word_1_210' title='bbox 793 2860 833 2903; x_wconf 90' lang='lat' dir='ltr'><strong>eo</strong></span> <span class='ocrx_word' id='word_1_211' title='bbox 854 2848 962 2923; x_wconf 92' lang='lat' dir='ltr'><strong>potato</strong></span> <span class='ocrx_word' id='word_1_212' title='bbox 986 2841 1260 2905; x_wconf 86' lang='lat' dir='ltr'><strong>oblivisoarentur</strong></span> <span class='ocrx_word' id='word_1_213' title='bbox 1279 2859 1361 2924; x_wconf 87' lang='lat' dir='ltr'><strong>prae·</strong></span> 
     </span>
    </p>

    <p class='ocr_par' dir='ltr' id='par_1_11' title="bbox 202 2945 1360 3014">
     <span class='ocr_line' id='line_1_26' title="bbox 202 2945 1360 3014; baseline -0.003 -2"><span class='ocrx_word' id='word_1_214' title='bbox 202 2951 307 3012; x_wconf 87' lang='lat' dir='ltr'><strong>sentis</strong></span> <span class='ocrx_word' id='word_1_215' title='bbox 327 2950 416 3012; x_wconf 74' lang='lat' dir='ltr'><strong>uitae</strong></span> <span class='ocrx_word' id='word_1_216' title='bbox 437 2950 565 3014; x_wconf 88' lang='lat' dir='ltr'><strong>labores</strong></span> <span class='ocrx_word' id='word_1_217' title='bbox 593 2957 624 3011; x_wconf 92' lang='lat' dir='ltr'><strong>et</strong></span> <span class='ocrx_word' id='word_1_218' title='bbox 646 2948 695 3010; x_wconf 85' lang='lat' dir='ltr'><strong>sio</strong></span> <span class='ocrx_word' id='word_1_219' title='bbox 716 2945 937 3010; x_wconf 85' lang='lat' dir='ltr'><strong>desiderarent</strong></span> <span class='ocrx_word' id='word_1_220' title='bbox 957 2946 1071 3009; x_wconf 87' lang='lat' dir='ltr'><strong>iterum</strong></span> <span class='ocrx_word' id='word_1_221' title='bbox 1106 2946 1216 3010; x_wconf 90' lang='lat' dir='ltr'><strong>redire</strong></span> <span class='ocrx_word' id='word_1_222' title='bbox 1240 2947 1281 3010; x_wconf 90' lang='lat' dir='ltr'><strong>ad</strong></span> <span class='ocrx_word' id='word_1_223' title='bbox 1302 2965 1360 3009; x_wconf 88' lang='lat' dir='ltr'><strong>cor·</strong></span> 
     </span>
    </p>

    <p class='ocr_par' dir='ltr' id='par_1_12' title="bbox 97 3039 887 3137">
     <span class='ocr_line' id='line_1_27' title="bbox 97 3039 887 3137; baseline -0.009 -18"><span class='ocrx_word' id='word_1_224' title='bbox 97 3039 102 3050; x_wconf 45' lang='lat'>⁸</span> <span class='ocrx_word' id='word_1_225' title='bbox 203 3057 308 3136; x_wconf 83' lang='lat' dir='ltr'><strong>poro‚&#39;</strong></span> <span class='ocrx_word' id='word_1_226' title='bbox 324 3051 365 3116; x_wconf 88' lang='lat' dir='ltr'><strong>od</strong></span> <span class='ocrx_word' id='word_1_227' title='bbox 387 3073 471 3137; x_wconf 91' lang='lat' dir='ltr'><strong>qnae</strong></span> <span class='ocrx_word' id='word_1_228' title='bbox 491 3053 675 3117; x_wconf 72' lang='lat' dir='ltr'><strong>Mercurius</strong></span> <span class='ocrx_word' id='word_1_229' title='bbox 697 3051 887 3124; x_wconf 82' lang='lat' dir='ltr'><strong>remittebat.</strong></span> 
     </span>
    </p>

    <p class='ocr_par' dir='ltr' id='par_1_13' title="bbox 207 3153 1358 3243">
     <span class='ocr_line' id='line_1_28' title="bbox 207 3153 1358 3243; baseline -0.005 -23"><span class='ocrx_word' id='word_1_230' title='bbox 207 3179 210 3184; x_wconf 93' lang='lat'>·</span> <span class='ocrx_word' id='word_1_231' title='bbox 285 3159 356 3220; x_wconf 85' lang='lat' dir='ltr'><strong>llos</strong></span> <span class='ocrx_word' id='word_1_232' title='bbox 388 3176 520 3243; x_wconf 80' lang='lat' dir='ltr'><strong>campos</strong></span> <span class='ocrx_word' id='word_1_233' title='bbox 551 3157 680 3242; x_wconf 85' lang='lat' dir='ltr'><strong>qnidam</strong></span> <span class='ocrx_word' id='word_1_234' title='bbox 716 3154 909 3238; x_wconf 82' lang='lat' dir='ltr'><strong>profundius</strong></span> <span class='ocrx_word' id='word_1_235' title='bbox 944 3153 1119 3217; x_wconf 88' lang='lat' dir='ltr'><strong>lustrantes</strong></span> <span class='ocrx_word' id='word_1_236' title='bbox 1151 3153 1303 3218; x_wconf 87' lang='lat' dir='ltr'><strong>dixerunt</strong></span> <span class='ocrx_word' id='word_1_237' title='bbox 1331 3169 1358 3214; x_wconf 82' lang='lat' dir='ltr'><strong>ar</strong></span> 
     </span>
    </p>

    <p class='ocr_par' dir='ltr' id='par_1_14' title="bbox 201 3258 1357 3347">
     <span class='ocr_line' id='line_1_29' title="bbox 201 3258 1357 3347; baseline -0.003 -25"><span class='ocrx_word' id='word_1_238' title='bbox 201 3261 369 3328; x_wconf 84' lang='lat' dir='ltr'><strong>invenisse</strong></span> <span class='ocrx_word' id='word_1_239' title='bbox 399 3264 604 3347; x_wconf 82' lang='lat' dir='ltr'><strong>sepulchrum</strong></span> <span class='ocrx_word' id='word_1_240' title='bbox 636 3261 690 3324; x_wconf 89' lang='lat' dir='ltr'><strong>vel</strong></span> <span class='ocrx_word' id='word_1_241' title='bbox 723 3261 864 3324; x_wconf 88' lang='lat' dir='ltr'><strong>tumbam</strong></span> <span class='ocrx_word' id='word_1_242' title='bbox 897 3259 1054 3341; x_wconf 85' lang='lat' dir='ltr'><strong>lapideam</strong></span> <span class='ocrx_word' id='word_1_243' title='bbox 1094 3260 1192 3322; x_wconf 89' lang='lat' dir='ltr'><strong>nnius</strong></span> <span class='ocrx_word' id='word_1_244' title='bbox 1232 3258 1357 3342; x_wconf 80' lang='lat' dir='ltr'><strong>gigantis</strong></span> 
     </span>
    </p>

    <p class='ocr_par' dir='ltr' id='par_1_15' title="bbox 203 3363 1357 3451">
     <span class='ocr_line' id='line_1_30' title="bbox 203 3363 1357 3451; baseline -0.003 -26"><span class='ocrx_word' id='word_1_245' title='bbox 203 3365 303 3446; x_wconf 82' lang='lat' dir='ltr'><strong>mirae</strong></span> <span class='ocrx_word' id='word_1_246' title='bbox 337 3368 584 3451; x_wconf 82' lang='lat' dir='ltr'><strong>magnitudinis,</strong></span> <span class='ocrx_word' id='word_1_247' title='bbox 621 3368 654 3429; x_wconf 91' lang='lat' dir='ltr'><strong>in</strong></span> <span class='ocrx_word' id='word_1_248' title='bbox 689 3383 754 3449; x_wconf 85' lang='lat' dir='ltr'><strong>quo</strong></span> <span class='ocrx_word' id='word_1_249' title='bbox 794 3363 940 3428; x_wconf 91' lang='lat' dir='ltr'><strong>nonnulli</strong></span> <span class='ocrx_word' id='word_1_250' title='bbox 978 3365 1149 3428; x_wconf 86' lang='lat' dir='ltr'><strong>aestimant</strong></span> <span class='ocrx_word' id='word_1_251' title='bbox 1182 3364 1357 3428; x_wconf 79' lang='lat' dir='ltr'><strong>tumulatum</strong></span> 
     </span>
    </p>

    <p class='ocr_par' dir='ltr' id='par_1_16' title="bbox 203 3466 1358 3557">
     <span class='ocr_line' id='line_1_31' title="bbox 203 3466 1358 3557; baseline 0 -29"><span class='ocrx_word' id='word_1_252' title='bbox 203 3467 306 3531; x_wconf 85' lang='lat' dir='ltr'><strong>fuisse</strong></span> <span class='ocrx_word' id='word_1_253' title='bbox 320 3468 390 3554; x_wconf 74' lang='lat' dir='ltr'><strong>0g‚=</strong></span> <span class='ocrx_word' id='word_1_254' title='bbox 405 3492 514 3557; x_wconf 83' lang='lat' dir='ltr'><strong>regem</strong></span> <span class='ocrx_word' id='word_1_255' title='bbox 536 3472 654 3556; x_wconf 73' lang='lat' dir='ltr'><strong>Busan,</strong></span> <span class='ocrx_word' id='word_1_256' title='bbox 677 3469 718 3532; x_wconf 91' lang='lat' dir='ltr'><strong>de</strong></span> <span class='ocrx_word' id='word_1_257' title='bbox 738 3488 801 3553; x_wconf 86' lang='lat' dir='ltr'><strong>qao</strong></span> <span class='ocrx_word' id='word_1_258' title='bbox 824 3469 959 3532; x_wconf 89' lang='lat' dir='ltr'><strong>habetur</strong></span> <span class='ocrx_word' id='word_1_259' title='bbox 976 3468 1105 3532; x_wconf 85' lang='lat' dir='ltr'><strong>Denter.</strong></span> <span class='ocrx_word' id='word_1_260' title='bbox 1127 3467 1170 3551; x_wconf 78' lang='lat' dir='ltr'><strong>a,</strong></span> <span class='ocrx_word' id='word_1_261' title='bbox 1194 3468 1282 3551; x_wconf 87' lang='lat' dir='ltr'><strong>quod</strong></span> <span class='ocrx_word' id='word_1_262' title='bbox 1300 3466 1358 3550; x_wconf 82' lang='lat' dir='ltr'><strong>ejnr</strong></span> 
     </span>
    </p>

    <p class='ocr_par' dir='ltr' id='par_1_17' title="bbox 202 3571 1359 3659">
     <span class='ocr_line' id='line_1_32' title="bbox 202 3571 1359 3659; baseline 0.002 -27"><span class='ocrx_word' id='word_1_263' title='bbox 202 3571 306 3637; x_wconf 84' lang='lat' dir='ltr'><strong>leatus</strong></span> <span class='ocrx_word' id='word_1_264' title='bbox 326 3577 381 3638; x_wconf 90' lang='lat' dir='ltr'><strong>vel</strong></span> <span class='ocrx_word' id='word_1_265' title='bbox 403 3595 500 3658; x_wconf 78' lang='lat' dir='ltr'><strong>entra,</strong></span> <span class='ocrx_word' id='word_1_266' title='bbox 521 3576 553 3639; x_wconf 91' lang='lat' dir='ltr'><strong>in</strong></span> <span class='ocrx_word' id='word_1_267' title='bbox 577 3594 640 3659; x_wconf 93' lang='lat' dir='ltr'><strong>quo</strong></span> <span class='ocrx_word' id='word_1_268' title='bbox 662 3593 742 3657; x_wconf 83' lang='lat' dir='ltr'><strong>puer</strong></span> <span class='ocrx_word' id='word_1_269' title='bbox 760 3573 900 3654; x_wconf 77' lang='lat' dir='ltr'><strong>jacebat,</strong></span> <span class='ocrx_word' id='word_1_270' title='bbox 925 3581 993 3635; x_wconf 86' lang='lat' dir='ltr'><strong>erat</strong></span> <span class='ocrx_word' id='word_1_271' title='bbox 1016 3572 1141 3636; x_wconf 80' lang='lat' dir='ltr'><strong>ferreus</strong></span> <span class='ocrx_word' id='word_1_272' title='bbox 1156 3580 1191 3634; x_wconf 88' lang='lat' dir='ltr'><strong>et</strong></span> <span class='ocrx_word' id='word_1_273' title='bbox 1211 3583 1359 3636; x_wconf 86' lang='lat' dir='ltr'><strong>monstra·</strong></span> 
     </span>
    </p>

    <p class='ocr_par' dir='ltr' id='par_1_18' title="bbox 204 3675 1359 3758">
     <span class='ocr_line' id='line_1_33' title="bbox 204 3675 1359 3758; baseline -0.002 -20"><span class='ocrx_word' id='word_1_274' title='bbox 204 3678 298 3740; x_wconf 85' lang='lat' dir='ltr'><strong>batur</strong></span> <span class='ocrx_word' id='word_1_275' title='bbox 324 3679 358 3742; x_wconf 92' lang='lat' dir='ltr'><strong>in</strong></span> <span class='ocrx_word' id='word_1_276' title='bbox 392 3679 522 3744; x_wconf 83' lang='lat' dir='ltr'><strong>Rabath</strong></span> <span class='ocrx_word' id='word_1_277' title='bbox 556 3689 589 3742; x_wconf 89' lang='lat' dir='ltr'><strong>et</strong></span> <span class='ocrx_word' id='word_1_278' title='bbox 622 3680 769 3743; x_wconf 85' lang='lat' dir='ltr'><strong>habebat</strong></span> <span class='ocrx_word' id='word_1_279' title='bbox 793 3678 920 3742; x_wconf 87' lang='lat' dir='ltr'><strong>oubitos</strong></span> <span class='ocrx_word' id='word_1_280' title='bbox 953 3695 1069 3740; x_wconf 90' lang='lat' dir='ltr'><strong>novem</strong></span> <span class='ocrx_word' id='word_1_281' title='bbox 1099 3675 1359 3758; x_wconf 83' lang='lat' dir='ltr'><strong>longitudiniset</strong></span> 
     </span>
    </p>

    <p class='ocr_par' dir='ltr' id='par_1_19' title="bbox 111 3779 1359 3865">
     <span class='ocr_line' id='line_1_34' title="bbox 111 3779 1359 3865; baseline -0.003 -21"><span class='ocrx_word' id='word_1_282' title='bbox 111 3787 120 3794; x_wconf 86' lang='grc'><em>“</em></span> <span class='ocrx_word' id='word_1_283' title='bbox 202 3790 343 3865; x_wconf 86' lang='lat' dir='ltr'><strong>quatuor</strong></span> <span class='ocrx_word' id='word_1_284' title='bbox 362 3781 550 3848; x_wconf 88' lang='lat' dir='ltr'><strong>latitudinis.</strong></span> <span class='ocrx_word' id='word_1_285' title='bbox 595 3787 631 3846; x_wconf 91' lang='lat' dir='ltr'><strong>ln</strong></span> <span class='ocrx_word' id='word_1_286' title='bbox 654 3792 778 3846; x_wconf 89' lang='lat' dir='ltr'><strong>tantum</strong></span> <span class='ocrx_word' id='word_1_287' title='bbox 801 3790 908 3850; x_wconf 84' lang='lat' dir='ltr'><strong>autem</strong></span> <span class='ocrx_word' id='word_1_288' title='bbox 929 3783 1033 3844; x_wconf 83' lang='lat' dir='ltr'><strong>virum</strong></span> <span class='ocrx_word' id='word_1_289' title='bbox 1056 3782 1161 3844; x_wconf 83' lang='lat' dir='ltr'><strong>erevit</strong></span> <span class='ocrx_word' id='word_1_290' title='bbox 1184 3782 1282 3862; x_wconf 86' lang='lat' dir='ltr'><strong>gigas</strong></span> <span class='ocrx_word' id='word_1_291' title='bbox 1307 3779 1359 3860; x_wconf 82' lang='lat' dir='ltr'><strong>ille,</strong></span> 
     </span>
    </p>

    <p class='ocr_par' dir='ltr' id='par_1_20' title="bbox 201 3886 1360 3971">
     <span class='ocr_line' id='line_1_35' title="bbox 201 3886 1360 3971; baseline -0.003 -19"><span class='ocrx_word' id='word_1_292' title='bbox 201 3886 292 3971; x_wconf 87' lang='lat' dir='ltr'><strong>quod</strong></span> <span class='ocrx_word' id='word_1_293' title='bbox 313 3887 356 3949; x_wconf 92' lang='lat' dir='ltr'><strong>ad</strong></span> <span class='ocrx_word' id='word_1_294' title='bbox 375 3888 571 3970; x_wconf 89' lang='lat' dir='ltr'><strong>sepulturam</strong></span> <span class='ocrx_word' id='word_1_295' title='bbox 595 3888 667 3970; x_wconf 87' lang='lat' dir='ltr'><strong>ejus</strong></span> <span class='ocrx_word' id='word_1_296' title='bbox 689 3886 911 3970; x_wconf 90' lang='lat' dir='ltr'><strong>requirebatur</strong></span> <span class='ocrx_word' id='word_1_297' title='bbox 931 3903 1068 3967; x_wconf 87' lang='lat' dir='ltr'><strong>magnus</strong></span> <span class='ocrx_word' id='word_1_298' title='bbox 1088 3902 1225 3965; x_wconf 88' lang='lat' dir='ltr'><strong>eampus</strong></span> <span class='ocrx_word' id='word_1_299' title='bbox 1248 3895 1281 3947; x_wconf 89' lang='lat' dir='ltr'><strong>et</strong></span> <span class='ocrx_word' id='word_1_300' title='bbox 1300 3887 1360 3960; x_wconf 82' lang='lat' dir='ltr'><strong>hot,</strong></span> 
     </span>
    </p>

    <p class='ocr_par' dir='ltr' id='par_1_21' title="bbox 201 3989 1361 4075">
     <span class='ocr_line' id='line_1_36' title="bbox 201 3989 1361 4075; baseline -0.006 -20"><span class='ocrx_word' id='word_1_301' title='bbox 201 3993 232 4055; x_wconf 89' lang='lat' dir='ltr'><strong>si</strong></span> <span class='ocrx_word' id='word_1_302' title='bbox 253 4000 441 4075; x_wconf 87' lang='lat' dir='ltr'><strong>aooeptetnr</strong></span> <span class='ocrx_word' id='word_1_303' title='bbox 464 3994 625 4075; x_wconf 83' lang='lat' dir='ltr'><strong>expositio</strong></span> <span class='ocrx_word' id='word_1_304' title='bbox 646 3992 797 4055; x_wconf 83' lang='lat' dir='ltr'><strong>hebraica</strong></span> <span class='ocrx_word' id='word_1_305' title='bbox 819 4009 918 4073; x_wconf 91' lang='lat' dir='ltr'><strong>super</strong></span> <span class='ocrx_word' id='word_1_306' title='bbox 938 3989 1042 4052; x_wconf 88' lang='lat' dir='ltr'><strong>loonm</strong></span> <span class='ocrx_word' id='word_1_307' title='bbox 1063 3989 1247 4072; x_wconf 81' lang='lat' dir='ltr'><strong>praefatum</strong></span> <span class='ocrx_word' id='word_1_308' title='bbox 1257 4035 1268 4074; x_wconf 89' lang='lat'><em>,</em></span> <span class='ocrx_word' id='word_1_309' title='bbox 1289 4006 1361 4072; x_wconf 84' lang='lat' dir='ltr'><strong>quar</strong></span> 
     </span>
    </p>

    <p class='ocr_par' dir='ltr' id='par_1_22' title="bbox 203 4092 1361 4179">
     <span class='ocr_line' id='line_1_37' title="bbox 203 4092 1361 4179; baseline -0.002 -21"><span class='ocrx_word' id='word_1_310' title='bbox 203 4097 284 4160; x_wconf 92' lang='lat' dir='ltr'><strong>mira</strong></span> <span class='ocrx_word' id='word_1_311' title='bbox 306 4095 429 4160; x_wconf 87' lang='lat' dir='ltr'><strong>indnoit</strong></span> <span class='ocrx_word' id='word_1_312' title='bbox 452 4095 493 4158; x_wconf 91' lang='lat' dir='ltr'><strong>de</strong></span> <span class='ocrx_word' id='word_1_313' title='bbox 524 4096 747 4179; x_wconf 88' lang='lat' dir='ltr'><strong>maguitudino</strong></span> <span class='ocrx_word' id='word_1_314' title='bbox 777 4095 865 4158; x_wconf 89' lang='lat' dir='ltr'><strong>illius</strong></span> <span class='ocrx_word' id='word_1_315' title='bbox 886 4095 965 4176; x_wconf 89' lang='lat' dir='ltr'><strong>viri,</strong></span> <span class='ocrx_word' id='word_1_316' title='bbox 989 4103 1029 4160; x_wconf 91' lang='lat' dir='ltr'><strong>nt</strong></span> <span class='ocrx_word' id='word_1_317' title='bbox 1053 4092 1189 4156; x_wconf 89' lang='lat' dir='ltr'><strong>habetur</strong></span> <span class='ocrx_word' id='word_1_318' title='bbox 1221 4093 1361 4158; x_wconf 80' lang='lat' dir='ltr'><strong>videlicet</strong></span> 
     </span>
    </p>

    <p class='ocr_par' dir='ltr' id='par_1_23' title="bbox 202 4197 1362 4284">
     <span class='ocr_line' id='line_1_38' title="bbox 202 4197 1362 4284; baseline -0.001 -23"><span class='ocrx_word' id='word_1_319' title='bbox 202 4198 333 4264; x_wconf 84' lang='lat' dir='ltr'><strong>Denter.</strong></span> <span class='ocrx_word' id='word_1_320' title='bbox 357 4201 412 4263; x_wconf 88' lang='lat' dir='ltr'><strong>lll.</strong></span> <span class='ocrx_word' id='word_1_321' title='bbox 455 4200 508 4264; x_wconf 76' lang='lat' dir='ltr'><strong>dlx</strong></span> <span class='ocrx_word' id='word_1_322' title='bbox 528 4200 580 4262; x_wconf 83' lang='lat' dir='ltr'><strong>his</strong></span> <span class='ocrx_word' id='word_1_323' title='bbox 600 4207 707 4282; x_wconf 86' lang='lat' dir='ltr'><strong>patet,</strong></span> <span class='ocrx_word' id='word_1_324' title='bbox 729 4197 816 4284; x_wconf 86' lang='lat' dir='ltr'><strong>quod</strong></span> <span class='ocrx_word' id='word_1_325' title='bbox 838 4197 880 4260; x_wconf 91' lang='lat' dir='ltr'><strong>de</strong></span> <span class='ocrx_word' id='word_1_326' title='bbox 900 4198 963 4262; x_wconf 87' lang='lat' dir='ltr'><strong>hoo</strong></span> <span class='ocrx_word' id='word_1_327' title='bbox 984 4215 1098 4280; x_wconf 86' lang='lat' dir='ltr'><strong>eampo</strong></span> <span class='ocrx_word' id='word_1_328' title='bbox 1119 4197 1214 4262; x_wconf 89' lang='lat' dir='ltr'><strong>aliter</strong></span> <span class='ocrx_word' id='word_1_329' title='bbox 1234 4199 1362 4284; x_wconf 89' lang='lat' dir='ltr'><strong>loquun-</strong></span> 
     </span>
    </p>

    <p class='ocr_par' dir='ltr' id='par_1_24' title="bbox 204 4301 1362 4387">
     <span class='ocr_line' id='line_1_39' title="bbox 204 4301 1362 4387; baseline 0 -23"><span class='ocrx_word' id='word_1_330' title='bbox 204 4309 257 4366; x_wconf 86' lang='lat' dir='ltr'><strong>tur</strong></span> <span class='ocrx_word' id='word_1_331' title='bbox 277 4302 454 4368; x_wconf 82' lang='lat' dir='ltr'><strong>Christiani</strong></span> <span class='ocrx_word' id='word_1_332' title='bbox 487 4301 615 4387; x_wconf 90' lang='lat' dir='ltr'><strong>lideles,</strong></span> <span class='ocrx_word' id='word_1_333' title='bbox 662 4305 755 4382; x_wconf 73' lang='lat' dir='ltr'><strong>aliter</strong></span> <span class='ocrx_word' id='word_1_334' title='bbox 796 4303 932 4384; x_wconf 73' lang='lat' dir='ltr'><strong>iudaei,</strong></span> <span class='ocrx_word' id='word_1_335' title='bbox 976 4301 1070 4367; x_wconf 88' lang='lat' dir='ltr'><strong>aliter</strong></span> <span class='ocrx_word' id='word_1_336' title='bbox 1104 4309 1239 4385; x_wconf 87' lang='lat' dir='ltr'><strong>poetae,</strong></span> <span class='ocrx_word' id='word_1_337' title='bbox 1281 4305 1362 4366; x_wconf 85' lang='lat' dir='ltr'><strong>aliter</strong></span> 
     </span>
    </p>
   </div>
   <div class='ocr_carea' id='block_1_3' title="bbox 0 0 1426 4882">
    <p class='ocr_par' dir='ltr' id='par_1_25' title="bbox 0 0 1426 4882">
     <span class='ocr_line' id='line_1_40' title="bbox 0 0 1426 4882; baseline 0 0"><span class='ocrx_word' id='word_1_338' title='bbox 0 0 1426 4882; x_wconf 95' lang='lat' dir='ltr'><strong> </strong></span> 
     </span>
    </p>
   </div>
  </div>
 </body>
</html>
