2896 4872
614 251 703 348 ζιιι

40 437 219 517 ignotae
249 443 371 517 erant,
414 449 474 498 uas
503 433 680 498 certantes
713 433 866 499 militibus
883 430 1044 518 stipendia
1079 433 1256 500 solverunt.

41 540 192 622 Hujus
211 541 310 600 castri
331 538 414 600 situs
442 537 519 600 talis
547 549 614 602 est.-
644 523 895 622 promontorium
930 539 1069 620 amplum
1097 548 1130 602 et
1157 540 1256 604 latum

46 644 166 706 mari
189 644 351 724 imminet,
374 645 530 705 munitum
557 642 744 706 naturaliter
773 640 917 723 scopulis
950 641 991 703 ad
1015 643 1196 724 aquilonem
1224 655 1257 710 et

49 747 284 811 occidentem
297 734 341 808 'et
362 755 505 809 austrum
528 765 644 830 usque,
668 749 823 810 orientem
837 761 955 807 versus
976 747 1073 808 turris
1095 749 1256 832 estlima,

49 871 79 915 a
108 851 302 934 templariis
323 852 435 932 primis
456 850 629 914 aedificata
651 850 729 934 (B),
747 869 807 933 pre
837 849 976 912 tuitione
1005 853 1254 933 peregrinorum.

19 1010 22 1014 .
51 957 192 1038 Hujus
214 954 340 1018 castelli
363 955 544 1019 aedificatio
566 955 608 1017 ad
639 955 702 1018 hoc
733 954 821 1017 utilis
854 953 929 1035 luit,
963 952 1055 1047 quod
1077 966 1256 1020 conventus

49 1059 334 1142 'remptariorum
357 1058 494 1123 eductus
524 1060 564 1122 dc
585 1059 768 1141 peccatrice
796 1066 828 1120 et
856 1059 943 1120 omni
974 1057 1129 1139 spurcitia
1159 1059 1256 1142 plena

52 1166 218 1227 civitate
244 1164 339 1236 Acon
373 1162 538 1244 inhujus
566 1165 665 1226 castri
696 1161 857 1245 praesidio
890 1161 1049 1225 resideret
1079 1179 1195 1247 usque·
1214 1161 1256 1226 ad

21 1252 23 1255 ⁵
52 1249 316 1346 reparationem
340 1287 499 1330 murorum
520 1266 713 1346 Jerusalem.
916 1254 918 1260 ’

167 1369 264 1431 Αιιιιο
283 1369 412 1438 Domini
435 1372 528 1438 lats,
550 1369 797 1453 praedicabatur
816 1371 971 1434 continue
989 1387 1067 1433 crux
1099 1373 1134 1432 iu
1163 1371 1255 1438 occi-

60 1474 183 1537 dente
204 1483 314 1536 contra
336 1473 527 1555 orientales,
559 1473 644 1536 unde
665 1476 759 1536 visae
789 1475 918 1538 lucrum
949 1475 1129 1538 crucesin
1162 1475 1255 1556 coele

58 1579 246 1641 mirabiles
275 1579 308 1640 iu
337 1579 494 1641 territorio
526 1576 715 1640 Coloniensi
742 1587 774 1641 et
807 1581 992 1642 'l'revireusi
1021 1588 1054 1649 et
1085 1581 1254 1643 commotio

60 1682 216 1766 grandis
235 1703 294 1765 por
316 1692 416 1746 totam
440 1682 664 1746 Alemanniam
688 1684 774 1745 lacta
797 1684 857 1747 fuit
883 1693 1015 1772 prepter
1035 1685 1120 1765 baec
1136 1693 1170 1746 ct
1190 1683 1254 1748 alia

61 1788 237 1851 miracula
265 1787 306 1850 ad
335 1786 617 1874 transfretandum.
668 1786 869 1870 Congregati
892 1789 990 1869 igitur
999 1789 1199 1852 x'l’hentonioi
1219 1790 1254 1851 iu

63 1893 223 1956 maximo
247 1911 380 1954 numero
410 1892 634 1975 applicuerunt
666 1907 738 1952 cum
765 1893 904 1954 navibus
923 1892 1162 1955 Ptolemaidem.
1180 1896 1253 1959 sive

63 1999 173 2060 Acon
206 1998 240 2057 in
267 1997 398 2086 Martio
420 1995 519 2057 ·Peet
549 1995 771 2056 ascensionem
803 2005 909 2057 autem
938 1995 1069 2058 Domini
1094 1997 1253 2079 seperatis

66 2100 264 2182 cogonibus
285 2107 318 2161 et
339 2100 489 2161 rostratis
510 2098 615 2180 galcis
637 2099 779 2180 armatis,
800 2098 970 2174 Jchanpes
997 2100 1162 2181 praefatus
1194 2119 1254 2164 rex

64 2203 265 2269 Jerusalem
288 2186 361 2266 curn
382 2204 565 2286 patriarcha
587 2213 620 2266 et
640 2204 820 2286 peregrinis
844 2210 879 2265 et
908 2202 991 2266 duee
1011 2205 1165 2271 Austriae
1192 2207 1253 2270 tri-

68 2311 137 2373 bus
178 2307 327 2370 domibus
362 2316 395 2370 ct
425 2308 557 2390 copiosa
591 2308 794 2371 multitudine
826 2306 1080 2372 Christianorum
1114 2295 1252 2373 inierunt

68 2414 250 2478 corrsilium
272 2431 369 2494 super
390 2413 571 2476 exemtione
600 2421 760 2476 tractatus
789 2413 918 2476 concilii
938 2412 1189 2499 lateranensis,
1217 2416 1251 2478 in

70 2539 139 2602 quo
162 2516 352 2598 conclusum
374 2517 434 2579 fuit
456 2517 496 2579 de
516 2517 629 2580 militia
651 2515 835 2581 Christiana
856 2518 1094 2581 intromittenda
1114 2520 1148 2580 in
1179 2527 1252 2582 ter·

71 2642 142 2685 ram
176 2621 333 2704 Aegypti.
384 2605 469 2683 Nam
510 2623 543 2684 in
580 2620 693 2684 ecdem
725 2622 861 2692 concilio
895 2625 1061 2707 probatum
1092 2623 1154 2686 luit
1192 2643 1250 2706 per

73 2736 243 2816 expertos,
265 2745 330 2788 nun
352 2743 428 2786 esse
449 2726 614 2808 possibile,
636 2726 722 2807 quod
732 2726 908 2789 Christiani
926 2730 1062 2810 pacifice
1079 2726 1196 2809 Syriae
1217 2736 1250 2790 et

75 2841 186 2894 terrae
198 2836 332 2891 sanctae
342 2837 475 2911 possent
486 2829 652 2912 dominari,
664 2831 727 2891 nisi
738 2830 916 2912 Aegyptus·
925 2833 974 2892 eis
986 2840 1075 2894 essct
1090 2833 1248 2894 convicta.

74 2936 119 2997 Et
140 2935 206 2996 hoc
229 2933 276 2994 rei
295 2933 446 3013 probavit
466 2942 622 3013 eventus,
643 2933 737 3015 quia,
766 2950 861 3013 quam
893 2935 958 2996 cite
976 2934 1076 3016 Syria
1096 2934 1250 3018 Damasci

78 3034 310 3102 c'orrloederata
331 3035 392 3097 fnit
415 3035 567 3118 Aegypto
587 3037 646 3098 sub
670 3035 834 3098 Almarico
857 3055 934 3119 rege
955 3036 1148 3120 Jerusalem,
1179 3048 1250 3102 ata-

79 3142 137 3204 tim
165 3139 199 3200 in
229 3156 345 3220 magne
366 3140 510 3222 periculo
546 3140 635 3201 stetit
663 3155 797 3220 reguum
816 3139 1142 3224 Jcrosclymitanum,
1174 3151 1250 3208 ante

81 3261 178 3326 quarn
207 3242 518 3306 confoederationem
554 3261 649 3304 nemo
679 3249 794 3305 structo
834 3261 934 3327 reguo
966 3254 1091 3328 poterat
1120 3264 1246 3328 necere.

80 3349 157 3411 ldeo
192 3349 296 3408 sancti
328 3355 437 3429 patres
470 3349 503 3410 in
532 3347 679 3428 praelato
720 3347 857 3411 concilio
889 3348 1122 3431 decreverunt,
1142 3352 1247 3435 *prius

82 3454 265 3534 Aegyptum
288 3450 477 3515 domandam
496 3461 528 3516 et
560 3459 675 3536 postea
708 3451 750 3515 ad
779 3462 894 3516 terram
928 3465 1073 3518 sanctam
1102 3463 1135 3518 et
1164 3456 1246 3520 alias

82 3557 211 3618 orientis
233 3563 335 3618 terras
356 3557 599 3641 properandum.
644 3559 813 3620 instructis
835 3575 913 3640 ergo
944 3559 1104 3622 classibus
1134 3578 1246 3646 mense

83 3659 167 3740 lilajo
185 3668 260 3742 pest
279 3659 469 3724 dominicam
488 3665 712 3726 ascensionem
735 3662 899 3744 praelatus
918 3683 975 3726 rex
987 3664 1169 3728 Jerusalem
1183 3666 1246 3728 Jo-

83 3764 202 3828 hanuea
223 3783 296 3828 cum
319 3765 1246 3854 duccAustriaeetmultitudin'elideliumprosperovento

87 3867 124 3928 ad
144 3878 267 3950 portum
284 3869 460 3934 Damiatae‘
475 3871 564 3933 urbia
584 3879 811 3954 pervenerunt.
844 3871 945 3934 Perre
962 3872 1111 3937 Damiata
1131 3875 1247 3950 civitas

88 3980 152 4033 erat
170 3974 336 4055 maritima,
358 3976 515 4058 quaealic
527 3976 656 4038 nemine
675 3975 790 4038 dicitur
800 3975 1077 4054 Pachueumurns,
1097 3985 1129 4039 et
1141 3977 1247 4040 muni·

88 4075 1246 4161 tissimametropnlisAegypti,divesetpepnlosa,mercaticniisrepleta.

162 4181 243 4244 llum
256 4189 361 4244 autem
372 4183 406 4244 in
426 4192 519 4265 portu
533 4182 710 4270 Damiatae.
720 4183 822 4244 nostri
841 4181 1073 4264 applicuissent
1089 4189 1122 4243 et
1143 4180 1248 4245 triduo

90 4285 122 4344 lu
143 4286 224 4368 ‚nari
258 4295 508 4368 exspectassent
536 4294 715 4368 sequentes
746 4284 902 4368 quosdam
937 4285 1143 4368 capitaneos,
1172 4295 1248 4348 aute
