2948 4876
702 243 764 308 tas

137 429 313 500 terebinthi
333 428 459 492 reversi
475 431 592 490 sumus
614 443 686 490 cum
717 441 799 508 pace
819 424 852 488 in
877 423 1077 506 Jerusalem,
1097 430 1132 486 et
1152 425 1199 486 tta
1217 429 1310 486 tran-

138 537 230 598 sivit
244 532 315 596 dias
335 533 390 596 illa
412 538 474 595 etc.

110 629 112 633 ’
227 639 396 702 vicesima
417 653 512 698 mane
533 643 690 698 venerant
713 633 754 698 ad
775 633 888 698 cellam
911 649 1013 697 meam
1036 641 1174 718 quatuor
1191 629 1310 697 iratres

141 743 334 808 Conventus
357 750 510 823 rogantes
531 759 595 822 me,
616 747 654 802 ut
675 741 754 802 irem
783 757 856 802 cum
879 740 929 802 eis
955 740 988 801 in
1010 737 1209 802 Bethaniam.
1252 735 1309 800 Sia

139 867 218 930 ergo
239 848 375 930 profecti
404 863 517 908 sumus
544 850 581 906 et
602 845 727 906 cumin
749 831 1017 926 vrtte‘Josaptnt
1039 860 1203 926 essemus,
1223 841 1309 906 vidi·

136 936 220 1014 mns
233 939 279 1014 'de
308 957 417 1021 monte
437 947 530 1032 Syon
560 959 635 1031 post
663 947 723 1012 rios
751 947 971 1012 descendere·
989 956 1135 1011 caeteros
1164 947 1310 1010 dominas

133 1043 327 1141 peregrinos
349 1071 440 1117 meos
462 1071 536 1115 cum
556 1055 754 1136 paramentis
776 1053 817 1116 ad
838 1053 992 1134 Missam,
1024 1071 1163 1137 cumque
1187 1051 1229 1116 ad
1250 1071 1311 1117 noa

132 1164 319 1242 venissent,
343 1159 515 1241 dixerunt,
546 1177 584 1220 se
612 1160 711 1221 etiam
732 1157 820 1221 vello
845 1159 895 1221 ire
922 1158 956 1220 iu
977 1148 1187 1240 Bethaniam,
1210 1166 1243 1220 et
1263 1159 1311 1219 lta

132 1267 233 1341 simul
254 1273 397 1329 montem
420 1257 540 1327 oliveti
561 1262 768 1327 ascendimus
801 1271 833 1324 et
852 1265 893 1325 ab
918 1263 981 1326 alia
1010 1273 1102 1346 parte
1132 1263 1166 1325 in
1185 1263 1310 1338 Betha-

134 1372 224 1434 niam
248 1369 477 1432 descendimus
499 1375 532 1432 et
553 1369 586 1430 in
608 1368 782 1431 ecclesiam
798 1367 832 1429 S.
845 1367 965 1435 Lazari
978 1386 1083 1451 anper
1103 1366 1308 1452 sepulchrum

137 1472 285 1556 ejusdam
304 1475 426 1536 blissas
444 1473 694 1554 celebravimus,
716 1490 791 1534 cnm
813 1490 929 1554 magno
950 1481 1060 1538 tamen
1081 1475 1210 1556 timore,
1233 1473 1310 1557 quia

145 1581 396 1643 circumstabant
414 1581 556 1663 juvenes
577 1577 761 1663 Sarraeeni,
783 1577 866 1659 quaes
888 1595 999 1642 arcere
1020 1579 1061 1640 ab
1085 1575 1212 1640 Olbciir
1234 1577 1308 1640 ausi

139 1702 206 1747 nou
228 1684 358 1766 luimus,
387 1693 419 1747 ct
441 1685 572 1748 stabant
601 1683 813 1764 respicientes
833 1683 867 1758 in
892 1701 1018 1765 marrus,
1052 1701 1108 1745 ora
1132 1692 1164 1746 et
1194 1683 1308 1748 oculos

138 1791 415 1871 consecrantium,
441 1789 605 1851 timuimus
622 1788 718 1868 enim,
743 1805 786 1848 ne
810 1785 893 1849 forte
912 1787 1009 1850 alicui
1030 1786 1190 1850 acciderat
1211 1787 1307 1869 idern,

136 1893 230 1976 quad
251 1893 382 1960 cuidam
415 1894 508 1955 sratri
542 1892 717 1955 celebranti
739 1891 876 1955 Missam
904 1891 1024 1954 accidit
1052 1893 1086 1954 in
1107 1883 1308 1974 Bethlehem,

138 1998 196 2082 qui
227 1997 303 2060 dum
332 1998 366 2060 in
401 1980 617 2060 celebratione
650 2004 738 2059 esset
771 2003 805 2059 et
832 1995 900 2078 jam
933 2015 1050 2078 punem
1077 1997 1110 2072 in
1136 2015 1254 2078 corpus
1276 2004 1309 2058 et

139 2103 253 2164 vinum
276 2103 309 2163 in
330 2103 522 2182 sanguinem
554 2109 789 2183 consecrasset,
812 2119 892 2163 ecce
929 2118 1013 2163 unns
1036 2099 1169 2182 juvenis
1191 2099 1310 2162 Sarra-

141 2222 244 2267 cenus
264 2207 404 2268 accurrit
425 2206 466 2269 ad
489 2206 588 2268 altare
620 2219 662 2268 ex
683 2206 860 2287 improviso
889 2213 921 2266 et
942 2205 1076 2270 calicem
1098 2223 1174 2272 cum
1195 2223 1308 2268 sacra-

137 2318 248 2372 mento
278 2311 410 2392 arripnit
435 2319 466 2373 et
488 2311 725 2374 sacramentum
748 2311 864 2390 ebibit,
885 2317 916 2370 et
937 2327 1010 2372 cnm
1032 2328 1150 2395 magno
1173 2312 1319 2385 cachino,

138 2414 179 2477 ad
208 2417 318 2477 socias
351 2433 433 2478 suos
469 2418 613 2479 recurrit.
667 2415 696 2478 0
726 2417 909 2498 ignorantia
930 2415 1101 2498 damnosa,
1123 2435 1143 2478 o
1165 2417 1307 2496 coecitas

137 2519 328 2603 caliginosa,
351 2540 370 2583 o
394 2523 525 2584 fatuitas
537 2520 646 2604 stulta,
669 2523 865 2583 otemeritas
883 2529 1140 2604 praesumtuose,
1160 2539 1179 2583 a
1200 2521 1307 2584 irrisio

139 2624 254 2694 flebilis
276 2632 311 2686 et
343 2627 543 2708 periculosa!
587 2627 710 2688 Verum
740 2625 878 2689 Domino
911 2645 974 2689 nos
999 2634 1192 2709 protegente
1228 2624 1307 2688 nihil

136 2729 243 2791 simile
256 2731 359 2803 ,nabis
377 2733 512 2814 contigit
533 2732 566 2791 in
594 2730 650 2794 illc
672 2732 764 2811 loco,
785 2731 951 2794 finivimus
978 2732 1062 2793 enim
1084 2730 1202 2794 0llieia
1233 2750 1307 2794 cum

65 2827 71 2837 '
137 2833 326 2916 honapace,
349 2843 381 2896 et
402 2836 543 2898 visitatis
563 2829 687 2898 sanctis
704 2835 973 2898 locisllethaniae
995 2845 1026 2898 at
1042 2839 1159 2899 montis
1174 2835 1305 2918 oliveti,

140 2927 287 3020 regressi
308 2939 426 3001 inimus
447 2941 481 3001 in
500 2939 697 3009 Jerusalem.

228 3037 304 3124 (B)
325 3042 489 3120 Vicesima
520 3044 623 3125 prima
654 3044 708 3107 die
741 3051 836 3106 matre
878 3045 1033 3110 descendi
1066 3046 1105 3108 ad
1135 3046 1306 3110 eeclesiam

139 3147 387 3208 resurrectionis
414 3135 543 3209 Domini
581 3158 613 3210 et
652 3157 728 3212 ante
759 3149 845 3212 laras
876 3149 942 3212 dixi
965 3148 1241 3214 officiummeum
1274 3159 1305 3212 et

139 3269 199 3333 per
239 3251 382 3322 foramen
414 3251 544 3333 januae
567 3253 608 3316 ad
642 3253 834 3316 dominicum
872 3263 1110 3318 monumentum
1143 3259 1304 3340 perspexi.

138 3355 263 3418 bledam
285 3355 364 3419 hora
385 3365 546 3418 venerunt
564 3358 672 3421 Mauri
694 3359 807 3420 armati
838 3377 911 3423 cum
934 3363 1072 3424 arcubus
1105 3371 1136 3424 et
1170 3364 1306 3444 lanceis,

139 3459 337 3522 adducentes
360 3478 433 3524 cum
455 3462 565 3524 multis
586 3461 774 3524 tumultibus
802 3463 883 3526 duos
908 3465 1073 3548 homines,
1097 3485 1178 3548 quos
1200 3468 1307 3548 capti-

138 3575 307 3647 vaverant,
331 3575 363 3628 et
385 3579 442 3628 ecs
465 3568 505 3628 in'
521 3583 688 3648 carceres,
711 3568 765 3650 qui
788 3577 874 3630 stant
896 3578 971 3630 ante
1003 3572 1118 3632 atrium
1148 3571 1308 3633 eeclesiae

139 3671 245 3732 sandi
274 3671 457 3753 sepulchri,
487 3671 695 3733 incluserunt.
738 3671 790 3734 De
822 3673 940 3756 quibus
972 3653 1157 3737 carceribus
1186 3675 1307 3738 dictum

140 3773 266 3838 est-fat.
291 3775 353 3837 tar
374 3777 418 3837 lh
456 3772 540 3838 Cum
572 3777 703 3858 maguo'
721 3783 799 3859 ergo
829 3778 943 3840 timore
971 3779 1147 3840 stellante
1179 3781 1307 3861 ostium,

142 3877 268 3960 timens,
289 3897 332 3940 na
353 3889 386 3942 et
408 3881 442 3942 in
465 3897 517 3940 me
538 3881 720 3962 saevirent,
750 3890 781 3942 et
805 3891 868 3944 tam
891 3881 945 3943 diu
967 3885 1160 3965 exspectavi
1186 3883 1307 3949 foribus
1402 3871 1412 3884 ⁸

141 3979 328 4068 inhaerens,
358 3996 530 4066 quousque
563 3993 820 4050 recessernuta
842 3987 1046 4068 carceribus,
1067 3987 1142 4066 qnia
1164 3985 1205 4048 de
1226 3985 1308 4046 atrio

144 4083 366 4151 transiremus
386 4093 532 4170 poteram
565 4089 629 4151 nisi
651 4106 752 4170 prope
768 4077 854 4151 illos.
894 4089 1004 4152 blansi
1026 4098 1132 4152 autem
1154 4079 1199 4152 ibi
1226 4089 1309 4151 ultra

143 4184 227 4248 duas
255 4187 369 4270 baras,
403 4198 435 4251 et
458 4190 504 4252 ad
520 4191 672 4256 Officium
703 4191 736 4254 in
769 4199 878 4254 monte
900 4181 991 4276 Sjcn
1022 4191 1187 4255 adscendi.
1229 4191 1310 4255 Post

136 4289 312 4374 prandium
345 4305 573 4359 convenerunt-
596 4293 710 4360 bmues
736 4296 902 4378 peregrini.
924 4298 958 4358 iu
990 4295 1130 4358 montem
1152 4294 1244 4378 Syon
1276 4303 1310 4358 at
1429 4347 1445 4360 .

984 4423 990 4436 -
1073 4391 1106 4450 ta
