2896 4872
500 181 944 308 ..n-tna¹

194 413 327 492 propter
345 403 409 469 loci
429 401 668 476 venerationem
696 410 730 462 et
751 401 794 464 ad
821 409 965 482 sanctos·
985 401 1384 494 patriarchas-‚devotio-

194 531 287 592 nem,
318 511 365 573 ita
392 505 478 592 quud
509 523 668 571 successu
684 547 688 555 -
702 507 860 591 temporis
890 509 1008 571 civitas
1035 508 1098 588 ¹fuit
1125 511 1171 572 ibi
1200 506 1317 592 lacta,
1354 521 1385 570 et

83 624 87 634 '
196 599 329 674 liebrtui
352 612 496 694 antiqua·
521 610 677 700 derelicta
703 610 799 692 ,anle'
812 621 957 695 tempora
981 605 1088 688 Damd
1117 615 1232 695 regis..
1264 613 1384 676 'David

172 719 281 780 ''enim
300 733 370 779 rex
397 715 460 778 Vll
479 718 581 778 ‘annis
608 718 757 798 regnavit
793 718 826 778 in
858 699 1009 780 Hebron·
1027 699 1190 782 moderna.
1238 723 1385 802 Insuper

66 909 69 914 Ι
195 821 314 886 Judaei
335 805 448 905 petrae
467 820 647 912 speluncae
659 822 1213 912 stupet-aedificaverunt·oratorium
1255 834 1305 908 ‚et
1321 845 1383 906 po-

41 921 44 928 ’
100 915 104 924 ’
165 965 170 976 ·
197 937 269 992 stoa
280 926 455 1005 Christiani
473 913 640 1012 destructo
661 929 799 990 oratorio
813 927 1009 1000 Judaecrum
1028 927 1202 990 ecclesiam
1219 946 1379 1011 magnam

199 1015 565 1115 superaedificaverunt,
588 1029 775 1124 ordinantes
796 1035 838 1122 in
855 1035 1104 1124 caepiscopum
1127 1041 1160 1095 et
1180 1034 1379 1095 canonicos.

157 1129 280 1202 ·'Posr
310 1147 415 1200 terrae
441 1145 575 1198 sauctae
596 1143 702 1198 autem
732 1117 937 1201 amissionem
968 1137 1114 1199 fecerunt
1129 1137 1329 1201 'Sarraceni
1342 1133 1396 1202 ex'

203 1243 345 1306 ecelesia
367 1241 552 1303 muscheam
574 1249 609 1303 et
630 1239 704 1302 altis
726 1244 824 1304 muris
849 1252 881 1304 et
901 1243 1043 1305 turribus
1062 1261 1131 1304 eam
1156 1246 1378 1320 muniverunt,

201 1357 236 1410 et
263 1349 309 1409 ita
326 1330 430 1422 ¹'hodie
452 1347 570 1408 stetin
592 1347 734 1408 civitatis
754 1346 877 1428 medie,
910 1349 994 1410 sieut
1016 1348 1098 1408 forte
1121 1355 1290 1428 castrum,
1303 1389 1307 1394 -
1322 1363 1378 1406 nec

204 1451 304 1516 habet
325 1459 498 1532 aspectum·
517 1449 693 1531 ecclesiae,
721 1451 781 1512 sed
802 1439 900 1514 castri
921 1452 976 1512 vel
996 1449 1129 1534 grandis
1150 1451 1281 1533 palatii.
1321 1451 1375 1511 Di·

109 1589 114 1596 ·
201 1564 324 1620 xerunt
340 1563 448 1632 autern
470 1555 563 1618 nobis
584 1544 781 1642 Sarraceni„
807 1555 892 1637 quod
916 1559 991 1639 'ipsa
1004 1575 1007 1580 ’
1021 1547 1178 1618 r'nus'chea
1207 1555 1311 1637 plene
1340 1555 1375 1614 sit

202 1658 390 1724 ardentibus
411 1656 623 1743 lampadibus,
647 1657 867 1741 et-lampades
888 1662 922 1722 in
942 1662 1099 1743 spelunca
1121 1659 1245 1741 duplici
1266 1661 1300 1720 in
1320 1663 1374 1718 au-

205 1769 270 1831 reis
306 1765 537 1828 sustentaculis
567 1765 711 1846 pendent
740 1774 774 1825 et
809 1767 924 1826 sericis
943 1768 1083 1829 'funibus
1121 1765 1180 1827 vel
1212 1765 1375 1844 argenteis

205 1870 374 1937 catenulis·
392 1869 585 1952 appendent.
627 1870 743 1932 Plures
771 1853 959 1933 sacerdotes
986 1875 1060 1934 sunt
1089 1872 1123 1933 in
1153 1889 1196 1931 ea
1224 1869 1375 1930 muschca

205 1987 271 2042 tarn
290 1977 392 2059 Sequi
404 1968 506 2060 'qnam
525 1974 684 2056 Adhagea,
705 1975 753 2036 ita
773 1974 858 2056 quod
880 1959 1051 2057 numquam
1073 1975 1154 2036 hore
1175 1953 1300 2036 transit
1320 1987 1372 2033 nea

207 2085 261 2148 die
281 2100 343 2146 nec
364 2093 476 2163 necte,
509 2081 543 2141 in
564 2097 628 2162 qua
649 2097 714 2141 nen
737 2081 781 2140 sit
801 2087 916 2142 cantus
941 2073 1035 2161 juxta
1056 2077 1250 2162 speluncam
1276 2077 1371 2160 dupii-

199 2166 293 2252 ⁵cem:
315 2188 469 2250 vicissem
500 2185 583 2245 enim
615 2182 678 2245 sibi
698 2184 839 2245 invicem
860 2185 1049 2262 succedunt.
1089 2185 1176 2246 Dum
1201 2191 1312 2244 autem
1333 2183 1371 2242 sir

208 2302 370 2355 staremus
391 2291 431 2354 ad
447 2288 568 2371 gradus
585 2288 771 2371 muscheac,
786 2292 973 2372 congregati
990 2290 1118 2352 fuerunt
1134 2289 1230 2349 multi
1243 2288 1370 2370 juvenes

209 2405 243 2458 ct
265 2413 364 2478 ¹senes
388 2393 624 2488 advidendnm
648 2410 719 2457 nos.
786 2415 791 2424 ·

98 2661 110 2670 ·’
209 2623 322 2744 ΘΒ)
360 2627 419 2700 De
435 2615 438 2620 ’
453 2625 624 2730 hospitali
649 2621 798 2732 Hebron
839 2639 885 2705 cl·
911 2631 959 2705 de
995 2625 1135 2728 piscina
1160 2625 1313 2704 Hebron
1341 2633 1371 2698 el

686 2751 902 2832 allisionis..
959 2757 961 2762 ’
1183 2751 1188 2758 ’

144 2965 147 2972 ·
251 2989 253 2994 .
294 2935 376 2996 Post
400 2915 573 3022 muscheac
594 2940 627 2992 et
648 2930 786 3014 duplicis
806 2906 983 3014 speluncae
1005 2908 1302 3010 considerationem
1325 2928 1373 2990 de·

165 3021 176 3074 .'
214 3033 399 3120 scendimu'r
421 3036 584 3126 paululum
607 3043 641 3097 et
664 3035 704 3098 ad
724 3037 811 3100 iores
833 3037 1003 3120 hospitalis
1024 3053 1200 3118 pauperum
1225 3037 1372 3110 venimus

122 3158 127 3165 ⁴
213 3147 300 3230 quod
329 3146 389 3207 sub
419 3142 575 3203 muschea
604 3141 677 3202 ese*
717 3141 893 3204 introducti
921 3141 1036 3204 autem
1060 3140 1203 3202 vidimus
1235 3137 1379 3201 offimnas.

137 3253 162 3276 ·'
214 3251 373 3332 pulchras,
403 3256 435 3314 et
453 3249 500 3308 'in
526 3233 665 3328 coquina
693 3253 725 3306 et
755 3248 887 3327 pistoria
905 3247 1074 3330 ¹grandem
1104 3245 1373 3328 praeparationem

184 3423 188 3431 ¹
214 3361 273 3435 pro
301 3352 481 3433 peregrinis
503 3351 769 3431 sarracenorum,
802 3354 936 3432 quorum
970 3351 1102 3415 cottidie
1115 3351 1253 3430 fr'nagna
1276 3349 1374 3410 multi-

186 3459 189 3467 '
214 3455 292 3519 tudo
320 3456 452 3518 advenit
478 3445 519 3518 ad
541 3455 735 3522 visitandam
756 3455 946 3538 speluncam
969 3456 1144 3538 duplicem,
1176 3441 1375 3535 sepulchrum

197 3561 476 3642 ,patriarcharum
502 3561 627 3624 ‚Habcl
657 3561 719 3622 hoc
747 3555 906 3642 hospitate
928 3561 1101 3623 in-enuuis
1122 3556 1280 3632 reditibus
1301 3559 1376 3619 nitra

215 3665 343 3727 xxiiii
370 3662 467 3726 msslia
496 3663 692 3729 ducatorum.
736 3645 829 3728 Unde
851 3665 988 3748 sin'gnlis
1011 3663 1124 3738 dicbus
1146 3671 1334 3746 coquuntur¹
1348 3665 1375 3725 in

133 3807 137 3816 ·
217 3769 344 3836 clibano.
365 3768 452 3831 mille
473 3770 601 3835 ducenti
626 3788 743 3852 panes,
777 3771 830 3852 qui
846 3768 1088 3841 ,distribuuntur
1116 3769 1319 3851 petentibus,
1349 3775 1376 3830 et

183 3943 188 3954 ,
216 3875 294 3954 nulli
317 3857 691 3960 peregrinodeuegatur
712 3874 934 3958 eleemosyna,
957 3877 1001 3940 sit
1023 3876 1256 3956 cuiuscumque
1275 3873 1376 3956 genis
1421 3887 1422 3960 t

216 3981 271 4044 vei
286 3981 360 4044 iidei
372 3992 413 4045 et
433 3988 554 4043 sectae.
575 4018 592 4026 ..
607 3977 671 4056 Qui
689 3979 785 4063 petit‚·
802 3980 917 4062 accipit
936 3999 1062 4062 penem,
1078 3979 1190 4042 oleum
1209 3986 1247 4038 ct
1272 3997 1377 4040 mene-
1420 3973 1422 4104 p

218 4093 338 4166 strum,
371 4084 456 4166 quod
484 4102 544 4145 nos
572 4079 769 4163 pulmentum
796 4103 961 4146 vocamus.
1006 4083 1183 4146 Castellum
1205 4080 1241 4142 S.
1264 4081 1377 4144 Sarnu-

156 4191 159 4196 “
218 4183 279 4243 elis
301 4185 404 4245 solum
426 4185 562 4265 singulis
585 4186 677 4246 aruris
698 4186 796 4248 solvit
810 4185 1024 4269 iilihcrpitali
1042 4185 1105 4248 duo
1120 4185 1221 4249 miliia
1237 4183 1374 4270 ducatos,

220 4289 264 4342 et.
279 4281 449 4346 Sarraceni
477 4294 511 4346 et
530 4285 625 4347 'l'urci
647 4286 765 4350 divites
793 4290 931 4352 cottidie·
954 4292 1183 4372 transmittunt·
1208 4289 1249 4353 ad
1276 4289 1375 4353 locum
