2948 4876
656 269 719 336 251

4 445 133 521 liflin
171 435 336 522 vetustum
369 451 531 540 moriare
567 437 734 522 custehu
775 451 1020 536 transfigerent
1050 457 1086 516 ct
1117 449 1276 517 obturatis

7 543 63 618 5³⁶³
86 563 247 646 a'epturis
266 563 391 642 antiqui
413 559 495 622 muri
517 555 712 640 praesidium
731 555 889 639 nunaut
910 559 1012 623 Turul
1030 565 1136 620 antem
1159 555 1276 623 uelis

4 663 61 710 Μ’
86 665 226 730 tantur
249 683 368 748 capere
388 661 593 748 praesidium,
615 661 675 726 sed
697 679 760 724 non
783 669 965 744 potuerunt,
987 673 1020 724 et
1046 662 1173 726 (luobus
1193 679 1276 724 coo-

15 759 59 837 a:
94 769 207 834 arnus
229 769 343 833 crenus
364 777 396 832 n
411 769 568 834 *noctuas
592 765 749 829 susurrum
775 767 953 850 raucum
985 785 1081 849 pom
1107 765 1162 829 aro
1181 765 1276 832 tarra

2 882 55 923 Μ
96 863 303 958 proclamata
325 874 365 938 ad
390 876 500 938 boram
518 889 601 956 pace
622 869 663 932 erl
686 871 913 934 resumendum
932 873 1023 934 vires
1044 873 1146 932 nostri
1170 871 1277 952 petie·

2 991 46 1052 pa
96 987 180 1042 runt
201 998 221 1041 a
242 979 368 1061 Tamis,
390 984 428 1041 nt
450 977 490 1041 ad
513 995 571 1040 eos
592 977 740 1040 venisent
762 993 872 1052 eorum
889 976 1068 1059 capitauaei
1090 983 1276 1040 etreotmes

2 1099 43 1160 nu
97 1084 143 1148 eal
174 1084 376 1148 tractandam
410 1082 624 1146 concordiam.
670 1082 815 1163 ingressi
845 1096 925 1164 ergo
956 1089 1033 1144 suut
1061 1079 1277 1164 potentissimi

12 1186 48 1245 lar
95 1209 219 1251 conam
240 1189 291 1252 Vl
322 1189 385 1252 viri
406 1190 488 1252 turci
509 1186 712 1266 adnostros,
746 1195 778 1249 et
799 1189 905 1250 nostri
934 1185 1065 1250 recluso
1093 1187 1178 1249 ostio
1204 1184 1277 1246 lou·

2 1295 45 1373 ips⁴
97 1309 183 1376 gum
206 1293 386 1358 babuerunt
405 1293 499 1358 simul
521 1291 711 1374 colloquium
744 1291 1041 1357 etaliversiaalmcs
1069 1291 1196 1352 'lurcos
1223 1288 1277 1350 in-

2 1400 41 1460 aa,
64 1443 75 1454 .
99 1405 276 1460 venerunt.
319 1387 404 1463 Nam
425 1399 569 1480 episcopi
590 1396 690 1458 nostri
712 1395 819 1459 omnia
840 1406 902 1460 sut
922 1398 972 1460 cis
986 1393 1277 1479 darcpolliccban·
1352 1423 1357 1430 ·

18 1504 39 1580 tr
103 1510 161 1563 tur
186 1511 227 1564 et
248 1501 348 1563 multa
368 1499 466 1582 plura·
479 1499 704 1581 promiserunt,
725 1509 848 1564 tantum
870 1511 906 1564 ut
927 1501 1112 1566 salvavita
1130 1515 1276 1562 remeare

1 1627 37 1672 re
102 1615 253 1690 possent,
275 1605 334 1669 sed
356 1604 443 1667 nulla
465 1604 525 1666 init
545 1607 660 1686 pietas,
681 1623 743 1668 nee
764 1605 851 1668 alind
870 1607 1023 1671 volebant
1044 1605 1108 1669 nisi
1140 1613 1275 1668 mortem

1 1732 36 1801 ‘p
102 1719 139 1774 ct
163 1721 338 1774 extremum
361 1711 528 1773 seruitium
548 1711 672 1774 illorum
702 1711 915 1779 dominorum.
955 1713 1095 1795 Interea,
1123 1709 1275 1774 videntes

1 1842 28 1888 u
103 1817 211 1879 nostri
230 1825 407 1879 extremum
426 1833 524 1878 sunm
545 1815 753 1899 periculum,
770 1816 950 1882 emiserant
964 1817 1101 1880 accurre
1126 1813 1275 1893 lemnias,

2 1951 31 1995 a
103 1922 224 2003 quibus
245 1929 322 1984 nota
344 1928 414 1984 arat
435 1921 536 2003 regio,
556 1927 594 1983 ut
614 1919 655 1982 ad
675 1919 919 1985 nuntiandum
944 1929 976 1982 ct
997 1919 1211 2005 Capitoneum
1233 1917 1276 1982 tle

2 2053 27 2100 ,ι
104 2026 214 2089 Rama
246 2034 412 2089 currerent
446 2034 481 2088 et
511 2025 548 2087 ut
583 2027 742 2107 pecunias
759 2025 894 2097 ‘multas
923 2027 1277 2107 promunturiumque

1 2161 25 2210 ,ι
106 2133 304 2213 quantocius
334 2129 472 2213 paganis
503 2128 577 2190 istis
607 2138 858 2192 numerarentur
888 2129 1040 2193 remissis
1062 2137 1169 2192 autem
1190 2145 1277 2188 non-

1 2253 24 2318 ‚t
106 2235 163 2298 tiis
184 2235 334 2318 petebant
365 2234 466 2296 nostri
488 2233 536 2295 ab.
558 2232 624 2296 illis
656 2234 799 2296 barbaris
826 2234 955 2296 veniam
988 2244 1023 2298 et
1049 2232 1278 2315 promittebant

1 2375 21 2440 ¹p
69 2387 72 2395 .
107 2342 275 2424 pecunias,
297 2341 343 2403 illi
360 2347 466 2400 autem
490 2355 555 2399 nou
579 2339 640 2400 nisi
663 2357 771 2402 eorum
796 2356 955 2421 personas
977 2341 1097 2404 habere
1115 2336 1277 2418 uolebant,

0 2496 1 2517 ,
107 2447 162 2508 vel
184 2445 226 2509 ad
259 2453 408 2528 mortem,
442 2445 497 2507 vel
530 2443 570 2505 ad
602 2443 680 2506 vilia
712 2444 889 2526 mancipia,
923 2461 985 2508 nec
1014 2437 1277 2525 aliudpoterant

0 2600 10 2639 ι
106 2552 228 2615 habere
249 2565 451 2634 responsum.
493 2549 615 2611 Verum
638 2549 741 2611 nostri
771 2567 815 2612 ex
829 2549 1069 2632 ,imperatione
1093 2546 1277 2618 exacerbati

107 2658 350 2722 insurrexerunt
374 2661 486 2718 contra
507 2653 706 2728 Sarracenos
741 2653 787 2718 arl
806 2671 845 2718 se
866 2654 1056 2739 ingressos,
1087 2670 1209 2734 eosque
1241 2653 1276 2714 in

0 2794 8 2821 ,«
109 2760 240 2823 vincula
252 2761 490 2842 conjecerunt‘
511 2755 705 2822 llocaualito
724 2763 889 2822 exorcims
914 2757 1277 2823 moliebainrdestruerc

0 2916 1 2945 ,
111 2871 290 2928 mammet
319 2864 505 2944 missilibus,
525 2863 643 2945 jaculis
676 2881 716 2926 ac
745 2865 904 2927 macbinis
937 2865 1140 2949 larvalidare,
1173 2864 1275 2928 uestri

99 2957 216 3033 'autem
236 2969 271 3031 iu
290 2967 574 3050 periculosioribus
602 2968 685 3038 loeis
713 2983 822 3031 eorum
851 2977 1002 3051 potentes
1030 2971 1075 3034 et'
1088 2973 1277 3054 capitaneos

113 3065 230 3156 ligatos
251 3081 468 3157 apposuerunt
489 3069 561 3152 (B)
592 3087 835 3155 supernarum
857 3075 971 3157 sicque
1002 3075 1158 3146 insultum
1187 3072 1277 3136 miti-

0 3224 1 3255 ,
114 3186 239 3260 gerunt.
282 3180 439 3241 luvocata
470 3181 577 3239 auteur
599 3176 671 3240 Deo
705 3177 907 3256 creberrimis
939 3169 1154 3262 oratiorubrrs,
1188 3195 1277 3262 ecce,
1293 3169 1302 3211 ·‘

1 3323 2 3326 ι
114 3281 303 3364 adjutorium
326 3281 468 3354 advenit.
510 3281 596 3345 Nam
622 3277 860 3359 Ammirao'duc
873 3281 915 3345 de
930 3283 1045 3367 Rama,
1061 3283 1278 3366 ‘Saraucarum
1325 3365 1333 3376 ,

112 3387 256 3450 collectis
276 3386 640 3470 copiisSarraccnornrn
661 3386 702 3450 orl
725 3379 830 3450 locam
850 3391 940 3452 venit
962 3391 1131 3453 et'l'urcos
1151 3387 1279 3471 fugavit

112 3491 154 3556 (le
172 3491 362 3576 obsidione,
385 3511 467 3575 quos
496 3493 598 3557 nostri
627 3493 669 3555 de
698 3489 859 3575 praesidio
889 3499 1104 3577 erumpentes.
1126 3493 1277 3574 insecuti,
1343 3565 1350 3576 ,
1470 3513 1471 3534 ι

108 3595 222 3681 spoliis
244 3581 378 3680 di'repth
400 3597 553 3662 etmultis
564 3597 680 3681 captis,
702 3598 854 3680 patibulis
866 3599 1116 3683 suspenderunt.
1159 3598 1278 3661 Postea
1358 3618 1365 3630 ·

113 3703 204 3765 etiam
226 3711 340 3785 captos
361 3704 552 3785 capitaneos
574 3703 653 3766 (liris
673 3704 871 3766 cruciatibus
903 3713 1142 3786 percusserunt.
1185 3705 1279 3766 Haec

114 3814 218 3870 autam
250 3807 397 3870 liberatio
429 3803 650 3890 episcoporum
688 3809 781 3871 iacta
817 3809 876 3877 tuit
911 3809 946 3870 in
987 3808 1100 3892 vigilia
1126 3811 1279 3894 paschae,

115 3912 244 3976 sabbato
265 3919 391 3974 saneto.
431 3911 653 3976 Decreverant
676 3916 775 3976 etiam
806 3915 840 3974 in
869 3913 959 3976 exitu
991 3929 1099 3978 eornm
1133 3914 1175 3977 ale
1196 3913 1280 3976 Ale·

117 4017 250 4097 mannia,
272 4015 356 4099 quod
376 4018 410 4079 in
433 4017 518 4080 locis
546 4019 670 4080 sanctis
697 4019 731 4080 in
751 4017 935 4082 Jerusalem
962 4017 1084 4081 vellent
1116 4035 1192 4082 esse
1221 4035 1280 4100 per

117 4117 182 4179 (lies
204 4121 365 4200 passionis
375 4121 507 4184 Domini
528 4128 561 4184 et
582 4124 839 4206 resurrectionis,
861 4123 920 4187 sed
942 4122 1067 4187 obsidio
1089 4125 1155 4185 ista
1175 4124 1280 4184 luter·

117 4224 211 4285 venit.
252 4225 353 4306 igitur
384 4223 572 4308 practicus
599 4227 803 4310 Sarracenos
822 4227 1031 4312 peregrinos
1061 4226 1136 4288 illos
1167 4225 1279 4288 salvos

116 4325 260 4410 perduxit
279 4328 313 4391 in
334 4328 518 4394 Jerusalem
539 4337 573 4394 et
588 4340 810 4395 remuneratus
830 4334 873 4395 ab
895 4335 943 4394 els
965 4328 1007 4394 ad
1022 4331 1149 4412 propria
1172 4313 1276 4394 rediit.
