2926 5050
170 637 257 723 quod
276 635 334 702 hill
359 638 463 702 lsrael
482 635 696 720 praevaricati
716 643 805 720 sunt,
827 645 861 702 et
882 654 992 722 nemo,
1014 641 1077 703 nisi
1098 639 1220 721 hohor,
1263 657 1351 723 pee-

116 807 119 812 .
171 752 313 826 caverat,
344 743 400 826 qui
421 741 565 824 regulam
586 761 717 806 auream
740 752 773 805 et
797 751 924 806 vestem
951 753 984 806 et
1013 753 1181 828 argentum
1212 745 1348 806 iuratus

172 849 285 912 iuerat.
329 846 440 912 thor
459 847 516 910 ille
536 847 718 930 exemplum
740 847 817 911 mali
840 847 985 931 religiosi
1003 849 1154 932 praefert,
1176 849 1233 930 qni
1248 849 1348 912 lura-

172 961 224 1017 tur
250 971 380 1015 auream
401 951 545 1035 regulam
567 949 603 1013 S.
626 951 812 1034 Augustini,
835 969 920 1034 quae
940 948 1062 1014 idcirco
1083 953 1347 1035 oureatlicitur,

173 1059 249 1142 quie
258 1059 410 1142 pretiose,
431 1054 646 1138 splendidaet
664 1056 856 1138 ponderosa,
881 1058 1016 1118 caritate
1028 1065 1078 1118 est
1094 1056 1198 1137 plena.
1242 1060 1349 1120 Hauc

172 1165 306 1228 furatur·
316 1170 548 1243 transgressor.
592 1161 729 1225 Vestem
752 1162 847 1224 mium
874 1159 997 1241 injuste
1024 1162 1158 1242 accipit,
1189 1159 1268 1222 dum
1298 1161 1346 1224 erl

172 1267 352 1351 superfluos
385 1283 465 1328 usus
505 1264 714 1352 eleemosyna
749 1266 899 1330 abutitur.
954 1265 998 1326 ltt
1034 1273 1201 1346 argeutum
1240 1265 1346 1328 humo
1433 1255 1434 1266 ¹

28 1349 33 1356 ’
143 1441 149 1456 Ι
173 1369 421 1457 operitur,‘tlum
442 1371 564 1452 gratias
585 1369 648 1434 sibi
674 1373 767 1435 elatas
789 1373 830 1435 ad
853 1377 1024 1452 quaestum
1047 1369 1203 1430 humanae
1232 1368 1346 1432 laudis

173 1475 340 1541 convertit.
388 1474 452 1538 Pro
483 1473 555 1556 ejus
585 1472 783 1558 negligentia
812 1491 877 1537 non
898 1471 1003 1537 solum
1025 1474 1114 1556 ipse,
1136 1471 1197 1534 setl
1216 1481 1250 1535 ot
1274 1480 1347 1536 tota

173 1579 386 1646 communitas
407 1581 560 1642 turbator.
1089 1603 1092 1610 ⁴

256 1684 309 1748 Ab
331 1685 394 1748 hoo
420 1681 491 1746 looo
519 1700 584 1744 non
607 1680 705 1764 louge
734 1689 810 1744 ante
835 1681 1001 1744 civitatem
1028 1683 1177 1744 venimus
1205 1683 1239 1744 iu
1264 1701 1343 1746 eum

174 1791 296 1873 locum,
319 1789 373 1852 uhi
405 1803 523 1850 coecus
553 1783 691 1850 sedehat
728 1804 827 1850 secus
857 1788 945 1848 viam
973 1784 1178 1867 mendicans,
1210 1789 1346 1869 quando

172 1895 329 1959 Dominus
350 1891 392 1964 ne
413 1890 561 1956 Galilaea
577 1889 725 1952 escendit
746 1891 780 1952 in
799 1889 993 1973 Jerusalem,
1016 1899 1048 1952 et
1069 1891 1112 1952 ihi
1134 1910 1207 1953 eum
1223 1891 1346 1955 Domi-

174 2017 236 2064 nus
257 1995 459 2079 illuminavit,
481 2005 516 2058 ut
537 1995 672 2058 habetor
692 1995 772 2058 Iano.
797 1997 846 2060 18.
890 1997 927 2056 lu
948 1996 1014 2058 hoo·
1038 1995 1110 2058 loco
1140 1997 1282 2079 legenda
1303 1998 1348 2060 dc

56 2111 64 2118 ‘
174 2101 405 2187 processionali
437 2100 593 2163 solvimus
624 2106 657 2160 et
689 2097 894 2180 procidentes
926 2097 1043 2180 (2⁰4
1062 2102 1116 2182 Δ)
1155 2102 1189 2162 iu
1223 2109 1348 2164 terram
1402 2131 1405 2139 ·

175 2207 316 2290 vestigia
344 2203 524 2268 salvatoris
556 2203 659 2267 nostri
691 2201 870 2268 deoseulati
897 2221 1010 2268 sumus
1045 2212 1078 2267 et
1119 2203 1349 2287 indulgentias

176 2313 357 2396 recepimus
379 2309 446 2392 (lp).

154 2544 236 2636 ¹lle
272 2540 378 2614 domo
413 2543 512 2616 llaab
544 2541 746 2618 meretricis
785 2553 824 2617 et
858 2541 906 2618 de
943 2535 1049 2618 domo
1089 2539 1254 2617 Zachaei
1307 2551 1350 2616 et

492 2661 720 2737 tribulatione
742 2663 1021 2765 peregrinorum.

257 2847 338 2910 Post¹
357 2845 419 2905 hoc
441 2841 482 2904 orl
501 2841 634 2903 Jerioho
656 2833 805 2906 veuim‘us
827 2847 1006 2926 civitatem,
1034 2853 1066 2906 et
1084 2843 1178 2926 juxta
1199 2841 1348 2905 civitatis

180 2953 364 3034 ingressum
395 2955 459 3012 stat
486 2965 551 3011 nna
578 2945 692 3008 domus
727 2947 941 3031 testudinata,
974 2948 1215 3028 vetustissima,
1246 2964 1347 3028 quam

180 3055 290 3121 dicunt
312 3057 415 3120 luisse
436 3055 562 3118 domum
586 3051 678 3115 Raab
706 3045 897 3134 meretricis,
921 3053 963 3114 de
985 3071 1048 3136 qua
1067 3052 1204 3114 hebetur
1219 3053 1348 3114 Josnae

179 3164 210 3228 2.
224 3164 358 3248 pulchro
379 3163 523 3240 historia,
546 3170 578 3223 et
600 3161 729 3243 ponitur
749 3159 845 3219 etiam
867 3159 1020 3219 meretrix
1040 3159 1121 3220 heec
1141 3160 1174 3220 iu
1197 3173 1348 3239 evange-

179 3269 221 3334 lio
242 3271 359 3334 Metth.
383 3271 412 3333 l.
433 3270 466 3332 in
482 3267 612 3333 Domini
632 3267 715 3330 ‚lesu
735 3262 938 3346 genealogia.
957 3288 960 3296 ,
981 3261 1113 3325 Salmou
1134 3262 1230 3342 enim,
1252 3263 1347 3343 priu-

179 3393 258 3457 oeps
277 3355 328 3439 'tle
357 3374 442 3438 tribu
463 3372 561 3452 Juda,
590 3389 660 3432 eam
683 3368 809 3451 accepit
829 3367 864 3429 in
888 3384 1031 3450 uxorem,
1051 3376 1083 3429 et
1108 3367 1218 3448 genuit
1240 3381 1283 3428 ex
1305 3385 1347 3430 aa

179 3479 275 3539 Deos.
328 3480 370 3538 Et
398 3477 443 3536 ita
471 3481 616 3534 assumta
644 3479 694 3532 est
722 3472 805 3533 haec
826 3470 941 3534 mulier
963 3470 1004 3534 (le
1031 3471 1245 3554 ignominioso
1266 3491 1347 3554 pro-

181 3578 302 3640 stibulo
334 3586 366 3638 et
388 3576 493 3656 posite
517 3576 550 3635 iu
571 3574 712 3654 glorioso
734 3576 914 3657 evangelio.
956 3577 998 3637 Dt
1018 3576 1095 3638 licet
1115 3577 1232 3638 civitas
1262 3577 1347 3640 haec

182 3697 261 3762 sape
283 3680 381 3742 luerit
404 3675 575 3758 destructa,
598 3684 715 3759 tamon,
744 3681 857 3742 mirum
879 3679 983 3762 dictu,
1014 3680 1085 3742 sola
1116 3680 1230 3746 domus
1251 3681 1345 3746 llaah
1384 3718 1386 3729 ·

182 3784 364 3846 meretricis
383 3797 511 3860 semper
532 3781 686 3843 remansit
708 3792 741 3845 et
760 3781 856 3845 hodie
878 3792 1081 3846 monstretur.

265 3885 407 3950 Ulterius
428 3882 555 3946 domum
572 3884 664 3948 llaah
690 3894 931 3970 postterguntes
949 3890 1100 3952 venimus
1120 3887 1161 3952 arl
1182 3886 1345 3971 quandem

183 4009 331 4074 maguam
352 3989 481 4052 domum
503 3989 536 4051 in
558 3989 661 4055 medio
681 3992 789 4075 villee,
823 3993 916 4074 cujus
939 3993 1019 4057 muri
1052 3992 1158 4055 atlhuc
1185 4001 1272 4073 sunt·
1288 3993 1345 4055 elti

182 4107 214 4162 et
234 4096 343 4180 spissi,
363 4111 402 4156 ec
423 4093 452 4155 si
474 4094 589 4158 luisset
609 4106 761 4161 castrum.
803 4097 845 4159 Et
868 4097 950 4159 haec
970 4098 1089 4161 dicitur
1111 4099 1215 4161 fuisse
1231 4097 1346 4162 domos

181 4199 335 4283 Zachaei,
358 4217 454 4281 quem
464 4200 621 4264 Dominus
632 4201 734 4284 lesus
755 4220 814 4282 per
831 4219 869 4264 se
886 4203 1093 4267 sanctificare
1103 4211 1137 4264 et
1153 4219 1347 4266 consecrare

181 4305 332 4390 (lignatus
361 4310 429 4386 est,
458 4321 531 4369 cnm
564 4303 662 4368 dixit:
699 4304 797 4368 hodie
826 4305 915 4368 salus
939 4306 1016 4369 huie
1036 4306 1146 4369 domui
1175 4308 1262 4370 laeta
1283 4315 1344 4369 est.

181 4413 218 4473 ln
239 4427 303 4496 quo
324 4407 463 4473 comedit
483 4420 516 4472 et
538 4409 655 4472 multos
675 4416 867 4491 peccatores
899 4427 973 4470 eum
1000 4409 1155 4471 zachaeo
1176 4412 1343 4474 convertit.

181 4513 334 4576 hibenter
354 4514 495 4591 ingressi
513 4513 698 4587 fuissemus,
712 4508 847 4570 sednon
860 4523 975 4570 sumus
987 4511 1147 4590 permissi.
1190 4511 1348 4576 Stetimus
