2954 4914
650 179 658 187 .

693 215 775 282 15¹·

1 451 3 464 ,
133 399 363 483 vectitabat
382 399 813 471 n‘neltlmetltflhbflt
833 403 1337 485 peplorumbtffln..

1 571 2 580 χ
134 505 258 584 Quinte
279 523 410 568 manum
428 505 564 586 paqreri
585 513 618 566 et
637 525 744 588 egeno
761 525 828 570 ιοι
847 509 1154 591 porrigebatque
1169 510 1310 580 inm'aea

134 621 247 694 erant,
267 620 300 674 et
329 609 455 672 nullom
480 609 621 691 bospitio
645 611 795 692 recipe
813 611 968 673 volebant
984 612 1142 694 alian,
1163 623 1200 676 ut
1218 619 1310 696 patet

136 718 257 786 (ἕψω
288 715 386 797 XIX?
416 732 495 796 ‘lm
521 714 637 778 ²¹5⁰ssss
680 735 747 778 non
781 725 852 778 ent
879 716 1072 798 happhim,
1106 719 1170 780 ,fi
1199 719 1311 801 m

1 889 3 905 ἶ
134 820 274 902 publica
306 820 470 882 Fecerant
491 819 575 880 enirn
599 819 794 902 municipale
814 828 935 884 statano
957 821 1150 903 (statatum)
1172 841 1215 884 ee
1233 825 1309 906 qis

134 924 352 988 adventantes
373 924 512 1005 hospitio
541 923 719 1006 reficiet,
750 925 828 1006 quia
847 927 940 1008 regie
972 935 1041 988 erat
1062 926 1246 1009 abendam,
1274 935 1308 990 et

134 1030 227 1092 multi
248 1047 410 1112 pauperes
420 1024 483 1097 {h
503 1028 619 1095 alienis
649 1029 836 1112 regionarium
868 1028 912 1091 ed
934 1029 1053 1092 vallem
1080 1031 1168 1092 illam
1189 1032 1308 1094 muta-

132 1137 266 1216 giebant
285 1141 419 1214 propter
438 1133 568 1196 facilem
590 1136 805 1199 nutritionem
849 1133 1012 1196 Patabant
1030 1145 1141 1198 antem
1168 1152 1206 1198 se
1226 1155 1307 1218 gra·

131 1240 204 1302 vari
222 1259 244 1302 a
261 1239 477 1321 pauperibus,
500 1237 796 1321 ordinaveruntque
816 1239 937 1321 expelli
956 1258 1117 1322 ponpam
1138 1249 1172 1302 et
1192 1241 1306 1323 bospi-

133 1353 201 1426 tes,
233 1343 320 1405 ande
351 1341 491 1424 puellam
523 1343 683 1426 quandam
716 1354 915 1406 necaverant
944 1361 1047 1410 merra
1077 1353 1195 1427 morte,
1227 1347 1306 1430 qaia

132 1448 384 1530 hospitalitatem
416 1447 605 1510 exhibuerat
645 1456 680 1509 et
701 1467 816 1530 panem
841 1450 999 1512 obtulerat
1020 1449 1149 1514 cuidam
1171 1453 1305 1532 pauperi

131 1571 171 1614 se
191 1555 323 1635 petenti.
366 1553 421 1614 Ex
440 1553 492 1614 his
513 1554 658 1635 quinque
688 1555 885 1636 sequebatur
909 1563 1057 1639 sextum,
1085 1555 1305 1620 detestabilis-

131 1659 249 1720 simum
282 1657 450 1720 sodomiae
480 1657 611 1737 vitium,
642 1656 730 1740 qnod
767 1677 864 1720 unum
897 1669 948 1722 est
979 1661 1022 1722 de
1044 1661 1187 1746 quinque
1213 1661 1303 1724 vitiis

130 1761 343 1824 clamantibus
363 1763 397 1823 in
416 1759 550 1824 coelam.
580 1759 675 1823 Unde
687 1759 809 1827 Genea.
825 1766 874 1826 ts
898 1774 932 1825 et
955 1765 1006 1827 19.
1028 1765 1109 1826 dixit
1128 1763 1302 1830 Dominus:

131 1865 253 1948 clamor
287 1865 448 1929 Sodomae
478 1876 511 1927 et
540 1864 740 1933 Gomorrbae
766 1867 998 1950 multiplicatus
1038 1854 1089 1931 est
1122 1879 1185 1932 etc.
1229 1871 1303 1935 Nec

130 1970 190 2032 tuit
212 1970 366 2032 inventas
397 1973 572 2053 innocens,
606 1971 672 2034 boc
696 1974 778 2033 vitio
800 1991 867 2044 nu
894 1973 1090 2056 maculatos,
1118 1977 1183 2036 nisi
1204 1976 1300 2039 Loth.

131 2071 207 2150 Quo
228 2092 287 2155 per
308 2075 443 2154 angelos
468 2075 585 2140 eduam
617 2075 699 2157 pluit
730 2075 890 2141 nemim
917 2078 1026 2158 ignem
1058 2087 1092 2140 et
1111 2080 1246 2161 sulphor
1266 2083 1301 2142 in
1412 2143 1424 2160 ι

30 2243 37 2248 ,
131 2179 298 2258 regionem
318 2177 423 2260 illem,
456 2189 491 2242 et
510 2181 670 2245 anniversa
701 2189 872 2244 cornnmta
904 2189 982 2243 sunt
1012 2200 1117 2264 usqae
1140 2185 1174 2246 in
1197 2192 1302 2246 terrae

128 2282 259 2344 viscera
279 2283 356 2364 igne
377 2282 512 2345 coelesti
536 2284 722 2347 terribiliter
742 2295 928 2368 grassante,
957 2305 1119 2370 versaque
1139 2297 1191 2351 est
1212 2291 1301 2372 regio
1392 2357 1398 2372 ,

128 2387 185 2450 illa
206 2388 240 2449 in
262 2387 366 2450 locam
388 2387 531 2453 sterilem
554 2391 635 2450 salis
658 2398 690 2451 et
720 2390 893 2472 foetidum,
924 2409 1029 2472 usque
1056 2394 1091 2453 in
1111 2394 1301 2458 hodiernam
1398 2398 1400 2406 '

129 2491 224 2560 diem.
247 2489 410 2560 Cessante
429 2495 516 2577 enim
537 2493 631 2576 igne,
652 2493 806 2570 Jordenis
826 2506 859 2558 et
882 2496 939 2559 alii
957 2505 1120 2561 torrentes
1140 2501 1174 2561 in
1195 2500 1299 2564 locem

129 2581 308 2668 &astionis
328 2595 511 2685 incidentes
532 2601 720 2680 voraginem
738 2609 770 2662 et
792 2601 935 2683 hiatum,
956 2620 1052 2685 quern
1073 2607 1161 2686 ignis
1182 2613 1300 2668 terram

128 2719 324 2766 consumens
347 2701 539 2785 reliquerat,
558 2704 774 2785 impleverunt
790 2707 826 2768 in
848 2707 977 2789 longum
1004 2707 1179 2786 etloum,
1201 2718 1235 2771 et
1253 2712 1301 2772 ita

128 2806 236 2869 lactas
258 2806 319 2868 fuit
347 2807 441 2870 lacus
462 2808 551 2870 salis.
598 2805 757 2884 Quamvis
788 2820 896 2880 antem
919 2812 1073 2875 Jordanis
1103 2823 1136 2876 et
1157 2813 1210 2875 alii
1230 2824 1300 2877 tor·
1371 2866 1373 2874 ,

128 2919 238 2973 rentes
261 2928 376 2994 aquarn
404 2911 532 2976 dulcem
554 2912 625 2976 loce
655 2913 814 2999 inserant,
847 2902 954 2981 siam
989 2927 1097 2980 tamen
1119 2917 1301 2980 salsissima

128 3014 286 3097 eflicitur,
315 3015 401 3078 ultra
429 3033 543 3080 omnes
565 3036 670 3099 aquas
702 3019 808 3082 salsas
830 3029 1028 3083 caeterorum
1051 3023 1200 3104 marium,
1223 3024 1300 3104 quia

127 3119 370 3202 quadruplicem
402 3138 534 3213 causam
566 3123 664 3184 habet
683 3139 763 3186 suae
792 3123 983 3206 salsedinis,
1015 3125 1143 3190 scilicet
1164 3135 1299 3190 natura-

125 3225 207 3307 lem,
230 3227 439 3308 rationalem,
462 3226 686 3290 catholicalem
716 3235 751 3290 et
772 3226 955 3291 divinalem.

208 3329 317 3395 Prima
348 3347 448 3410 causa
476 3331 649 3394 salsedinis
671 3332 758 3396 illius
790 3336 889 3396 maris
911 3343 963 3398 eat
984 3337 1160 3419 naturalis,
1194 3347 1227 3400 et
1247 3347 1298 3402 est

125 3431 259 3513 eadem,
282 3444 400 3516 quaet
422 3435 486 3498 alia
507 3438 608 3498 maria
628 3437 718 3500 salsa
738 3448 830 3518 sunt,
864 3446 898 3499 nt
920 3441 1026 3520 patuit
1046 3457 1144 3522 snpra
1167 3441 1221 3506 fol.
1244 3441 1296 3514 tt.

122 3537 166 3598 Et
189 3537 231 3600 de
259 3539 320 3600 boc
349 3557 451 3602 causa
480 3539 626 3623 disputat
659 3541 859 3605 Aristoteles
890 3544 924 3610 a.
945 3545 1081 3607 Meteor.
1114 3563 1172 3629 per
1199 3547 1298 3610 malta

124 3652 326 3724 argumenta.
370 3644 432 3706 Ubi
465 3645 561 3706 etiam
594 3645 768 3708 manifeste
789 3650 823 3708 in
849 3654 941 3710 texta
962 3649 1003 3711 fit
1028 3653 1148 3715 mentio
1179 3649 1220 3714 de
1241 3649 1296 3714 illo

122 3748 219 3837 mari«,
232 3756 264 3808 et
286 3750 461 3811 excessiva
483 3749 555 3831 ejus
577 3749 749 3813 salsedine.
1018 3833 1022 3842 Ι

192 3843 362 3921 ”Secunda
381 3855 476 3920 ,ratio
505 3854 667 3937 ostendit,
712 3857 776 3918 boc
808 3875 895 3918 mare
930 3873 1006 3920 esse
1041 3857 1146 3941 magis
1175 3857 1295 3921 salsum

81 4009 83 4014 .
123 3954 215 4044 aliis,
249 3956 403 4040 enfideli
420 3962 572 4042 ratione,
606 3960 661 4022 cui
691 3961 764 4043 quis
796 3967 907 4043 potest
934 3963 1117 4026 consentire
1147 3963 1200 4026 val
1222 3963 1295 4024 nori.

123 4045 313 4126 Cum'enim
333 4061 421 4142 ignis
438 4061 593 4134 coelestis
612 4071 727 4128 terram
750 4062 836 4128 illam
859 4065 1010 4149 incendit,
1024 4073 1057 4128 et
1077 4067 1109 4131 in
1129 4063 1297 4150 profundis

122 4170 322 4249 consumsit,
345 4167 462 4230 mansit
485 4168 591 4249 ipsam
615 4167 768 4252 enyrsala
789 4169 921 4232 lbndnrn
942 4170 1094 4254 ignitum,
1122 4171 1207 4233 sicot
1228 4167 1297 4231 fer·

119 4289 192 4347 rum
212 4274 289 4357 igne
321 4271 511 4353 incernam,
543 4283 580 4336 et
601 4291 708 4356 aquae
729 4289 829 4357 super
856 4271 985 4354 inlusae
1006 4291 1077 4336 non
1104 4273 1209 4338 solam
1228 4271 1294 4337 'tran
