2896 4872
655 263 715 330 stt

52 479 56 482 -
96 443 361 529 Ingredientibus
376 455 482 526 autern
504 446 597 512 nobis
617 446 726 526 urbem
745 446 850 510 lactus
864 418 1072 529 cst‘maguus
1090 463 1271 511 concursus

96 549 290 632 populorum
313 551 353 614 ad
376 550 551 614 videndum
572 564 642 631 uos,
660 551 737 632 qnia
756 552 789 613 in
813 535 921 614 multis
941 552 1036 614 annis
1057 570 1121 615 uon
1144 551 1271 614 inerant

94 655 143 717 ibi
166 655 329 736 peregrini
355 655 464 738 latini,
496 664 529 717 ct
558 662 626 716 erat
647 655 741 736 qnasi
772 665 975 718 monstruosa
1009 673 1061 717 res
1090 654 1204 718 videre
1225 653 1277 716 ibi

96 756 304 846 Christianos
325 759 443 822 latinos
465 758 694 824 occidentales.
737 758 936 822 ludnxernnt
958 770 1123 841 argones
1145 760 1177 822 in
1204 777 1269 842 pn-

93 862 216 926 blicum
239 864 383 925 civitatis
415 863 625 928 diversorium
661 870 741 925 oum
767 865 915 926 omuibus
943 864 1057 926 bestiis
1088 865 1208 926 nostris
1236 869 1269 924 et

92 967 203 1032 locum
222 968 400 1050 spatiosum
421 969 557 1032 stabulis
579 968 754 1029 bestiarum
777 975 809 1029 ct
839 967 965 1030 cellulis
986 967 1149 1030 homiuum
1181 967 1280 1046 infe--

91 1071 166 1134 rius
186 1080 218 1134 et
239 1073 390 1154 superius
417 1073 501 1137 bene
527 1080 668 1156 aptatum
698 1073 866 1134 habuimus
894 1081 927 1134 et
940 1137 942 1140 Α
955 1073 1077 1134 curiam
1105 1086 1266 1154 magnam,

18 1152 31 1198 ³
89 1193 182 1258 quae
201 1184 294 1258 porta
315 1174 448 1239 firmiter
475 1177 692 1240 claudebatur.
735 1178 816 1239 Erat
847 1177 932 1238 enim
961 1174 1117 1237 habitatio
1148 1190 1266 1256 magua

11 1259 30 1308 ⁸
89 1287 130 1342 et
151 1279 233 1362 lata,
268 1281 353 1342 siout
382 1283 621 1345 monasterium.
665 1281 748 1344 Strut
781 1281 866 1344 euim
895 1281 1035 1363 hospitia
1066 1277 1266 1346 orientalium

22 1370 32 1408 ³
91 1383 278 1447 diversoria
299 1382 348 1472 (ti
356 1386 402 1467 a)
429 1385 500 1448 sine
522 1386 753 1468 inhabitatore,
775 1385 879 1448 solnm
901 1383 943 1446 ad
964 1383 1090 1446 alienos
1110 1390 1267 1464 spectan-

18 1473 33 1516 ‘
87 1489 151 1550 tia
193 1488 245 1550 De
265 1488 478 1570 dispositione
505 1489 752 1554 diversoriorum
774 1478 808 1552 et
839 1487 1050 1573 hospitiorum
1073 1487 1107 1550 in
1139 1485 1265 1551 oriente

10 1582 35 1632 ⁵¹
87 1591 172 1658 vide
190 1593 287 1656 Parte
306 1595 331 1655 1.
350 1593 443 1657 Folio
467 1593 536 1656 195.
561 1595 604 1660 A.
1069 1612 1074 1622 ’

10 1689 32 1712 '‘
178 1696 259 1760 Cum
283 1707 388 1762 antem
410 1698 621 1762 diversorium
649 1698 791 1780 ingressi
813 1695 1004 1780 fuissemus,
1032 1714 1132 1761 onera
1161 1695 1263 1779 depo·

11 1795 39 1844 ⁵⁵
85 1801 218 1865 suimus
245 1811 279 1865 et
309 1803 435 1866 bestias
457 1803 636 1865 locavimus
656 1803 689 1864 in
711 1800 855 1864 inferiori
883 1804 1029 1882 ambitu,
1048 1803 1082 1864 in
1104 1801 1263 1882 superiori

9 1895 39 1956 'tt‘
84 1925 173 1970 vero
193 1925 252 1989 pro
274 1907 366 1971 nobis
384 1903 570 1969 habitacula
591 1915 625 1967 et
645 1904 779 1967 cellulas
806 1905 964 1987 elegimus
999 1915 1031 1967 ot
1062 1907 1096 1966 in
1118 1906 1167 1966 eir
1188 1905 1260 1966 leo-

9 2002 42 2062 t*
83 2009 179 2074 tulos
201 2017 330 2072 nostros
351 2011 526 2072 stravimus
556 2018 588 2071 et
618 2008 722 2071 locum
750 2027 809 2089 pro
831 2007 1010 2090 coquendis
1031 2010 1113 2072 cibis
1134 2009 1264 2089 aptavi-

11 2109 43 2164 ὦ
83 2129 178 2194 mus,
199 2111 353 2195 lignaque
373 2130 431 2195 pro
451 2115 528 2194 igne
550 2111 808 2192 comparavimus
838 2120 873 2173 et
893 2113 939 2174 ita
959 2120 1078 2174 onrrcta
1098 2111 1264 2192 disposui-

8 2213 44 2276 e'·
83 2235 183 2300 mus,
215 2234 255 2278 ac
283 2221 313 2279 si
342 2235 401 2300 per
433 2215 567 2299 aliquot,
584 2215 655 2278 dies
687 2215 733 2276 ibi
764 2217 906 2276 mansuri
935 2233 1092 2282 essemus.
1135 2215 1264 2276 Interea

8 2324 45 2382 ra
68 2317 185 2394 'veuit
214 2319 350 2384 Caliuus
387 2339 525 2403 magnus
557 2339 629 2400 curu
652 2319 812 2403 aliquibus
833 2317 1023 2382 Sarracenis
1056 2318 1262 2399 decivitate,

8 2428 40 2486 uu
84 2427 221 2507 dicens,
249 2424 351 2510 quod,
381 2419 457 2507 quia
485 2425 590 2488 adhuc
618 2424 750 2486 multum
773 2433 961 2507 superesset
990 2423 1124 2506 dedic,
1156 2442 1260 2506 expe-

7 2531 46 2596 ri'
84 2531 185 2594 diens
206 2539 304 2612 esset,
328 2538 362 2606 ut
383 2531 438 2593 illo
463 2547 537 2594 sero
557 2531 630 2593 loca
651 2537 766 2592 sancta
789 2530 1006 2613 visitaremus,
1028 2538 1064 2592 ut
1084 2530 1118 2591 in
1141 2530 1260 2591 crasti-

7 2671 15 2700 ι.
36 2635 46 2676 ⁵
83 2653 167 2699 num
188 2652 284 2698 manc
303 2645 381 2698 ante
402 2643 526 2699 aestum
547 2635 627 2698 solis
649 2633 802 2698 recedere
818 2652 998 2715 possemus.
1020 2636 1063 2696 Et
1085 2635 1147 2697 hoc
1162 2634 1259 2697 nobis

7 2741 46 2804 ,rt
84 2737 227 2824 placuit,
250 2739 326 2822 qnia
347 2741 538 2804 timebamus
561 2739 715 2802 diutinam
736 2738 951 2802 detentionem
969 2739 1003 2800 iu
1028 2739 1112 2804 loco.

27 2849 42 2896 o

13 601 19 660 l

13 733 16 771 l

12 831 24 878 Ι

12 939 27 988 ιὶ

12 1047 28 1094 μ

7 2950 45 3018 a·‘
142 2970 202 3076 Dp
238 2993 328 3069 agro
364 2969 614 3072 plasmationis
652 2970 781 3061 Adae,
828 2972 888 3070 qni
913 2971 1064 3080 *dicitnr
1101 2991 1191 3068 ager

7 3068 35 3218 a:
537 3090 800 3165 Damascenus.

7 3267 46 3328 ,ru
163 3271 299 3354 ligressl
330 3285 409 3358 ergo
441 3289 554 3336 snmus
589 3268 630 3332 de
656 3269 795 3352 hospitio
823 3279 937 3337 nostro
975 3282 1007 3336 et
1038 3292 1096 3358 per
1123 3271 1254 3354 longum
1283 3325 1293 3336 ,

7 3374 49 3438 ,a
87 3374 230 3460 civitatis
250 3377 358 3440 vicum
390 3377 620 3456 transivimus,
651 3375 685 3436 in
717 3393 780 3457 qno
801 3377 923 3441 diversi
945 3371 1129 3442 residebant
1151 3376 1253 3440 artili-

7 3471 47 3544 e''·'
87 3495 164 3558 cea,
196 3481 369 3562 praecipue
396 3489 503 3542 tamen
534 3481 734 3548 virriaturesz
767 3483 849 3545 finnt
876 3483 959 3545 euim
984 3485 1028 3548 ibi
1056 3487 1157 3569 vitra,
1187 3501 1252 3544 non

7 3577 47 3646 nli
86 3581 216 3664 quidem
244 3583 348 3668 clara,
377 3584 437 3647 sed
470 3585 564 3668 nigra
603 3593 635 3648 et
663 3584 706 3648 de
733 3585 848 3650 mediis
881 3588 1051 3653 coloribus.
1094 3588 1254 3652 Adhaesit

7 3693 39 3750 ivl·
85 3693 193 3750 antem
214 3679 307 3750 nobis
329 3707 446 3772 magua
476 3690 639 3753 bominum
662 3681 829 3755 multitudo
861 3701 935 3773 post
963 3710 1024 3758 nos
1045 3695 1252 3775 currentium,

19 3793 48 3843 ft*
86 3790 162 3871 quia
182 3790 404 3874 spectaculum
426 3794 497 3877 snit,
516 3793 628 3856 videre
647 3795 693 3856 ibi
720 3796 947 3860 occidentales.
985 3798 1113 3870 Deinde
1133 3815 1254 3878 perve-

24 3888 48 3940 t'
86 3893 191 3956 nimus
212 3895 254 3957 ad
286 3897 428 3960 civitatis
457 3907 599 3981 portam,
628 3919 686 3982 per
716 3919 811 3984 qnam
849 3902 974 3982 egressi
1003 3903 1057 3964 via
1089 3901 1181 3980 regia
1210 3897 1251 3958 ad

19 3997 48 4054 p·
86 4014 197 4079 agrum
226 4003 375 4065 venimus
419 4004 557 4066 maceria
590 4004 856 4096 circumseptum,
898 4014 931 4066 et
951 4007 1007 4068 .ibi
1038 4000 1251 4078 substitimus,

1342 3237 1356 3270 Ι

7 4098 49 4164 nti
86 4104 298 4186 respicientes
319 4125 378 4188 per
398 4107 569 4170 maceriam
591 4107 625 4168 in
641 4108 746 4188 ipsum
772 4125 885 4188 agrurn
909 4110 1020 4190 utique
1041 4102 1249 4188 spectabilem
1344 4119 1349 4127 ·

7 4191 48 4268 nti
86 4214 119 4270 ct
149 4209 338 4275 mirabilem.
381 4213 461 4272 Erat
489 4209 572 4272 enim
605 4211 684 4290 ager
716 4211 821 4274 dictus
851 4210 1090 4288 Damascenns,
1126 4207 1158 4267 in
1188 4225 1250 4289 qno

7 4297 48 4462 pti:
85 4310 189 4376 Adam
220 4321 429 4396 protoparens
457 4313 519 4375 luit
550 4313 736 4393 plasmatus.
781 4313 863 4376 Cum
896 4311 1134 4376 audivissemus
1160 4314 1251 4377 huuc
