2926 5050
223 637 296 684 eum
317 619 399 702 aliis,
420 617 522 683 mlnlt
542 624 747 684 transnatare
764 619 838 686 aliia
858 621 1146 703 trarlsuamntlbus,
1168 622 1260 684 exuit
1283 627 1389 682 tamon
1452 626 1455 639 '

223 741 262 787 se
283 725 485 790 vestibuset
503 739 620 808 aqum
641 725 784 807 intravit,
804 734 840 788 nt
861 741 900 787 se
921 725 1127 809 refrigeraret
1147 735 1181 788 et
1199 726 1342 806 levaret,
1363 731 1392 786 ot
1454 722 1457 731 '

222 829 391 911 engressus
410 831 471 893 ulx
490 845 596 913 nsque
618 827 658 892 ad
680 827 990 912 umbiltmm'mrgt
1012 833 1183 912 eoepit-et
1204 830 1391 892 subtractus
1458 858 1459 867 κ

222 933 256 994 iu
277 949 395 1016 aquarn
416 951 575 1017 umquem
597 937 784 1016 eomparntr.
828 933 966 1016 Insuper
995 937 1028 998 in
1058 934 1115 999 illa
1141 910 1392 996 mea'ssoundr

221 1037 502 1121 peregrinatione,
529 1057 626 1122 quam
658 1055 745 1101 nune
776 1035 934 1120 deserlbo,
967 1046 1253 1102 transmutaverunt
1291 1036 1392 1114 multi,
1460 1089 1461 1102 ,

222 1157 285 1203 nee
304 1151 500 1206 roraverunt
520 1141 765 1225 prohibitionem
787 1140 1049 1224 Sarrroenorum,
1074 1143 1130 1226 qui
1158 1142 1394 1225 probibentur

223 1244 550 1330 panonlnnnnqnod
572 1247 715 1310 futurum
735 1245 926 1328 praedieunt
952 1254 986 1308 et
1012 1250 1253 1308 transnatantes
1284 1243 1391 1307 inula·
1460 1305 1462 1330 ,

224 1357 324 1413 mant
375 1351 464 1412 luter
486 1350 561 1413 illos
590 1350 653 1414 luit
683 1367 767 1414 unns
788 1349 963 1432 saoerdos,
985 1351 1039 1433 qni
1062 1350 1179 1430 etiarn,
1208 1349 1299 1412 siout
1334 1367 1394 1430 ego

225 1455 379 1537 fauorem,
401 1455 629 1539 transnatavit,
652 1457 708 1538 qni
728 1458 762 1516 ln
783 1455 848 1518 elia
867 1461 962 1537 parto
983 1456 1146 1520 exsistens
1168 1473 1283 1519 omnes
1304 1455 1394 1516 vires

227 1559 372 1640 eorporis
393 1559 500 1622 emisit
524 1567 560 1622 et
591 1576 794 1644 nequaqnam
816 1559 953 1640 amplius
974 1569 1086 1623 natare
1105 1565 1163 1621 ent
1193 1560 1300 1639 potuit
1339 1563 1394 1620 ent

226 1660 340 1744 seivit,
372 1669 405 1725 et
431 1664 539 1727 stabat
571 1671 731 1748 tremens,
762 1682 861 1748 quem
883 1681 956 1726 oum
978 1665 1105 1747 magnis
1126 1661 1292 1724 laboribus
1314 1661 1392 1724 sooii

220 1765 421 1854 ¹retinuerunt
441 1769 503 1851 sui,
525 1767 684 1833 infirmum
706 1779 739 1833 ot
760 1770 914 1848 lreotnm,
936 1782 1008 1827 oum
1032 1774 1139 1828 tamen
1168 1774 1259 1828 ente.
1274 1767 1394 1828 fnisset

225 1872 488 1954 robustissimus,
510 1876 558 1936 'at
589 1873 667 1936 mibi
698 1873 906 1956 singulariter
941 1870 1117 1933 familiaris.
1172 1869 1281 1950 Saepe
1306 1887 1391 1934 eum

225 1977 434 2059 interrogavi,
456 1976 533 2059 quid
553 1977 616 2040 sibi
636 1973 816 2042 eoeideriti
840 1976 904 2055 Qui
926 1974 1022 2057 dixit,
1043 1992 1082 2037 se
1103 1975 1209 2038 subito
1230 1975 1392 2056 privatum

215 2081 361 2144 'viribus
404 2083 608 2164 Interrogavi
640 2084 849 2165 peregrinos,
888 2080 943 2164 qui
974 2087 1052 2142 ante
1083 2099 1135 2140 me
1165 2085 1200 2142 ot
1231 2089 1309 2160 post
1343 2097 1392 2140 me

226 2185 313 2248 eirea
333 2183 508 2250 dordunum
526 2186 662 2269 fuerant,
684 2189 718 2245 ot
731 2199 861 2267 semper
877 2183 1000 2266 inveni,
1024 2181 1111 2271 quod
1132 2179 1241 2265 aliqua
1251 2181 1393 2246 turbatio

215 2289 345 2368 ‘oceidit
364 2290 470 2354 alieni.
1045 2313 1048 2322 ’

238 2447 242 2458 .
307 2393 360 2457 Ex
378 2395 445 2477 jam
478 2396 575 2460 dietis
606 2395 711 2477 surgit
744 2395 907 2477 queastio,
944 2393 1030 2456 unde
1050 2393 1112 2456 hoe
1139 2390 1272 2474 aooidit,
1304 2389 1392 2475 qnod

227 2500 413 2583 frequenter
432 2499 609 2581 perieulum
637 2507 671 2562 et
692 2501 829 2562 turbatio
850 2500 884 2560 in
905 2498 960 2562 illa
987 2498 1190 2561 balneatione
1221 2497 1391 2578 eontingit,

229 2620 301 2667 oum
329 2611 448 2681 tamen
462 2604 580 2668 fluvius
602 2607 731 2666 nonsit
752 2604 849 2686 latus,
862 2621 924 2666 noe
945 2602 1090 2685 rapidum
1111 2619 1241 2664 emaum
1261 2601 1393 2680 babeat,

229 2707 289 2776 sed
321 2707 402 2769 satis
436 2704 582 2771 lentum?
616 2707 754 2773 Adnoo
786 2710 924 2789 primum
952 2707 1082 2788 dieunt,
1113 2704 1199 2788 quod
1231 2703 1391 2787 quaedam

229 2811 358 2874 bellnae
390 2809 567 2874 insidiosae
594 2811 710 2874 inille
741 2829 826 2895 equa
857 2812 1003 2892 latitant,
1035 2829 1136 2894 qnae,
1165 2806 1242 2871 dum
1271 2817 1392 2871 motum

230 2915 374 2978 sentiunt
401 2915 556 2998 natantis,
590 2915 771 2980 aroendnnt
790 2997 795 3006 η
815 2924 847 2978 et
881 2923 1045 2977 rratarrtenr
1077 2921 1236 2976 oonenlur
1267 2930 1391 2994 rapere.

230 3020 297 3083 Alii
319 3018 438 3104 dieunt,
460 3020 546 3104 qnod
568 3021 644 3105 qnia
665 3019 756 3084 loons
777 3019 833 3082 ille
853 3029 904 3082 est
926 3037 1027 3103 prope
1051 3017 1208 3100 lancibus,
1230 3037 1289 3100 por
1308 3033 1393 3100 quas

229 3125 392 3193 «Iordanes
423 3127 458 3188 in
489 3145 578 3191 mare
605 3136 763 3189 mortuum
795 3125 952 3205 illabitur,
983 3120 1056 3186 ideo
1086 3121 1124 3184 lit
1153 3121 1200 3184 ibi
1232 3122 1392 3204 quaedam

229 3231 413 3295 commixtio
436 3249 590 3316 aquarum
612 3229 653 3294 de
674 3230 754 3294 mari
775 3236 916 3310 mortuo,
939 3235 971 3290 et
991 3233 1124 3310 propter
1146 3227 1297 3290 malitiam
1317 3227 1394 3289 ille-

230 3355 300 3400 rum
322 3355 476 3418 aqnarum
500 3335 704 3421 debilitentur
726 3337 814 3398 vires
841 3333 1131 3415 transnatentinm,
1173 3331 1240 3397 Alii
1272 3331 1394 3412 dieunt,

231 3438 316 3522 qnod
337 3442 372 3500 in
393 3439 474 3500 mari
493 3445 617 3499 mortno
638 3437 718 3500 nihil
739 3437 839 3518 vivit,
872 3438 935 3501 nisi
955 3437 1114 3522 quaedam
1146 3436 1341 3499 inhumanae
1362 3443 1395 3497 et

232 3540 409 3606 infernales
430 3543 573 3620 bestiae,
595 3557 679 3620 quae
700 3539 881 3603 ascendunt
901 3541 942 3605 de
963 3543 1043 3606 mari
1073 3559 1201 3606 sursum
1224 3539 1395 3604 adzhomi-

231 3664 309 3709 num
335 3661 460 3707 trooam
503 3640 570 3712 Alli
601 3641 725 3726 dieunt,
753 3643 840 3728 quod
866 3647 1053 3729 perieulum
1073 3645 1232 3727 eontingit
1254 3663 1296 3706 ex
1317 3644 1394 3707 lorti

230 3748 474 3832 imaginatione,
509 3744 645 3809 audiunt
676 3751 762 3812 enirn
789 3752 950 3834 peregrini
972 3751 1013 3814 de
1039 3749 1114 3814 istis
1135 3748 1289 3834 perieulis
1310 3747 1395 3830 (B),

231 3863 265 3918 et
285 3853 421 3937 quilibet
444 3853 536 3919 timet
557 3859 590 3914 et
609 3860 722 3939 eevet,
744 3873 786 3918 ne
807 3855 870 3918 sibi
891 3854 1012 3938 aliquid
1033 3855 1210 3938 eontingat,
1231 3863 1271 3918 ot'
1284 3857 1318 3916 ln
1338 3854 1394 3917 illo

231 3959 345 4022 timore
367 3975 480 4022 omues
510 3965 731 4040 transnatent,
761 3977 895 4041 qnorum
917 3960 1046 4044 quidam
1068 3979 1111 4024 ex
1132 3960 1207 4023 forti
1234 3959 1394 4042 imagina-

233 4065 322 4125 tlone
353 4071 465 4146 putant
491 4080 531 4126 as
552 4059 674 4147 tangi,·‘
688 4063 743 4128 vel
764 4064 879 4127 subtus
901 4064 992 4127 trahi.
1037 4061 1167 4127 Caeteri
1203 4063 1330 4146 dieunt,-
1361 4072 1394 4126 ot

233 4166 316 4230 lorte
335 4168 571 4252 rationabilius,
593 4168 698 4252 quod,
730 4170 806 4251 quia
835 4168 1047 4232 transnatatlo
1068 4175 1120 4230 est
1140 4169 1268 4252 signnm
1299 4151 1394 4252 potn-

236 4270 411 4335 lantiue'et
432 4271 670 4354 dissolutionis,
702 4262 787 4354 qnae
808 4291 873 4336 non
894 4271 1080 4355 expeditio
1100 4280 1168 4336 tam
1188 4281 1303 4338 saneto
1323 4273 1394 4336 loeo

232 4377 318 4460 fieri,
345 4377 417 4441 ideo
438 4377 592 4460 permittit
609 4377 701 4440 Dens
722 4376 958 4440 tribulationem
980 4376 1077 4438 alloni
1098 4376 1240 4458 evenire,
1262 4387 1298 4440 nt
1317 4393 1394 4440 oae-

235 4482 297 4545 teri
316 4482 444 4561 semesi,
464 4479 579 4544 maturi
608 4487 640 4540 et
661 4477 801 4540 timorati
832 4478 922 4538 fiant.
954 4475 1063 4540 Loeus
1085 4476 1395 4562 onim-lllupropter
