3014 4864
695 234 738 297 85

133 410 242 480 contra
267 424 408 481 montem
441 414 582 498 oliveti,
609 417 642 477 in
665 415 758 498 cujus
788 417 938 480 accubitu
971 425 1022 480 est
1052 419 1132 499 sita,
1161 415 1244 479 horti
1267 423 1300 479 ot

131 522 275 602 pomaria
316 530 350 583 et
381 520 532 585 viridaria
564 529 640 582 aunt
671 519 895 602 pulcherrima.
937 525 975 585 ln
997 524 1058 586 hac
1089 522 1224 603 planitie
1245 530 1297 582 cst

132 624 304 688 castellum
335 626 509 708 Bethania,
542 625 730 708 dependens
759 625 800 687 ad
834 635 973 688 montem
1007 625 1147 705 oliveti,
1182 643 1203 687 a
1234 643 1298 708 quo

130 728 328 811 protenditur
358 749 464 812 nsque
495 734 528 792 in
562 730 744 814 planitiem,
780 747 864 813 quae
897 731 1047 811 planities
1079 739 1130 793 est
1167 738 1301 812 petrosa

130 833 300 897 latissimis
321 845 354 898 et
384 836 489 917 planis
511 835 631 918 petris,
664 853 704 898 ac
724 837 753 898 si
775 844 863 897 esset
890 836 1113 917 pavimentata
1139 843 1216 896 arte.
1261 836 1299 896 ln

129 941 211 1002 locis
231 957 327 1017 vcro,
358 941 413 1003 nbi
435 946 573 1002 nonest
595 940 710 1003 humus
732 942 834 1022 petris
867 938 1044 1020 obductus,
1071 946 1159 1000 stant
1193 937 1300 1001 olivae

129 1054 162 1107 et
183 1045 246 1108 alia
273 1044 439 1108 fructifera
460 1044 611 1126 virgulta.
646 1043 730 1106 Sunt
752 1046 847 1108 etiam
870 1048 903 1108 in
928 1047 1002 1127 ipsa
1023 1042 1156 1125 planitie
1178 1043 1299 1106 multae

129 1151 289 1213 cisternae
309 1151 343 1212 in
365 1148 533 1231 profundis
554 1167 612 1232 per
628 1149 799 1212 durissima
814 1167 896 1212 saxa
914 1151 1046 1214 incisae.
1071 1148 1298 1212 Processimus

128 1275 207 1338 ergo
229 1257 263 1317 iu
283 1253 418 1336 planitie
438 1263 551 1316 contra
571 1254 760 1317 Bethaniam
783 1263 816 1316 et
837 1264 912 1318 ante
933 1254 1101 1318 castellum
1136 1252 1177 1315 ad
1197 1271 1297 1316 uuum

128 1360 269 1444 lapidem
291 1367 433 1422 erectum
465 1359 614 1420 venimus
653 1360 698 1421 ita
719 1361 878 1442 positum,
902 1359 987 1442 quod
1009 1359 1083 1443 quis
1104 1375 1297 1440 supereum

126 1465 244 1529 sedere
265 1472 388 1548 potest3
418 1472 469 1524 est
491 1472 596 1524 tamen
619 1463 702 1546 lapis
722 1463 912 1546 immobilis,
947 1464 988 1526 de
1008 1464 1167 1547 profundo
1188 1472 1295 1527 terrae

127 1587 349 1654 consurgens,
383 1576 492 1630 otest
518 1566 719 1631 durissimus.
763 1569 870 1652 Super
884 1595 886 1606 >
900 1570 986 1632 hunc
1018 1568 1159 1650 lapidem
1181 1569 1297 1632 dicitur

127 1675 288 1738 Dominus
314 1675 416 1736 Jesus
446 1671 591 1756 sedisse,
624 1672 752 1756 qnando
778 1683 902 1736 mortuo
935 1674 1062 1737 Lazaro
1084 1671 1234 1736 ascendit
1256 1671 1297 1736 de

127 1779 461 1862 regione'Jordanis‚
494 1785 528 1840 et
560 1786 637 1841 ante
666 1781 851 1862 ingressum
878 1778 1004 1842 castelli
1042 1777 1208 1860 consedit,
1241 1778 1296 1840 ubi

126 1885 256 1948 naam
286 1883 328 1946 ar
356 1903 428 1946 eum
458 1885 567 1965 vemt,
604 1891 638 1946 ee
669 1884 891 1948 fidelissimum
927 1881 1089 1964 dialogum
1115 1883 1159 1945 rar
1187 1882 1296 1945 habuit
1340 1865 1343 1874 “

126 2007 200 2051 curn
221 1988 360 2052 Domino
374 1987 457 2049 Jesn
479 1987 520 2048 de
548 1985 628 2072 fide,
652 1989 692 2054 de
713 1987 967 2068 resurrectione,
999 1985 1041 2048 de
1060 1987 1129 2048 vita
1149 1993 1293 2048 aeterna.

126 2091 281 2155 Similiter
301 2099 335 2152 et
354 2091 460 2154 Maria
480 2090 678 2172 Magdaleua
698 2091 740 2154 ad
761 2094 848 2154 hunc
869 2091 974 2152 locum
997 2087 1131 2154 christo
1156 2091 1295 2153 occurrit

126 2195 233 2277 obvia,
255 2195 357 2282 ilens,
372 2213 443 2256 eum
466 2195 631 2258 absentem
649 2196 752 2258 inisse
774 2198 806 2257 in
828 2203 932 2260 morte
952 2195 1071 2258 Lazari
1092 2193 1201 2257 fratris
1223 2194 1293 2276 sui;

125 2301 169 2364 ‘de
189 2300 306 2384 quibus
326 2297 462 2364 habetur
483 2299 644 2364 Jolrannis
664 2303 723 2364 xl.
765 2303 803 2364 ln
825 2305 888 2367 hoc
913 2320 992 2384 ergo
1013 2301 1085 2363 loco
1107 2317 1201 2364 sacro
1222 2307 1317 2361 ste--

125 2407 222 2470 timus
251 2415 283 2470 et
306 2404 456 2470 Officium
491 2407 654 2491 signatum
675 2408 709 2470 iu
739 2407 973 2491 processionali
1005 2404 1221 2488 persolvimus
1260 2413 1291 2468 et

124 2511 189 2575 hoo
220 2513 307 2574 iacto
328 2512 361 2574 in
391 2521 507 2574 terram
540 2529 601 2576 uos
632 2515 866 2596 prostravimus
906 2521 939 2576 et
968 2512 1073 2576 locum
1115 2509 1293 2575 deoseulati

125 2634 237 2678 sumus
264 2624 298 2677 et
318 2615 537 2698 indulgentias
571 2617 736 2699 plenariae
767 2620 968 2682 remissionis
991 2620 1178 2702 accepimus
1201 2617 1292 2699 (isi).

125 2721 163 2782 ln
184 2721 248 2782 hoe
267 2737 362 2783 sacro
384 2722 456 2786 loco
477 2707 635 2785 Dominus
658 2722 807 2784 lacrimas
829 2722 928 2806 indit,
949 2741 987 2785 se
1015 2725 1124 2806 ipsum
1152 2722 1293 2784 turbavit

127 2821 167 2884 ad
181 2823 289 2884 fletum
303 2821 435 2886 duarum
455 2843 611 2907 sororum,
630 2825 716 2887 unde
733 2833 883 2888 cantatur
894 2826 936 2888 de
952 2827 1016 2888 eis:
1040 2825 1068 2888 0
1086 2827 1191 2888 felicis
1201 2842 1292 2888 soror

126 2935 262 3006 utraque
287 2927 409 3010 meriti,
431 2943 565 3011 quarum
587 2928 727 2992 lacrimis
750 2937 801 2991 est
832 2939 937 2992 motus
959 2929 1033 2991 fons
1059 2931 1130 3010 ipse
1152 2929 1290 3010 pietatis

126 3029 252 3113 Credo,
281 3029 367 3113 quod
388 3031 421 3093 in
442 3033 505 3095 hoc
536 3031 607 3098 loco
639 3041 714 3095 ante
745 3042 889 3116 tempora
921 3033 1046 3094 steterit
1074 3030 1200 3112 capella
1238 3031 1291 3092 vel

125 3135 235 3219 aliqua
255 3133 403 3198 ecclesia.

216 3372 276 3447 lle
297 3371 404 3446 domo
428 3381 467 3449 et
491 3373 670 3474 apotheca
696 3371 739 3455 S.
766 3377 906 3454 Mariae
930 3375 1185 3476 magdalenae.

208 3554 261 3617 Ab
283 3554 438 3619 hocloco
470 3558 689 3639 processimus
710 3560 752 3623 ad
783 3560 929 3622 dextram
960 3569 1084 3643 partem
1106 3557 1147 3622 ad
1166 3559 1289 3640 jactum

124 3675 220 3728 arcus
260 3667 293 3721 et
325 3658 486 3724 adunam
513 3664 676 3747 antiquam
699 3664 894 3728 destructam
925 3663 1096 3728 ecclesiam
1128 3665 1288 3742 venimus,

123 3781 207 3847 quae
228 3765 263 3827 in
283 3764 355 3828 loco
376 3773 458 3846 stat,
480 3767 535 3829 ubi
556 3776 627 3831 erat
662 3770 815 3833 habitatio
847 3776 985 3833 sanetae
1004 3769 1129 3831 Mariae
1149 3766 1289 3849 Magda-

122 3868 218 3932 lenae
247 3867 462 3951 singulariter.
519 3871 664 3936 Fuerunt
698 3873 784 3938 euim
821 3875 957 3958 divitas,
987 3874 1154 3956 Lazarus,
1184 3871 1288 3935 Maria

122 3971 318 4055 Magdalena
359 3981 391 4038 et
421 3975 568 4058 Martha,
602 3985 637 4040 et
665 3977 826 4043 habebant
858 3979 968 4062 plnres
989 3979 1222 4061 habitationes,
1236 3989 1239 3996 '
1252 3979 1286 4040 in

123 4078 257 4142 castello
288 4087 321 4142 at
352 4087 445 4142 extra
475 4081 662 4166 castellum,
695 4094 727 4148 et
755 4085 788 4148 in
824 4085 1026 4169 Jemsalem,
1071 4095 1105 4148 at
1144 4092 1286 4149 castrum

120 4181 308 4264 Magdalum
340 4185 374 4246 in
415 4181 571 4250 Galilaea.
597 4223 599 4226 -
625 4189 718 4252 llaec
755 4197 859 4254 autem
899 4191 1015 4256 domus
1057 4201 1127 4256 erat
1160 4191 1284 4254 Mariae

83 4330 90 4345 .
121 4284 352 4370 Magdalanae,
386 4297 418 4352 et
452 4301 526 4372 post
564 4295 809 4360 conversionem
854 4312 945 4362 suam
978 4295 1050 4380 (B)
1083 4299 1117 4362 in
1150 4315 1190 4359 ea
1223 4295 1284 4360 livit
