2842 4882
744 215 809 282 ΛΜ

194 401 348 466 Clamore
373 405 527 463 cessante
560 399 708 482 processi
735 397 777 464 nd
807 396 1019 462 serviendum
1052 395 1192 479 vigiliae
1220 406 1300 454 mese
1320 396 1342 448 et

152 583 159 596 Ι
192 506 297 589 reperi
317 503 641 568 'l'rutsebelmeunum
664 505 880 568 Surreceuuur
901 501 1058 586 Celinum
1092 499 1262 582 majorem,
1285 492 1343 554 insi·

193 618 332 674 stentem
368 609 503 674 orationi
530 611 625 674 flexis
653 613 802 694 genubus
833 615 866 671 et
894 606 988 671 modo
1018 603 1234 670 sarracenice
1260 605 1342 680 gesbi

193 713 375 796 habentem,
386 730 526 798 eumque
547 734 600 778 me
618 714 806 796 audivisset,
829 711 1156 791 orationecessavit,
1174 707 1342 782 jutamegan

193 838 266 902 rna,
288 836 346 880 eur
367 837 432 882 uon
453 821 487 884 iu
510 821 647 884 tentorio
679 835 858 902 manerem,
881 801 935 880 etri
962 835 1041 880 cum
1063 814 1226 878 dixissem
1247 811 1343 889 proptu

195 923 373 988 custodiam
407 925 556 1008 vigiliae,
587 933 760 990 contentus
783 922 860 1006 luit,
889 922 1056 986 convertit
1074 926 1190 982 autam
1210 931 1247 976 se
1265 915 1343 972 cento

195 1028 358 1092 desertum
384 1027 427 1092 ad
456 1029 620 1092 meridiem
643 1037 676 1092 et
707 1027 850 1092 ostendit
885 1027 964 1090 milri
994 1024 1138 1088 stellam
1173 1011 1341 1103 perlucidus,

195 1134 324 1198 noviter
343 1141 462 1216 ortam,
490 1133 619 1216 dicens,
650 1151 721 1196 eam
741 1151 817 1196 osse
843 1140 876 1194 et
904 1131 969 1194 dici
995 1131 1040 1194 ab
1072 1129 1229 1192 omnibns
1249 1116 1339 1182 stelltu

197 1236 233 1300 S.
257 1237 452 1303 Cathariuae
472 1247 505 1300 et
526 1257 621 1322 ecee,
641 1238 762 1320 iuquit,
783 1236 843 1299 sub
865 1233 928 1300 bac
948 1235 1047 1298 stella
1071 1242 1129 1296 est
1148 1245 1242 1294 mous
1261 1215 1339 1304 Sysslb

196 1341 238 1405 sd
258 1360 354 1425 quem
366 1342 537 1423 tendimus,
556 1350 589 1406 et
610 1341 739 1426 quando
755 1341 904 1404 nectibus
925 1343 985 1404 erit
1000 1332 1285 1422 peregrinandum,
1299 1337 1339 1382 not

197 1445 261 1508 alia
288 1447 344 1508 via
373 1463 485 1520 sumus
512 1449 713 1531 processuri,
745 1447 808 1510 uisi
838 1451 952 1508 eorrtra
985 1445 1113 1508 faciam
1143 1441 1234 1504 illius
1258 1426 1339 1494 stellae

197 1551 503 1634 precesslvorimus,
536 1571 641 1636 usque
672 1571 737 1636 quo
771 1551 899 1633 penitus
934 1552 995 1615 sub
1031 1553 1114 1634 ipsa
1157 1528 1337 1608 rueduusit

198 1662 306 1716 moute
324 1653 436 1737 Synai.
471 1657 551 1720 Post
572 1676 737 1722 recessum
758 1676 838 1721 voro
858 1673 878 1718 s
896 1664 1008 1720 moute
1027 1652 1142 1738 Syuai
1166 1639 1336 1721 „micet

199 1758 342 1824 solebam
369 1759 418 1824 nd·
438 1760 567 1825 stellam
596 1761 703 1846 illam,
725 1781 862 1846 eamque
891 1760 959 1824 vidi
985 1762 1019 1824 in
1041 1761 1208 1842 Aegypto
1231 1744 1337 1810 existen

199 1873 232 1928 et
253 1867 287 1926 in
308 1864 506 1930 Alexandria
537 1866 661 1950 de'gous
683 1877 715 1930 et
740 1887 798 1951 par
830 1867 928 1930 maris
960 1864 1060 1945 longa
1088 1860 1216 1946 spatia,
1245 1842 1334 1912 tandm

199 1978 308 2034 autern
328 1979 404 2054 poet
425 1973 592 2034 transitum
615 1973 714 2055 Cypri
725 2017 735 2055 ,
758 1971 832 2034 dnm
849 1973 883 2034 in
903 1969 1089 2052 Cycladum
1111 1961 1238 2030 insulas
1258 1945 1335 2016 venis

200 2092 327 2159 semus,
364 2094 435 2140 eam
467 2075 605 2159 amplius
639 2078 752 2141 videre
770 2090 847 2142 ,non
878 2084 1038 2159 poteram,
1072 2077 1211 2156 prepter
1243 2051 1332 2121 „tutu
1360 2073 1361 2084 ¹

202 2178 436 2263 elongationem
466 2190 499 2244 et
525 2182 666 2248 elimatis
691 2184 927 2250 alterationem.
969 2183 1013 2246 llt
1040 2181 1090 2244 ita
1127 2165 1270 2242 transivit
1295 2165 1333 2216 11⁰¹

200 2283 258 2346 illa
279 2286 389 2368 prima.
1360 2251 1361 2294 ¹

437 2522 497 2597 lle
522 2519 686 2599 ulteriori
709 2547 887 2627 processu
911 2523 948 2598 in
971 2521 1137 2597 deserto.

288 2697 423 2800 Decima
443 2703 512 2787 dia,
531 2705 606 2770 dum
627 2725 744 2770 aurora
764 2712 932 2788 surgeret,
960 2705 1165 2768 surreximus
1185 2699 1218 2757 el
1236 2673 1330 2756 tillo*¹

204 2801 341 2889 dejectis
386 2810 530 2872 tentoriis
585 2810 807 2895 depositisque
868 2807 1085 2874 tabernaculis
1144 2809 1179 2866 et
1220 2779 1329 2883 nullm

206 2909 366 2995 colligatis
387 2912 428 2978 ad
450 2933 613 2978 recessum
635 2935 695 2980 nos
720 2917 917 2999 aptavimus.
958 2914 1057 2978 Porro
1079 2898 1240 2976 cameltrfi
1260 2887 1328 2952 ¹¹⁰⁵¹¹¹
1360 2815 1362 2968 ἵ

205 3015 288 3081 tardi
309 3028 400 3082 erant
422 3029 453 3083 at
475 3021 569 3102 quasi
589 3038 664 3084 cum
685 3022 791 3086 taedio
812 3029 844 3083 et
864 3019 1071 3084 involuntarii
1090 3010 1231 3079 cameles
1251 2997 1330 3060 ΝΜ·
1359 2993 1362 3136 4

205 3121 284 3186 bant
305 3134 338 3188 et
356 3124 455 3188 multa
470 3124 511 3187 de
527 3125 624 3201 rebus
646 3129 767 3189 uostris
784 3124 895 3208 jacme
912 3123 1123 3203 dimittebant,
1136 3112 1221 3182 undo
1233 3095 1328 3176 ΜΝ

206 3225 365 3292 clamorbs
385 3240 417 3292 et
443 3231 530 3293 rixas
550 3231 721 3296 habuimus
742 3231 781 3292 ad
810 3233 963 3292 invicem.
1007 3227 1080 3290 Nos
1099 3226 1186 3288 euim
1213 3194 1329 3275 ⁸¹¹⁸¹⁰d¹⁸v
1361 3199 1362 3212 ¹

205 3331 310 3394 tiones
331 3337 509 3398 teutonicas
530 3335 695 3398 intulimus
721 3343 753 3397 et
775 3336 838 3417 ipsi
856 3335 951 3398 nobis
973 3332 1118 3394 arabicas
1133 3337 1165 3392 et
1185 3309 1329 3386 mrum*

207 3435 330 3516 umus,
365 3458 427 3501 nee
447 3441 511 3523 ipsi
532 3457 609 3524 nos,
643 3458 704 3502 nec
734 3457 795 3502 nos
816 3457 875 3502 eos
906 3437 1133 3499 intelleximus.
1177 3409 1329 3507 'l'tttttl⁰‘¹¹'‘⁸

208 3537 354 3620 prolecto
388 3546 531 3607 seribere
564 3545 725 3628 nequitias
755 3561 882 3625 eorum,
919 3543 1036 3625 quibus
1066 3559 1137 3604 uos,
1160 3525 1248 3620 quasi
1273 3515 1330 3624 ⁰2¹¹

209 3660 304 3704 mano
324 3645 358 3706 in
380 3651 565 3714 oneratione
587 3651 759 3713 bestiarum
792 3647 982 3728 turbabunt,
1015 3663 1088 3708 eum
1110 3631 1256 3706 industri⁸
1272 3617 1327 3678 ⁰⁰¹³

209 3746 330 3831 aliquid
346 3749 458 3832 jacere
480 3756 723 3838 permittebant,
753 3751 808 3814 vel
840 3751 1016 3832 lectulum,
1050 3756 1107 3811 aut
1137 3746 1278 3830 spuriam,
1294 3711 1329 3774 ¹⁰⁸

209 3869 359 3940 saecum,
391 3859 535 3924 scientes
568 3878 629 3924 uos
655 3858 784 3923 oculum
810 3856 931 3922 habere
963 3854 1005 3920 nd
1043 3853 1120 3916 illa:
1162 3850 1228 3912 Hoc
1254 3827 1326 3892 ΝΜ

209 3956 282 4024 ideo
305 3959 477 4047 iaciebant,
499 3973 534 4026 ut
552 3965 742 4048 peregrinus
763 3962 830 4044 ille,
851 3962 905 4024 eui
925 3955 1080 4023 derelicta
1098 3973 1152 4022 rcs
1172 3953 1243 4025 ersi,
1260 3935 1329 4006 W

211 4074 299 4130 retur
320 4085 378 4132 eos
400 4077 513 4152 petere
533 4070 692 4153 accipere,
714 4075 746 4130 et
756 4068 819 4150 ipsi
840 4069 995 4150 petebant
1014 4064 1090 4126 vice
1109 4067 1203 4126 norst
1218 4057 1275 4112 ⁰⁰¹³
1290 4033 1327 4110 ΡΝ

211 4165 352 4234 denariis
380 4172 434 4236 vel
464 4175 602 4257 panibus
609 4218 621 4255 ,
651 4183 684 4237 et
709 4173 920 4254 simulabant,
950 4188 989 4234 sa
1009 4187 1074 4232 rem
1098 4166 1183 4230 velle
1201 4141 1329 4222 dimittat

211 4273 275 4336 uisi
306 4275 380 4340 dato
412 4281 526 4362 pretio.
581 4278 623 4340 llt
651 4278 698 4340 ita
724 4280 757 4341 iu
791 4277 948 4361 principio
977 4283 1054 4338 aute
1084 4255 1285 4354 expetierim
