2948 4876
711 185 852 278 rsa,

159 371 326 456 Jusepbus
346 369 432 433 Libr.
456 369 544 432 Vlll.
585 369 746 452 Antiquit.
764 366 841 431 Jud.
869 363 951 447 ab„
1002 369 1152 454 Denique
1172 386 1348 454 sponsam

161 497 253 541 snam
273 474 431 538 amorosis
452 472 588 535 canticis
609 471 650 535 ad
672 472 906 538 buno‘hortum
925 493 1028 559 saepe
1047 473 1342 558 iuvitat,·dicens:

161 582 248 645 Veni
273 582 306 642 in
327 579 453 642 bortum
476 596 591 660 meum,
614 594 706 639 soror
730 596 812 660 mea,
827 594 959 663 sponsa,
981 578 1075 644 Cant.
1089 577 1133 642 V.
1176 579 1220 640 Et
1237 585 1343 660 optat

162 689 192 748 ei
214 688 321 746 aerem
348 684 604 765 convenientem,
638 679 733 744 Cant.
756 681 813 745 lV.
836 681 965 746 dicens:
995 684 1102 767 Surge
1134 683 1264 765 aquilo,
1302 690 1341 744 et

160 790 237 853 veni
260 795 379 871 auster,
402 785 504 869 perfla
513 779 640 849 hortum
652 805 769 869 meum,
791 797 823 850 et
835 788 937 850 fluant
951 798 1094 853 aromata
1103 787 1199 849 illin.
1232 785 1340 850 Unde

161 893 242 958 adeo
264 894 448 975 frequenter
472 890 598 952 solebat
622 888 776 982 Salomon
797 893 916 955 morari
939 893 974 954 in
994 893 1057 955 boc
1085 893 1195 973 burto,
1228 887 1338 974 qnod,

161 997 289 1084 quando
311 995 525 1075 nesciebatur,
549 994 702 1078 abierat,
724 997 1110 1066 invenlebatnrinhorto.
1154 993 1337 1077 Quaprop-

162 1113 231 1187 ter,
258 1102 334 1165 dnm
368 1099 454 1162 filiae
483 1098 666 1161 Jerusalem
697 1108 889 1181 quaererent
921 1119 941 1162 a
971 1117 1112 1182 sponsa:
1148 1097 1220 1176 Quo
1249 1099 1337 1162 abiit

162 1207 303 1270 dilectus
325 1201 425 1268 tunsi
455 1203 645 1287 respondet:
665 1202 814 1267 Dilectus
836 1223 927 1266 mens
949 1203 1119 1266 descondit
1145 1204 1179 1265 in
1199 1203 1336 1266 hortum

160 1331 255 1376 sunm
284 1309 323 1371 ed
353 1307 491 1380 areolam
514 1316 707 1390 aromatum,
739 1317 772 1370 nt
794 1309 838 1371 ibi
860 1317 1012 1390 pascatur
1042 1316 1075 1370 et
1095 1308 1162 1372 lilia
1182 1308 1333 1390 colligat,
1356 1309 1360 1312 ’
1470 1294 1471 1303 ’

160 1415 256 1478 Cant.
278 1414 338 1481 Vl.
379 1410 588 1475 Plantaverat
613 1413 755 1474 enimin
782 1414 874 1476 horto
907 1413 961 1475 illo
991 1412 1108 1475 herbas
1133 1411 1335 1475 aromaticas

160 1530 193 1582 et
215 1516 358 1598 virgulta
374 1515 504 1592 nobilia,
523 1525 558 1578 ut
581 1527 710 1600 cypros,
732 1535 803 1580 cnm
826 1535 932 1600 croco,
954 1515 1099 1599 nardum,
1121 1527 1154 1580 et
1175 1515 1333 1598 fistulam,

160 1620 337 1686 balsamum
360 1628 391 1681 et
412 1621 659 1702 cinnamomum,
684 1601 754 1684 cnm
772 1623 935 1684 universis
967 1622 1064 1704 lignis
1084 1622 1215 1703 Liboni,
1235 1641 1333 1704 myr-

160 1727 250 1789 rham
270 1733 301 1786 ct
334 1724 440 1806 aloes,
475 1741 547 1786 unm
574 1725 723 1790 omrribus
754 1727 865 1808 primis
895 1728 1087 1810 unguentis,
1120 1735 1155 1788 nt
1190 1726 1331 1788 habetur

155 1830 291 1894 -Cantici
320 1830 381 1900 IV.
432 1828 527 1890 Vites
555 1830 651 1892 etiam
685 1840 718 1892 et
751 1817 864 1912 nuces*
891 1840 924 1894 et
956 1832 1019 1894 alia
1039 1832 1175 1894 inerant.
1219 1827 1329 1890 Hodie

160 1944 265 1999 antem
290 1913 463 1998 aromatica
485 1927 681 2016 deiecerunt,
703 1944 735 1998 et
756 1945 980 2001 remanserunt
1000 1937 1132 1999 arbores
1153 1951 1328 2017 pomeran-

160 2042 294 2124 tiarum‚
331 2038 641 2123 malogranatarum,
683 2027 908 2120 ficulnearum,
937 2040 1110 2122 olivarnm,
1153 2059 1326 2120 mororum,

160 2164 277 2208 nucum
299 2154 331 2206 et
354 2163 529 2228 pomorum,
553 2151 585 2204 et
608 2151 671 2224 est,
693 2160 733 2204 ao
751 2143 780 2204 si
802 2154 891 2207 osset
905 2145 1253 2228 *paradisnsdelioiosn
1271 2146 1327 2208 oni

161 2239 343 2312 convenire
359 2229 488 2309 videtur
509 2244 589 2307 illud
612 2245 739 2320 Cantici
761 2251 809 2316 4.:
838 2250 1039 2324 Emissiones
1060 2259 1136 2314 tuae
1156 2249 1328 2334 paradisus

161 2351 313 2418 malornm
335 2351 524 2434 punicorum
546 2366 618 2413 cnm
640 2370 805 2435 pomorum
828 2353 997 2418 fructibus.

443 2598 503 2673 De
523 2579 673 2699 piscinis
702 2597 911 2674 Salomonis
932 2598 1043 2697 regis.
1118 2581 1120 2585 ⁵

243 2779 336 2844 Visis
359 2776 534 2856 deliciosis.
551 2778 655 2842 bortis
685 2779 750 2846 illis
784 2778 990 2843 ascendimus
1021 2788 1257 2863 consequenter
1282 2783 1322 2844 ob

159 2885 209 2946 eis
230 2902 288 2967 per
309 2883 386 2947 litus
404 2883 511 2966 rivuli,
533 2902 597 2968 qno
619 2883 890 2967 irriganturyita,
923 2883 1009 2968 qnod
1040 2883 1168 2966 canalo,
1195 2887 1230 2946 in
1260 2903 1322 2968 quo

159 2994 292 3054 currunt
314 3007 418 3074 aquae
438 2988 676 3072 inserentem,
701 2997 772 3051 erat
791 2988 885 3052 nobis
906 2986 948 3049 ad
970 2987 1125 3070 dextram,
1147 2997 1179 3050 et
1199 2987 1322 3072 alveus,

158 3113 218 3177 per
257 3114 352 3179 quem
385 3114 490 3180 aquae
524 3098 650 3160 hortum
694 3091 891 3175 praedictum
930 3094 1075 3175 rigantes
1112 3091 1321 3174 descendunt,

158 3208 251 3261 erant
273 3201 366 3262 nobis
398 3200 430 3260 in
464 3201 606 3263 sinistra.
649 3197 706 3260 Sic
740 3216 818 3280 ergo
850 3217 909 3280 per
941 3196 1078 3260 medium
1119 3197 1320 3260 ascendimus

158 3312 191 3364 et
213 3297 261 3370 ud'
280 3303 423 3383 piscinas
444 3300 585 3383 grandes
612 3310 679 3364 tres
707 3294 771 3365 sibi
795 3300 1020 3364 subordinatas
1049 3303 1209 3365 vonimus.
1251 3303 1319 3364 Has

157 3407 302 3489 piscinas
331 3404 440 3468 dicunt
468 3421 545 3466 esse
575 3404 667 3488 illas,
700 3405 741 3468 de
773 3407 890 3488 quibus
923 3405 1320 3492 dicit-Salomon-Eccles.

157 3525 185 3572 c.
216 3508 246 3569 2.
280 3507 320 3568 c:
359 3506 517 3570 Exstruxi
561 3508 637 3570 mihi
678 3511 821 3591 piscinas
864 3528 1038 3596 aquarum,
1083 3518 1119 3572 nt
1156 3509 1320 3592 irrigarem

156 3612 271 3676 siluam
295 3611 452 3692 lignorum
473 3611 730 3693 germinantium.
777 3613 870 3677 Silva
890 3615 946 3678 illa
962 3613 1122 3698 lignorum
1135 3616 1320 3696 germinan-

157 3717 235 3778 tium
257 3724 308 3777 est
328 3715 440 3777 hortus
451 3713 645 3800 praedictus,
667 3718 812 3802 inquom
834 3739 893 3803 per
913 3718 1075 3784 alveolum
1097 3718 1319 3781 transmittun-

157 3827 211 3882 tur
227 3837 332 3902 aqnae
353 3837 373 3880 n
394 3818 529 3900 piscinis
551 3821 632 3883 istis

239 3921 339 3985 Porro
371 3923 516 4005 piscinae
535 3924 610 3988 illae
643 3943 781 4008 magnae
802 3933 879 3987 sunt
916 3934 948 3989 et
979 3925 1129 3988 maximis
1160 3923 1318 3986 laboribus

157 4033 342 4090 exstructae
363 4046 422 4110 per
443 4027 636 4094 ferramenta
657 4037 770 4112 acuta,
791 4030 909 4112 quibus
940 4047 1037 4112 rupes
1071 4028 1264 4092 durissimae
1289 4034 1319 4089 et

156 4140 270 4214 petrae
289 4131 506 4197 solidissimae
528 4144 608 4208 sunt
625 4123 776 4214 cttvatne,¹
796 4151 890 4196 rosae
911 4143 943 4196 et
954 4135 1123 4206 abscissae
1144 4133 1177 4194 iu
1191 4131 1319 4212 longum

156 4243 190 4298 ot
228 4236 325 4300 latum
366 4256 426 4322 per
467 4238 604 4304 medium
638 4238 755 4320 vallis,
790 4239 843 4301 cui
873 4236 947 4320 (B)
986 4240 1026 4301 ab
1054 4244 1191 4320 utroque
1218 4235 1320 4310 'latere
