2948 4876
736 216 805 285 ,ω
877 235 884 250 .

188 403 256 469 Sed
277 393 353 487 quia
372 410 494 466 tantam
516 397 751 466 multitudinem
773 417 836 463 uec
858 403 1077 487 mereseium,
1099 419 1162 466 noc
1182 413 1289 468 terra
1318 405 1405 467 sola

189 527 307 591 capere
334 515 470 591 poterat,
492 505 674 570 diviserunt
693 503 930 570 multitudinem
953 509 990 571 iu¹
1009 510 1148 592 agmina,
1174 519 1213 572 et
1240 510 1400 592 agmina

188 615 223 676 in
244 613 402 696 legiones,
424 620 457 673 et
476 611 623 693 legiones
644 613 677 674 in
700 613 877 693 exereitus,
899 621 931 675 et
950 615 1112 676 exereitus
1134 613 1168 675 in
1192 623 1351 676 turmas
1363 625 1397 676 et

189 717 329 801 singulis
339 724 594 800 praeposuemut
613 735 686 780 oum
698 719 879 800 capitaneis
892 721 1099 781 centuriones
1109 727 1142 780 et
1155 718 1394 798 decuriones,

84 813 91 834 ⁸
190 823 428 906 etitasparsim
441 829 656 884 contremere
670 820 711 885 ad
726 816 876 884 diversas
897 829 1011 904 portus
1034 820 1278 904 procedebant,
1307 822 1394 904 plu·
1440 887 1441 904 χ

190 931 261 995 rimi
281 928 408 1012 pedites
428 934 460 987 et
482 927 608 1008 equites
637 941 694 1009 per
715 927 893 1008 Ungariam
920 929 954 988 in
976 927 1168 988 Dalmatiam
1199 935 1236 988 et
1264 925 1392 990 Grae-

191 1036 273 1098 ciam
294 1030 475 1095 intrabant.
518 1031 630 1114 Aliqui
672 1038 779 1094 autem
811 1033 975 1094 *Euxinum
1005 1030 1142 1093 Pontum
1181 1040 1215 1092 ct
1262 1031 1389 1113 palum

189 1119 355 1202 biaeotum
384 1143 555 1198 cernentes
584 1153 644 1218 per
665 1131 853 1199 Colobldem
884 1137 1048 1218 regionem
1076 1137 1108 1195 in
1142 1133 1388 1216 capadociam

101 1231 104 1238 Δ
191 1241 426 1317 ascenderunt,
458 1240 572 1321 sicque
602 1238 794 1322 longissima
835 1241 951 1303 itinera
995 1253 1150 1323 quaerere
1193 1238 1385 1302 multitudo

136 1395 138 1400 -
191 1344 1108 1428 compellebatur...
1164 1397 1168 1404 .
1407 1415 1409 1420 Ι

276 1446 408 1525 Quanta
421 1457 537 1535 autem
558 1437 701 1532 pericula
730 1447 847 1533 populo
869 1447 931 1510 Dei
959 1411 1133 1524 acciderint
1156 1465 1199 1510 ex
1220 1397 1380 1511 delectu

167 1537 476 1642 necessariorum,
482 1573 524 1615 ex
546 1554 801 1654 intemperantia,
825 1549 870 1614 err
889 1533 1082 1646 discordiis
1073 1563 1157 1654 mter
1173 1559 1216 1614 se·
1232 1556 1378 1633 exortis,

158 1649 162 1656 '
193 1677 236 1721 ex
256 1665 359 1757 peste,
382 1674 424 1727 ex
445 1659 582 1726 eeeur'su
604 1646 766 1741 bostium,
789 1677 867 1722 non
883 1634 984 1734 facile
1009 1659 1133 1720 narrari
1142 1665 1291 1741 potest.
1341 1657 1378 1722 Si

56 1842 61 1850 .
192 1764 247 1826 oui
255 1771 389 1824 tamen
396 1749 503 1845 placet
522 1759 570 1824 de
584 1761 645 1826 bis
657 1757 789 1846 legere,
821 1761 967 1838 videet
958 1781 992 1826 ur
1004 1732 1187 1835 biiu'e'enlio
1206 1761 1395 1830 Bellova-
1440 1809 1441 1832 ι

194 1867 287 1932 censi
317 1867 350 1930 in
380 1865 522 1949 Speculo
560 1867 686 1931 Hister.
718 1869 790 1930 bib.
823 1869 876 1940 ae.
901 1865 981 1950 Cap.
1008 1867 1074 1949 92„
1110 1872 1145 1929 et
1174 1867 1209 1928 iu
1245 1865 1374 1930 Cimon.

193 1974 272 2040 Ant.
307 1971 354 2036 tit.
391 1971 440 2035 16.
470 1980 550 2054 part.
581 1972 622 2032 ll.
655 1964 683 2033 c'.
713 1963 775 2053 ta,
809 1980 857 2039 et.
879 1972 912 2033 in
935 1967 1105 2040 Fortalitio
1126 1967 1211 2034 balei
1240 1971 1285 2033 de
1319 1971 1371 2034 97.

192 2079 278 2144 bello
300 2076 555 2142 Christianorum
577 2093 648 2139 cum
671 2075 880 2159 Saracenis,
905 2086 938 2154 et
960 2079 993 2138 iu
1016 2075 1137 2150 (ibren
1158 2076 1297 2138 Martio.
1332 2075 1372 2138 de
1440 2113 1441 2116 =

58 2197 62 2206 '
107 2165 109 2168 ’
194 2185 348 2247 Heinric'o
372 2184 404 2248 a
429 2180 1030 2302 etinNiudebyrasuperApee.
1061 2179 1215 2263 Capiti
1243 2190 1280 2243 et
1313 2200 1370 2243 se-

195 2289 377 2372 quentibns

277 2389 458 2453 'l'olerabile
490 2399 596 2452 autem
620 2390 747 2472 inisset,
768 2393 798 2454 ai
819 2389 905 2473 quod
927 2391 1017 2472 passi
1037 2391 1172 2452 fuissent
1185 2387 1366 2451 Christiani

195 2495 267 2558 ab'
257 2495 396 2558 mimicis
417 2503 449 2556 et
471 2494 512 2555 ab
533 2493 734 2576 infidelibus,
765 2494 826 2557 sed
848 2494 942 2575 mala,
975 2513 1062 2577 quae
1082 2495 1246 2575 sibiipsis
1279 2495 1365 2555 iufe-

196 2599 319 2681 rebant,
354 2607 386 2659 et
408 2596 639 2678 impedimenta
657 2599 857 2681 ngaromm
879 2607 911 2660 et
932 2596 1145 2680 Graecorum,
1168 2605 1203 2659 et
1223 2604 1361 2679 stragas,

107 2713 113 2723 '
195 2719 278 2787 quqs
297 2701 330 2766 iu
352 2701 524 2766 bellatores
544 2702 724 2785 iaciebant,
752 2703 832 2766 dura
857 2705 952 2766 nimis
975 2712 1008 2764 et
1027 2702 1240 2765 intolerabilia
1261 2710 1359 2764 eraut.

194 2807 292 2892 Nam,
314 2817 350 2872 ut
370 2808 411 2871 de
432 2807 543 2872 multis
564 2826 660 2870 unum
684 2807 831 2891 referam,
851 2816 920 2870 erat
940 2806 1070 2891 quidam
1093 2805 1246 2870 sacerdos
1267 2807 1359 2868 theu-

196 2914 341 2996 tonicnr,
376 2914 504 2977 nomine
533 2910 780 2993 Gondeealcus,
811 2913 863 2975 vir
883 2913 976 2976 fortis
998 2922 1030 2974 et
1060 2897 1175 2994 andex,
1197 2913 1299 2994 megia
1318 2910 1359 2973 ad
1440 2959 1441 2962 ι

196 3018 416 3101 proeliandum
451 3036 547 3102 quam
579 3016 621 3079 ad
654 3015 881 3080 celebrandum
904 3009 1116 3098 disposituri.
1134 3017 1188 3080 bic
1218 3035 1262 3078 ex
1278 3015 1358 3077 Ale-

196 3126 326 3187 mannia
349 3123 391 3185 de
418 3123 514 3205 plebe
537 3122 667 3204 collegit
689 3123 864 3185 exereitum
888 3121 1072 3204 quindecim
1094 3121 1226 3183 millium
1256 3137 1357 3182 arma-

197 3235 311 3304 torum,
335 3228 401 3308 qui,
431 3245 502 3289 eum
536 3228 569 3289 in
582 3219 760 3308 Ungariam
794 3228 988 3306 venisseut,
1021 3235 1053 3288 et
1085 3224 1242 3308 quasdam
1266 3224 1355 3286 villas

197 3338 327 3413 propter
348 3347 427 3391 suas
448 3334 667 3394 necessitates
686 3331 783 3393 rebus
805 3333 1011 3414 spoliassent,
1037 3331 1241 3394 consurrexit
1253 3337 1354 3390 contra

197 3450 256 3498 ecs
278 3429 336 3496 rex
356 3434 545 3519 ilungariae
565 3445 598 3498 et
632 3437 894 3500 immanissimam
915 3445 1055 3518 stragem
1076 3438 1110 3498 in
1132 3451 1190 3498 eos
1209 3433 1352 3514 exercuit,

198 3555 262 3600 non
285 3537 488 3623 distinguens
509 3541 592 3602 inter
612 3540 802 3604 innoeentes
832 3551 864 3604 et
894 3543 1025 3624 noxios,
1058 3548 1091 3602 et
1122 3541 1168 3602 ita
1187 3539 1351 3601 exercitum

198 3641 286 3706 illum
308 3647 471 3728 contrivit,
503 3642 590 3729 qued
615 3663 681 3707 uon
709 3665 794 3709 uuus
816 3648 910 3710 homo
938 3645 1072 3707 intravit
1098 3644 1138 3706 ad
1166 3644 1350 3726 propositum

199 3756 374 3832 certamen,
397 3752 491 3832 pauei
504 3759 622 3833 autem,
644 3749 699 3832 qui
710 3746 851 3830 gladium
862 3747 1063 3832 ngaromm
1087 3756 1268 3831 cumomni,
1287 3763 1350 3810 eum

200 3851 310 3924 delore
329 3854 363 3915 in
384 3853 610 3920 Alemanniam
642 3852 768 3916 reversi
790 3860 874 3914 sunt.
923 3851 1071 3931 Quantas
1100 3853 1235 3935 injurias
1259 3853 1351 3933 impe·

101 4012 108 4024 ,
198 3964 286 4020 rator
301 3955 872 4042 ¹constantinopolitanuspopuloliei
890 3957 1045 4040 intulerit,
1066 3957 1164 4040 longa
1186 3955 1351 4018 narratione

197 4061 256 4124 vix
274 4068 388 4143 posset
414 4061 560 4141 exprimi.
615 4058 760 4142 Contigit
781 4059 976 4125 Christianis
1012 4063 1045 4124 in
1074 4060 1136 4125 hae
1162 4058 1350 4143 expeditione

197 4163 285 4226 sieut
305 4163 462 4226 Romanis
483 4163 558 4226 olim
578 4165 611 4228 in
634 4164 841 4247 expeditione
863 4163 1112 4249 Carthaginensi
1122 4210 1133 4249 ,
1154 4166 1209 4250 qui
1230 4167 1349 4228 maximo

197 4264 333 4331 collecto
355 4265 554 4330 exercituin
579 4268 726 4331 Africam
747 4269 884 4350 proiecti
906 4279 982 4334 aunt
1003 4279 1116 4334 eontra
1138 4269 1347 4352 Carthaginem
