2962 5022
767 377 832 446 476

218 571 380 638 exivimus
399 566 433 628 in
455 563 580 630 hemum
602 564 799 646 monasterii,
812 563 868 648 qni
887 569 975 626 certo
996 567 1108 625 contra
1123 568 1270 633 naturam
1293 565 1380 626 eremi

218 675 331 740 mirum
355 673 390 734 in
411 668 538 732 modum
552 670 654 751 niret,
676 671 767 732 lloret
789 677 821 730 et
842 668 1011 750 germinat,
1033 654 1218 750 producens
1237 685 1381 748 proceras

219 779 352 843 arbores
373 773 557 836 fructiferas
579 783 610 837 et
633 773 721 837 olera
742 772 947 855 pulmonum,
968 772 1087 833 herbas
1110 779 1142 832 et
1162 773 1320 852 gramina.
1353 775 1381 832 ln

219 900 259 946 eo
279 879 421 943 vidimus
441 876 526 940 ultra
547 879 608 940 tria
628 877 728 942 millia
755 880 888 939 arbores
910 875 1082 957 olivarnm,
1104 874 1263 938 ficulneas
1286 875 1382 957 plures

220 995 253 1049 et
276 985 499 1067 malogranata
517 982 616 1044 multa
638 989 670 1042 ot
691 979 934 1063 amygdalarum
964 979 1096 1042 arbores
1117 997 1310 1044 numerosas
1330 991 1379 1042 eto

218 1090 271 1154 De
292 1089 364 1154 oleo
383 1084 480 1166 hujus
500 1086 583 1150 horti
595 1087 691 1149 habet
706 1094 887 1148 conventus
901 1082 936 1146 S.
949 1083 1145 1146 Catharinae
1164 1083 1380 1146 sufficientiam

220 1194 273 1260 ad.
288 1193 492 1257 nutritionem
514 1189 732 1272 lampadarum
754 1190 915 1252 ecclesiae
936 1197 968 1251 et
992 1207 1050 1270 pro
1072 1189 1210 1271 coquina
1232 1208 1293 1271 pro
1312 1190 1379 1251 cibis

220 1297 420 1364 condiendis.
443 1294 495 1357 Do
508 1296 612 1376 pomis
626 1293 722 1375 hujus
737 1295 820 1357 horti
835 1295 964 1356 mittunt
983 1293 1131 1356 monaehi
1147 1293 1289 1376 singuiis
1300 1294 1379 1355 annis

220 1399 364 1467 Saldan'o
379 1400 448 1481 regi
469 1398 613 1480 Aegypti
635 1398 673 1460 ad
689 1398 819 1462 Cairum
841 1399 1032 1482 vasaplona
1051 1417 1109 1480 pro
1126 1416 1262 1458 munere
1283 1406 1315 1458 et
1334 1415 1379 1479 pro

220 1522 432 1588 recompensa
442 1503 700 1565 conservationis
713 1513 745 1566 et
756 1503 898 1566 tuitionis
912 1523 1032 1585 eornm,
1043 1505 1126 1568 sieut
1138 1510 1255 1584 postea
1266 1503 1380 1584 patebit.

219 1611 272 1674 ne
292 1608 433 1672 oleribus
462 1605 534 1688 ejus
556 1614 623 1669 toto
652 1627 737 1671 anno
758 1608 882 1671 habent
905 1609 1098 1671 salutueium
1126 1615 1159 1668 et
1186 1606 1382 1688 pulmentum,

221 1713 262 1776 de
282 1710 481 1794 graminibus
501 1729 559 1792 pro
592 1712 705 1774 bestiis
738 1695 878 1776 ioenumss
921 1713 963 1774 llt
986 1713 1100 1774 mirum
1126 1719 1188 1792 est,
1212 1713 1340 1793 reperiri
1356 1713 1381 1771 in

222 1835 329 1880 eremo
352 1815 449 1876 talem
471 1813 666 1896 paradisum,
689 1817 744 1879 ubi
772 1819 878 1880 omnia
900 1819 1021 1879 urentia
1043 1825 1159 1878 exusta
1188 1815 1270 1878 solis
1299 1815 1382 1877 ardo·

222 1924 321 2003 ribus,
343 1920 464 1984 nullius
486 1918 619 1981 seminis
641 1929 697 1982 aut
719 1921 838 1984 radicis
854 1939 953 1984 arena
972 1921 1094 1983 sterilis
1114 1929 1164 1986 est
1187 1920 1381 2004 productiva3

221 2028 282 2092 sed
305 2024 381 2110 quid
404 2043 468 2088 non
493 2023 660 2087 adinvenit
688 2025 848 2100 industria
878 2020 1041 2089 humana?
1063 2023 1168 2107 Supra
1188 2026 1313 2088 hortum
1334 2025 1382 2086 sub

222 2133 384 2198 radicibus
404 2130 567 2193 amborum
588 2131 741 2191 montium
756 2129 903 2192 foderunt
925 2127 1071 2192 monachi
1085 2129 1193 2191 fontes
1215 2137 1285 2192 tres
1304 2147 1384 2210 mag·
1433 2127 1434 2150 ³

223 2255 284 2301 nos
307 2234 551 2318 aliquantulum·
567 2236 607 2296 ab
637 2235 776 2294 invicem
809 2234 987 2316 distantes,
1008 2235 1042 2295 in
1075 2251 1157 2316 quos
1178 2236 1285 2296 omnis
1314 2250 1386 2316 aqua

223 2351 368 2422 tempore
390 2339 519 2402 hiemali
541 2338 764 2401 dementibus
796 2339 901 2438 fluens
920 2335 1085 2422 ¹recipitur
1107 2346 1140 2400 et
1160 2335 1220 2419 per
1241 2337 1386 2399 dracones

229 2443 271 2505 de
293 2463 357 2507 uno
379 2451 475 2527 puteo
495 2447 528 2504 in
557 2443 651 2504 aliurn
685 2443 911 2505 transmittitur
936 2442 1042 2504 etde
1071 2442 1183 2504 ultimo
1209 2442 1245 2501 iu
1276 2443 1389 2504 hortun

224 2547 310 2610 sieut
331 2550 514 2632 aquaviva
542 2547 681 2610 decurrit
710 2555 741 2608 et
763 2565 822 2628 per
843 2564 913 2610 eam
946 2565 1004 2629 per
1037 2547 1159 2609 fossata
1182 2545 1346 2609 derivatur
1365 2557 1391 2606 et

224 2649 281 2711 illa
302 2649 456 2731 frequens
477 2653 621 2732 irrigatio
643 2669 798 2733 aquarum
817 2658 939 2712 tantam
963 2650 1190 2734 pinguedinem
1207 2653 1318 2714 arenis
1336 2650 1392 2728 dat,

228 2751 315 2834 quod
336 2755 430 2835 qnasi
452 2762 538 2816 terra
568 2755 714 2838 frugibus
747 2763 822 2836 apta
845 2756 961 2817 humus
991 2756 1090 2817 eremi
1119 2754 1302 2821 fructificat.
1347 2755 1394 2816 Sic

229 2858 326 2918 etiam
341 2855 480 2938 legimus
494 2858 614 2921 iecisse
629 2868 736 2942 patres
752 2859 902 2940 antiquos
917 2857 987 2921 Deo
1009 2860 1042 2920 in
1055 2858 1194 2921 desertis
1206 2861 1395 2935 servientes,

230 2971 264 3025 nt
284 2969 374 3045 patet
395 2966 428 3025 in
451 2962 591 3046 Speculo
613 2966 725 3026 histor.
750 2961 822 3022 nib.
847 2963 898 3029 19.
920 2961 1000 3045 Cap.
1024 2963 1074 3026 14.

308 3069 347 3129 ln
370 3068 462 3130 horto
484 3068 539 3131 illo
562 3076 636 3130 sutri
661 3066 781 3128 multae
813 3085 910 3148 rupes
936 3067 976 3129 de
1002 3076 1087 3129 terra
1118 3075 1354 3129 excrescentes
1372 3075 1397 3124 et
1432 3107 1434 3180 4

46 3209 47 3228 t
99 3225 101 3232 ,
226 3171 351 3253 scopuli
373 3179 407 3232 et
427 3171 548 3254 petrae,
564 3173 623 3233 sub
647 3173 765 3253 quibus
786 3181 862 3234 sunt
881 3189 1050 3252 cavernae,
1079 3173 1282 3253 antiquorum
1307 3187 1399 3232 sana-

228 3275 497 3358 torumoollulae‚
519 3285 553 3338 et
575 3276 784 3358 perlongum
815 3276 912 3339 vallis
934 3275 1073 3356 spatium
1095 3274 1187 3337 durat
1206 3275 1273 3339 boc
1295 3275 1400 3338 deleo·

227 3378 326 3441 labile
342 3380 526 3460 viridarium
555 3380 716 3461 habetque
731 3381 764 3439 in
781 3379 981 3464 longitndine
997 3377 1095 3440 urium
1111 3379 1248 3441 milliare
1263 3380 1400 3443 italica·

227 3481 259 3541 in
281 3481 449 3544 latitudine
461 3503 550 3566 vero,
567 3493 718 3567 quantum
737 3484 831 3545 homo
846 3484 896 3544 bis
918 3491 1028 3565 potest
1038 3483 1148 3565 jacere
1170 3483 1291 3564 lapide.
1319 3482 1401 3545 (lott-

226 3587 442 3667 querebantur
461 3597 568 3650 autem
589 3588 684 3650 nobis
703 3589 831 3670 fratres,
847 3586 933 3670 quod
954 3569 1014 3649 illo'
1027 3605 1112 3650 anno
1133 3606 1198 3650 non
1211 3587 1405 3652 habuissent

224 3689 378 3773 pluviam,
406 3701 438 3754 et
460 3710 533 3754 oum
548 3709 665 3774 magna
688 3693 843 3774 parcitate
862 3709 978 3773 aquam
1001 3692 1119 3754 hubent
1139 3692 1177 3756 in
1194 3691 1332 3760 hortum
1356 3691 1407 3754 do·

226 3796 344 3875 rivere,
373 3796 435 3858 nisi
458 3796 541 3860 enim
566 3795 698 3858 cottidie
718 3797 877 3878 irrigetur,
891 3783 974 3859 ¹mox
995 3798 1102 3858 omnia
1132 3803 1311 3878 arescunt3
1338 3813 1410 3860 cou-

46 3963 47 3970 ¹
225 3899 444 3982 querebantur
482 3901 589 3982 etiarn,
618 3890 703 3982 quod
738 3902 802 3963 iam
834 3900 995 3982 aliquibus
1025 3901 1118 3962 aratris
1150 3900 1305 3962 locustae
1346 3903 1411 3963 siaa

46 3999 47 4030 l
134 4037 135 4041 =
224 4022 358 4067 numero
382 4001 574 4068 advolantes
596 4008 629 4066 in
651 4005 798 4066 arborum
818 4003 1011 4067 'floritionem
1030 4005 1112 4067 etin
1133 4005 1262 4068 hortum
1292 4006 1415 4068 eadunt

227 4115 393 4189 totamque
417 4107 620 4190 superficiem
643 4109 789 4196 operiunt
818 4116 850 4170 et
877 4127 1002 4172 omnem
1035 4110 1173 4173 virorem
1202 4117 1418 4173 consumunt.

225 4211 322 4274 florea
344 4219 375 4272 et
398 4211 474 4272 folia
514 4213 886 4296 corticesquearborum
909 4211 1025 4276 rodunt
1048 4222 1080 4274 et
1102 4229 1235 4276 corrosa
1256 4221 1420 4278 arescunt

227 4321 261 4370 et
282 4314 482 4376 intolerabile
505 4315 653 4378 damnum
676 4317 825 4380 inierunt.
855 4316 1031 4400 Perspecto
1052 4319 1151 4400 igitur
1166 4317 1264 4380 horto
1287 4315 1421 4382 revers

225 4421 337 4468 sumus
358 4413 391 4498 in
414 4418 644 4478 monasterium
679 4427 711 4480 et
736 4420 780 4482 ibi
798 4421 956 4484 asinarios
976 4423 1250 4506 exspectavimus.
