<?xml version="1.0" encoding="UTF-8"?>
<!DOCTYPE html PUBLIC "-//W3C//DTD XHTML 1.0 Transitional//EN"
    "http://www.w3.org/TR/xhtml1/DTD/xhtml1-transitional.dtd">
<html xmlns="http://www.w3.org/1999/xhtml" xml:lang="en" lang="en">
 <head>
  <title>
</title>
<meta http-equiv="Content-Type" content="text/html;charset=utf-8" />
  <meta name='ocr-system' content='tesseract 3.04.00' />
  <meta name='ocr-capabilities' content='ocr_page ocr_carea ocr_par ocr_line ocrx_word'/>
</head>
<body>
  <div class='ocr_page' id='page_1' title='image "./fratrisfelicisf02fabrgoog_0415.png"; bbox 0 0 3030 4864; ppageno 0'>
   <div class='ocr_carea' id='block_1_1' title="bbox 100 404 1432 1954">
    <p class='ocr_par' dir='ltr' id='par_1_1' title="bbox 160 404 1432 804">
     <span class='ocr_line' id='line_1_1' title="bbox 240 404 1333 477; baseline 0.005 -6"><span class='ocrx_word' id='word_1_1' title='bbox 240 407 375 475; x_wconf 79' lang='lat' dir='ltr'>Decime</span> <span class='ocrx_word' id='word_1_2' title='bbox 395 409 511 470; x_wconf 79' lang='lat' dir='ltr'>oetam</span> <span class='ocrx_word' id='word_1_3' title='bbox 526 404 691 472; x_wconf 81' lang='lat' dir='ltr'>desertum</span> <span class='ocrx_word' id='word_1_4' title='bbox 708 414 761 469; x_wconf 82' lang='lat' dir='ltr'>ast</span> <span class='ocrx_word' id='word_1_5' title='bbox 780 404 873 470; x_wconf 85' lang='lat' dir='ltr'>locus</span> <span class='ocrx_word' id='word_1_6' title='bbox 899 425 1038 473; x_wconf 82' lang='lat' dir='ltr'>manuae</span> <span class='ocrx_word' id='word_1_7' title='bbox 1054 418 1088 474; x_wconf 86' lang='lat' dir='ltr'>ot</span> <span class='ocrx_word' id='word_1_8' title='bbox 1104 407 1235 476; x_wconf 85' lang='lat' dir='ltr'>divinae</span> <span class='ocrx_word' id='word_1_9' title='bbox 1251 429 1333 477; x_wconf 89' lang='lat' dir='ltr'>con-</span> 
     </span>
     <span class='ocr_line' id='line_1_2' title="bbox 160 499 1334 599; baseline 0.002 -23"><span class='ocrx_word' id='word_1_10' title='bbox 160 499 348 593; x_wconf 80' lang='lat' dir='ltr'>solationis3</span> <span class='ocrx_word' id='word_1_11' title='bbox 374 510 540 574; x_wconf 82' lang='lat' dir='ltr'>Psalmns:</span> <span class='ocrx_word' id='word_1_12' title='bbox 572 509 659 576; x_wconf 82' lang='lat' dir='ltr'>l‘lnlt</span> <span class='ocrx_word' id='word_1_13' title='bbox 685 510 751 574; x_wconf 90' lang='lat' dir='ltr'>illis</span> <span class='ocrx_word' id='word_1_14' title='bbox 776 529 895 576; x_wconf 85' lang='lat' dir='ltr'>manna</span> <span class='ocrx_word' id='word_1_15' title='bbox 918 514 959 577; x_wconf 82' lang='lat' dir='ltr'>ad</span> <span class='ocrx_word' id='word_1_16' title='bbox 994 514 1269 599; x_wconf 62' lang='lat' dir='ltr'>manducandum</span> <span class='ocrx_word' id='word_1_17' title='bbox 1299 521 1334 580; x_wconf 86' lang='lat' dir='ltr'>et</span> 
     </span>
     <span class='ocr_line' id='line_1_3' title="bbox 160 614 1334 704; baseline 0.002 -22"><span class='ocrx_word' id='word_1_18' title='bbox 160 616 265 682; x_wconf 75' lang='lat' dir='ltr'>Elxudi</span> <span class='ocrx_word' id='word_1_19' title='bbox 288 615 381 680; x_wconf 82' lang='lat' dir='ltr'>xvi.</span> <span class='ocrx_word' id='word_1_20' title='bbox 422 616 464 678; x_wconf 76' lang='lat' dir='ltr'>dit</span> <span class='ocrx_word' id='word_1_21' title='bbox 484 614 579 682; x_wconf 87' lang='lat' dir='ltr'>hodie</span> <span class='ocrx_word' id='word_1_22' title='bbox 600 634 654 679; x_wconf 91' lang='lat' dir='ltr'>ros</span> <span class='ocrx_word' id='word_1_23' title='bbox 672 615 798 704; x_wconf 88' lang='lat' dir='ltr'>cadens</span> <span class='ocrx_word' id='word_1_24' title='bbox 823 635 882 699; x_wconf 87' lang='lat' dir='ltr'>per</span> <span class='ocrx_word' id='word_1_25' title='bbox 902 619 1068 682; x_wconf 87' lang='lat' dir='ltr'>circuitum</span> <span class='ocrx_word' id='word_1_26' title='bbox 1090 622 1208 684; x_wconf 89' lang='lat' dir='ltr'>montis</span> <span class='ocrx_word' id='word_1_27' title='bbox 1229 621 1334 704; x_wconf 86' lang='lat' dir='ltr'>Syuui</span> 
     </span>
     <span class='ocr_line' id='line_1_4' title="bbox 161 707 1432 804; baseline 0.002 -19"><span class='ocrx_word' id='word_1_28' title='bbox 161 729 213 786; x_wconf 82' lang='lat' dir='ltr'>eat</span> <span class='ocrx_word' id='word_1_29' title='bbox 235 738 352 784; x_wconf 86' lang='lat' dir='ltr'>manna</span> <span class='ocrx_word' id='word_1_30' title='bbox 365 718 596 803; x_wconf 83' lang='lat' dir='ltr'>dulcissimum,</span> <span class='ocrx_word' id='word_1_31' title='bbox 611 719 652 784; x_wconf 87' lang='lat' dir='ltr'>de</span> <span class='ocrx_word' id='word_1_32' title='bbox 674 739 737 804; x_wconf 90' lang='lat' dir='ltr'>quo</span> <span class='ocrx_word' id='word_1_33' title='bbox 755 739 817 803; x_wconf 82' lang='lat' dir='ltr'>ego</span> <span class='ocrx_word' id='word_1_34' title='bbox 838 723 970 786; x_wconf 88' lang='lat' dir='ltr'>multum</span> <span class='ocrx_word' id='word_1_35' title='bbox 988 723 1056 787; x_wconf 92' lang='lat' dir='ltr'>vidi</span> <span class='ocrx_word' id='word_1_36' title='bbox 1076 732 1108 786; x_wconf 89' lang='lat' dir='ltr'>et</span> <span class='ocrx_word' id='word_1_37' title='bbox 1127 724 1330 793; x_wconf 84' lang='lat' dir='ltr'>manducavi.</span> <span class='ocrx_word' id='word_1_38' title='bbox 1428 707 1432 716; x_wconf 36' lang='lat'>⁸</span> 
     </span>
    </p>

    <p class='ocr_par' dir='ltr' id='par_1_2' title="bbox 100 806 1334 1120">
     <span class='ocr_line' id='line_1_5' title="bbox 245 806 1334 912; baseline 0.006 -24"><span class='ocrx_word' id='word_1_39' title='bbox 245 827 379 890; x_wconf 82' lang='lat' dir='ltr'>Decimo</span> <span class='ocrx_word' id='word_1_40' title='bbox 412 806 504 891; x_wconf 38' lang='lat' dir='ltr'>‘arcuo</span> <span class='ocrx_word' id='word_1_41' title='bbox 538 817 700 889; x_wconf 76' lang='lat' dir='ltr'>desertum</span> <span class='ocrx_word' id='word_1_42' title='bbox 730 834 781 888; x_wconf 89' lang='lat' dir='ltr'>est</span> <span class='ocrx_word' id='word_1_43' title='bbox 810 825 901 892; x_wconf 85' lang='lat' dir='ltr'>locus</span> <span class='ocrx_word' id='word_1_44' title='bbox 929 830 1148 910; x_wconf 79' lang='lat' dir='ltr'>poenitentiae</span> <span class='ocrx_word' id='word_1_45' title='bbox 1176 838 1209 892; x_wconf 90' lang='lat' dir='ltr'>et</span> <span class='ocrx_word' id='word_1_46' title='bbox 1236 831 1334 912; x_wconf 80' lang='lat' dir='ltr'>fugae</span> 
     </span>
     <span class='ocr_line' id='line_1_6' title="bbox 160 931 1334 1012; baseline 0.002 -16"><span class='ocrx_word' id='word_1_47' title='bbox 160 931 292 996; x_wconf 80' lang='lat' dir='ltr'>saeculi.</span> <span class='ocrx_word' id='word_1_48' title='bbox 341 931 399 996; x_wconf 82' lang='lat' dir='ltr'>Sic</span> <span class='ocrx_word' id='word_1_49' title='bbox 434 933 539 997; x_wconf 67' lang='lat' dir='ltr'>aucti</span> <span class='ocrx_word' id='word_1_50' title='bbox 576 940 686 1012; x_wconf 86' lang='lat' dir='ltr'>patres</span> <span class='ocrx_word' id='word_1_51' title='bbox 715 933 880 1012; x_wconf 86' lang='lat' dir='ltr'>poenitere</span> <span class='ocrx_word' id='word_1_52' title='bbox 909 931 1059 998; x_wconf 84' lang='lat' dir='ltr'>volentes</span> <span class='ocrx_word' id='word_1_53' title='bbox 1086 931 1250 998; x_wconf 87' lang='lat' dir='ltr'>desertum</span> <span class='ocrx_word' id='word_1_54' title='bbox 1278 936 1334 998; x_wconf 91' lang='lat' dir='ltr'>in·</span> 
     </span>
     <span class='ocr_line' id='line_1_7' title="bbox 100 1025 760 1120; baseline -0.003 -20"><span class='ocrx_word' id='word_1_55' title='bbox 100 1075 110 1084; x_wconf 90' lang='lat'>-</span> <span class='ocrx_word' id='word_1_56' title='bbox 161 1027 337 1113; x_wconf 68' lang='lat' dir='ltr'>taverunt,</span> <span class='ocrx_word' id='word_1_57' title='bbox 360 1035 576 1120; x_wconf 86' lang='lat' dir='ltr'>mundumque</span> <span class='ocrx_word' id='word_1_58' title='bbox 599 1025 760 1118; x_wconf 80' lang='lat' dir='ltr'>ingerunt.</span> 
     </span>
    </p>

    <p class='ocr_par' dir='ltr' id='par_1_3' title="bbox 143 1127 1339 1954">
     <span class='ocr_line' id='line_1_8' title="bbox 167 1127 1334 1227; baseline 0.002 -23"><span class='ocrx_word' id='word_1_59' title='bbox 167 1177 172 1190; x_wconf 88' lang='lat'><strong>·</strong></span> <span class='ocrx_word' id='word_1_60' title='bbox 244 1141 411 1206; x_wconf 85' lang='lat' dir='ltr'>vicesimo</span> <span class='ocrx_word' id='word_1_61' title='bbox 441 1158 568 1204; x_wconf 86' lang='lat' dir='ltr'>eremus</span> <span class='ocrx_word' id='word_1_62' title='bbox 595 1141 651 1203; x_wconf 88' lang='lat' dir='ltr'>ille</span> <span class='ocrx_word' id='word_1_63' title='bbox 678 1127 850 1204; x_wconf 67' lang='lat' dir='ltr'>est5locns</span> <span class='ocrx_word' id='word_1_64' title='bbox 871 1141 1051 1208; x_wconf 88' lang='lat' dir='ltr'>devotionis</span> <span class='ocrx_word' id='word_1_65' title='bbox 1079 1153 1112 1208; x_wconf 83' lang='lat' dir='ltr'>ot</span> <span class='ocrx_word' id='word_1_66' title='bbox 1133 1143 1334 1227; x_wconf 88' lang='lat' dir='ltr'>contempla-</span> 
     </span>
     <span class='ocr_line' id='line_1_9' title="bbox 164 1245 1334 1333; baseline -0.001 -22"><span class='ocrx_word' id='word_1_67' title='bbox 164 1247 271 1311; x_wconf 86' lang='lat' dir='ltr'>tionis.</span> <span class='ocrx_word' id='word_1_68' title='bbox 299 1245 395 1310; x_wconf 88' lang='lat' dir='ltr'>Unde</span> <span class='ocrx_word' id='word_1_69' title='bbox 416 1245 582 1309; x_wconf 82' lang='lat' dir='ltr'>Psalmns:</span> <span class='ocrx_word' id='word_1_70' title='bbox 607 1247 644 1307; x_wconf 87' lang='lat' dir='ltr'>ln</span> <span class='ocrx_word' id='word_1_71' title='bbox 666 1253 751 1306; x_wconf 87' lang='lat' dir='ltr'>terra</span> <span class='ocrx_word' id='word_1_72' title='bbox 774 1245 911 1328; x_wconf 82' lang='lat' dir='ltr'>deserta,</span> <span class='ocrx_word' id='word_1_73' title='bbox 934 1251 1023 1311; x_wconf 84' lang='lat' dir='ltr'>invia</span> <span class='ocrx_word' id='word_1_74' title='bbox 1044 1258 1076 1311; x_wconf 86' lang='lat' dir='ltr'>et</span> <span class='ocrx_word' id='word_1_75' title='bbox 1096 1251 1263 1333; x_wconf 86' lang='lat' dir='ltr'>inaquosa,</span> <span class='ocrx_word' id='word_1_76' title='bbox 1285 1248 1334 1312; x_wconf 91' lang='lat' dir='ltr'>sic</span> 
     </span>
     <span class='ocr_line' id='line_1_10' title="bbox 162 1349 1334 1436; baseline 0.001 -21"><span class='ocrx_word' id='word_1_77' title='bbox 162 1356 197 1415; x_wconf 92' lang='lat' dir='ltr'>iu</span> <span class='ocrx_word' id='word_1_78' title='bbox 225 1359 341 1414; x_wconf 80' lang='lat' dir='ltr'>sancto</span> <span class='ocrx_word' id='word_1_79' title='bbox 370 1352 503 1432; x_wconf 79' lang='lat' dir='ltr'>apparui</span> <span class='ocrx_word' id='word_1_80' title='bbox 536 1349 592 1411; x_wconf 85' lang='lat' dir='ltr'>tibi</span> <span class='ocrx_word' id='word_1_81' title='bbox 614 1357 675 1412; x_wconf 88' lang='lat' dir='ltr'>etc.</span> <span class='ocrx_word' id='word_1_82' title='bbox 708 1349 750 1409; x_wconf 81' lang='lat' dir='ltr'>Et</span> <span class='ocrx_word' id='word_1_83' title='bbox 771 1351 903 1411; x_wconf 84' lang='lat' dir='ltr'>iterum:</span> <span class='ocrx_word' id='word_1_84' title='bbox 926 1351 1014 1434; x_wconf 85' lang='lat' dir='ltr'>Dixi,</span> <span class='ocrx_word' id='word_1_85' title='bbox 1046 1355 1119 1436; x_wconf 87' lang='lat' dir='ltr'>quis</span> <span class='ocrx_word' id='word_1_86' title='bbox 1150 1355 1237 1418; x_wconf 89' lang='lat' dir='ltr'>dabit</span> <span class='ocrx_word' id='word_1_87' title='bbox 1257 1354 1334 1417; x_wconf 88' lang='lat' dir='ltr'>milri</span> 
     </span>
     <span class='ocr_line' id='line_1_11' title="bbox 143 1450 1336 1542; baseline -0.001 -21"><span class='ocrx_word' id='word_1_88' title='bbox 143 1450 284 1522; x_wconf 80' lang='lat' dir='ltr'>-ssuua&#39;s</span> <span class='ocrx_word' id='word_1_89' title='bbox 304 1457 388 1517; x_wconf 89' lang='lat' dir='ltr'>sicut</span> <span class='ocrx_word' id='word_1_90' title='bbox 409 1453 567 1532; x_wconf 79' lang='lat' dir='ltr'>columba,</span> <span class='ocrx_word' id='word_1_91' title='bbox 589 1459 623 1514; x_wconf 86' lang='lat' dir='ltr'>et</span> <span class='ocrx_word' id='word_1_92' title='bbox 638 1452 755 1520; x_wconf 79' lang='lat' dir='ltr'><strong>volabo</strong></span> <span class='ocrx_word' id='word_1_93' title='bbox 773 1463 804 1516; x_wconf 88' lang='lat' dir='ltr'>et</span> <span class='ocrx_word' id='word_1_94' title='bbox 822 1453 1032 1535; x_wconf 82' lang='lat' dir='ltr'>requiescam.</span> <span class='ocrx_word' id='word_1_95' title='bbox 1062 1459 1160 1541; x_wconf 83' lang='lat' dir='ltr'>licea,</span> <span class='ocrx_word' id='word_1_96' title='bbox 1182 1459 1336 1542; x_wconf 80' lang='lat' dir='ltr'>elongavi</span> 
     </span>
     <span class='ocr_line' id='line_1_12' title="bbox 164 1541 1331 1644; baseline 0.003 -22"><span class='ocrx_word' id='word_1_97' title='bbox 164 1561 292 1644; x_wconf 78' lang='lat' dir='ltr'>lugiens</span> <span class='ocrx_word' id='word_1_98' title='bbox 312 1568 343 1620; x_wconf 85' lang='lat' dir='ltr'>st</span> <span class='ocrx_word' id='word_1_99' title='bbox 355 1559 459 1619; x_wconf 79' lang='lat' dir='ltr'>marrsl</span> <span class='ocrx_word' id='word_1_100' title='bbox 480 1559 514 1618; x_wconf 92' lang='lat' dir='ltr'>ln</span> <span class='ocrx_word' id='word_1_101' title='bbox 532 1555 715 1639; x_wconf 75' lang='lat' dir='ltr'>solitudine,</span> <span class='ocrx_word' id='word_1_102' title='bbox 729 1541 958 1640; x_wconf 76' lang='lat' dir='ltr'>exspectabam</span> <span class='ocrx_word' id='word_1_103' title='bbox 972 1578 1043 1622; x_wconf 88' lang='lat' dir='ltr'>eum</span> <span class='ocrx_word' id='word_1_104' title='bbox 1057 1571 1120 1624; x_wconf 87' lang='lat' dir='ltr'>etc.</span> <span class='ocrx_word' id='word_1_105' title='bbox 1142 1561 1185 1624; x_wconf 74' lang='lat' dir='ltr'>Et</span> <span class='ocrx_word' id='word_1_106' title='bbox 1207 1571 1331 1626; x_wconf 86' lang='lat' dir='ltr'>tantum</span> 
     </span>
     <span class='ocr_line' id='line_1_13' title="bbox 164 1659 1339 1749; baseline -0.001 -20"><span class='ocrx_word' id='word_1_107' title='bbox 164 1666 287 1729; x_wconf 81' lang='lat' dir='ltr'>dixisse</span> <span class='ocrx_word' id='word_1_108' title='bbox 306 1660 447 1724; x_wconf 83' lang='lat' dir='ltr'>sullieiat</span> <span class='ocrx_word' id='word_1_109' title='bbox 464 1659 505 1722; x_wconf 89' lang='lat' dir='ltr'>de</span> <span class='ocrx_word' id='word_1_110' title='bbox 525 1659 708 1724; x_wconf 75' lang='lat' dir='ltr'>solitudinis</span> <span class='ocrx_word' id='word_1_111' title='bbox 723 1663 951 1735; x_wconf 83' lang='lat' dir='ltr'>notificatione.</span> <span class='ocrx_word' id='word_1_112' title='bbox 983 1668 1020 1728; x_wconf 94' lang='lat' dir='ltr'>ln</span> <span class='ocrx_word' id='word_1_113' title='bbox 1041 1666 1251 1749; x_wconf 87' lang='lat' dir='ltr'>sequentibus</span> <span class='ocrx_word' id='word_1_114' title='bbox 1271 1685 1339 1728; x_wconf 86' lang='lat' dir='ltr'>ex-·</span> 
     </span>
     <span class='ocr_line' id='line_1_14' title="bbox 164 1764 1335 1849; baseline 0.004 -23"><span class='ocrx_word' id='word_1_115' title='bbox 164 1764 321 1849; x_wconf 81' lang='lat' dir='ltr'>parientia</span> <span class='ocrx_word' id='word_1_116' title='bbox 342 1765 447 1829; x_wconf 88' lang='lat' dir='ltr'>adhuc</span> <span class='ocrx_word' id='word_1_117' title='bbox 468 1765 532 1827; x_wconf 91' lang='lat' dir='ltr'>alla</span> <span class='ocrx_word' id='word_1_118' title='bbox 553 1765 691 1828; x_wconf 79' lang='lat' dir='ltr'>docebit·</span> <span class='ocrx_word' id='word_1_119' title='bbox 728 1767 816 1832; x_wconf 88' lang='lat' dir='ltr'>Vide</span> <span class='ocrx_word' id='word_1_120' title='bbox 836 1769 932 1833; x_wconf 77' lang='lat' dir='ltr'>edam</span> <span class='ocrx_word' id='word_1_121' title='bbox 955 1770 995 1835; x_wconf 88' lang='lat' dir='ltr'>de</span> <span class='ocrx_word' id='word_1_122' title='bbox 1017 1770 1147 1834; x_wconf 85' lang='lat' dir='ltr'>deserto</span> <span class='ocrx_word' id='word_1_123' title='bbox 1167 1771 1229 1834; x_wconf 87' lang='lat' dir='ltr'>hoc</span> <span class='ocrx_word' id='word_1_124' title='bbox 1250 1769 1335 1832; x_wconf 87' lang='lat' dir='ltr'>inira</span> 
     </span>
     <span class='ocr_line' id='line_1_15' title="bbox 165 1870 692 1954; baseline -0.004 -20"><span class='ocrx_word' id='word_1_125' title='bbox 165 1870 220 1934; x_wconf 89' lang='lat' dir='ltr'>iol.</span> <span class='ocrx_word' id='word_1_126' title='bbox 243 1870 313 1935; x_wconf 73' lang='lat' dir='ltr'>tut.</span> <span class='ocrx_word' id='word_1_127' title='bbox 335 1871 371 1934; x_wconf 88' lang='lat' dir='ltr'>B.</span> <span class='ocrx_word' id='word_1_128' title='bbox 395 1879 428 1932; x_wconf 91' lang='lat' dir='ltr'>et</span> <span class='ocrx_word' id='word_1_129' title='bbox 449 1881 692 1954; x_wconf 86' lang='lat' dir='ltr'>consequenter.</span> 
     </span>
    </p>
   </div>
   <div class='ocr_carea' id='block_1_2' title="bbox 252 2017 1254 2224">
    <p class='ocr_par' dir='ltr' id='par_1_4' title="bbox 252 2017 1254 2224">
     <span class='ocr_line' id='line_1_16' title="bbox 252 2017 1254 2104; baseline 0.003 -7"><span class='ocrx_word' id='word_1_130' title='bbox 252 2017 313 2098; x_wconf 86' lang='lat' dir='ltr'>De</span> <span class='ocrx_word' id='word_1_131' title='bbox 339 2021 522 2098; x_wconf 83' lang='lat' dir='ltr'>Arabibns</span> <span class='ocrx_word' id='word_1_132' title='bbox 546 2021 807 2102; x_wconf 83' lang='lat' dir='ltr'>habitatoribus</span> <span class='ocrx_word' id='word_1_133' title='bbox 831 2025 969 2104; x_wconf 80' lang='lat' dir='ltr'>deserti</span> <span class='ocrx_word' id='word_1_134' title='bbox 994 2037 1033 2104; x_wconf 88' lang='lat' dir='ltr'>et</span> <span class='ocrx_word' id='word_1_135' title='bbox 1055 2025 1103 2102; x_wconf 90' lang='lat' dir='ltr'>de</span> <span class='ocrx_word' id='word_1_136' title='bbox 1130 2047 1254 2101; x_wconf 87' lang='lat' dir='ltr'>eorum</span> 
     </span>
     <span class='ocr_line' id='line_1_17' title="bbox 322 2143 1171 2224; baseline 0.004 -6"><span class='ocrx_word' id='word_1_137' title='bbox 322 2143 480 2220; x_wconf 89' lang='lat' dir='ltr'>moribus</span> <span class='ocrx_word' id='word_1_138' title='bbox 503 2155 541 2220; x_wconf 84' lang='lat' dir='ltr'>et</span> <span class='ocrx_word' id='word_1_139' title='bbox 560 2144 770 2222; x_wconf 85' lang='lat' dir='ltr'>insolentiis</span> <span class='ocrx_word' id='word_1_140' title='bbox 795 2157 833 2222; x_wconf 84' lang='lat' dir='ltr'>et</span> <span class='ocrx_word' id='word_1_141' title='bbox 857 2147 1012 2224; x_wconf 82' lang='lat' dir='ltr'>miseriis</span> <span class='ocrx_word' id='word_1_142' title='bbox 1037 2169 1171 2222; x_wconf 89' lang='lat' dir='ltr'>eorum.</span> 
     </span>
    </p>
   </div>
   <div class='ocr_carea' id='block_1_3' title="bbox 246 2283 1335 2370">
    <p class='ocr_par' dir='ltr' id='par_1_5' title="bbox 246 2283 1335 2370">
     <span class='ocr_line' id='line_1_18' title="bbox 246 2283 1335 2370; baseline -0.003 -20"><span class='ocrx_word' id='word_1_143' title='bbox 246 2283 326 2368; x_wconf 70' lang='lat'>(25</span> <span class='ocrx_word' id='word_1_144' title='bbox 335 2289 380 2370; x_wconf 77' lang='lat' dir='ltr'>a)</span> <span class='ocrx_word' id='word_1_145' title='bbox 403 2287 533 2352; x_wconf 85' lang='lat' dir='ltr'>Deserti</span> <span class='ocrx_word' id='word_1_146' title='bbox 561 2287 615 2350; x_wconf 91' lang='lat' dir='ltr'>vel</span> <span class='ocrx_word' id='word_1_147' title='bbox 637 2289 819 2362; x_wconf 78' lang='lat' dir='ltr'>solitudinis</span> <span class='ocrx_word' id='word_1_148' title='bbox 848 2290 1079 2351; x_wconf 87' lang='lat' dir='ltr'>inhabitatores</span> <span class='ocrx_word' id='word_1_149' title='bbox 1100 2297 1176 2350; x_wconf 91' lang='lat' dir='ltr'>snut</span> <span class='ocrx_word' id='word_1_150' title='bbox 1197 2286 1335 2368; x_wconf 85' lang='lat' dir='ltr'>Arabes,</span> 
     </span>
    </p>
   </div>
   <div class='ocr_carea' id='block_1_4' title="bbox 165 2391 1431 2477">
    <p class='ocr_par' dir='ltr' id='par_1_6' title="bbox 165 2391 1431 2477">
     <span class='ocr_line' id='line_1_19' title="bbox 165 2391 1431 2477; baseline -0.001 -25"><span class='ocrx_word' id='word_1_151' title='bbox 165 2391 336 2456; x_wconf 73' lang='lat' dir='ltr'>miserrimi</span> <span class='ocrx_word' id='word_1_152' title='bbox 356 2399 389 2454; x_wconf 86' lang='lat' dir='ltr'>et</span> <span class='ocrx_word' id='word_1_153' title='bbox 418 2392 572 2455; x_wconf 78' lang='lat' dir='ltr'>bestiales</span> <span class='ocrx_word' id='word_1_154' title='bbox 593 2393 754 2476; x_wconf 85' lang='lat' dir='ltr'>homines,</span> <span class='ocrx_word' id='word_1_155' title='bbox 778 2391 1032 2477; x_wconf 87' lang='lat' dir='ltr'>qnos·nonnulli</span> <span class='ocrx_word' id='word_1_156' title='bbox 1059 2392 1240 2455; x_wconf 84' lang='lat' dir='ltr'>ismaelitas</span> <span class='ocrx_word' id='word_1_157' title='bbox 1260 2408 1336 2452; x_wconf 85' lang='lat' dir='ltr'>esse</span> <span class='ocrx_word' id='word_1_158' title='bbox 1429 2411 1431 2414; x_wconf 93' lang='lat'>·</span> 
     </span>
    </p>
   </div>
   <div class='ocr_carea' id='block_1_5' title="bbox 82 2491 1344 4362">
    <p class='ocr_par' dir='ltr' id='par_1_7' title="bbox 82 2491 1344 4362">
     <span class='ocr_line' id='line_1_20' title="bbox 165 2491 1337 2582; baseline -0.003 -24"><span class='ocrx_word' id='word_1_159' title='bbox 165 2491 291 2576; x_wconf 86' lang='lat' dir='ltr'>dicunt,</span> <span class='ocrx_word' id='word_1_160' title='bbox 320 2503 354 2558; x_wconf 88' lang='lat' dir='ltr'>et</span> <span class='ocrx_word' id='word_1_161' title='bbox 373 2495 564 2582; x_wconf 82' lang='lat' dir='ltr'>Agareuos,</span> <span class='ocrx_word' id='word_1_162' title='bbox 592 2499 647 2582; x_wconf 88' lang='lat' dir='ltr'>qui</span> <span class='ocrx_word' id='word_1_163' title='bbox 675 2515 713 2560; x_wconf 88' lang='lat' dir='ltr'>se</span> <span class='ocrx_word' id='word_1_164' title='bbox 740 2498 938 2560; x_wconf 79' lang='lat' dir='ltr'>Sarracenos</span> <span class='ocrx_word' id='word_1_165' title='bbox 967 2495 1140 2560; x_wconf 85' lang='lat' dir='ltr'>nominant.</span> <span class='ocrx_word' id='word_1_166' title='bbox 1184 2493 1251 2555; x_wconf 84' lang='lat' dir='ltr'>Alii</span> <span class='ocrx_word' id='word_1_167' title='bbox 1279 2507 1337 2557; x_wconf 86' lang='lat' dir='ltr'>eos</span> 
     </span>
     <span class='ocr_line' id='line_1_21' title="bbox 164 2597 1335 2685; baseline -0.002 -25"><span class='ocrx_word' id='word_1_168' title='bbox 164 2598 332 2662; x_wconf 89' lang='lat' dir='ltr'>nominant</span> <span class='ocrx_word' id='word_1_169' title='bbox 370 2617 391 2664; x_wconf 86' lang='lat' dir='ltr'>a</span> <span class='ocrx_word' id='word_1_170' title='bbox 430 2603 576 2683; x_wconf 84' lang='lat' dir='ltr'>proxima</span> <span class='ocrx_word' id='word_1_171' title='bbox 614 2603 808 2685; x_wconf 84' lang='lat' dir='ltr'>provincia,</span> <span class='ocrx_word' id='word_1_172' title='bbox 851 2600 997 2664; x_wconf 90' lang='lat' dir='ltr'>dicentes</span> <span class='ocrx_word' id='word_1_173' title='bbox 1035 2615 1094 2662; x_wconf 84' lang='lat' dir='ltr'>eos</span> <span class='ocrx_word' id='word_1_174' title='bbox 1129 2597 1335 2662; x_wconf 82' lang='lat' dir='ltr'>Madianitas.</span> 
     </span>
     <span class='ocr_line' id='line_1_22' title="bbox 164 2698 1338 2792; baseline -0.001 -28"><span class='ocrx_word' id='word_1_175' title='bbox 164 2703 232 2766; x_wconf 83' lang='lat' dir='ltr'>Alii</span> <span class='ocrx_word' id='word_1_176' title='bbox 264 2721 322 2770; x_wconf 81' lang='lat' dir='ltr'>eos</span> <span class='ocrx_word' id='word_1_177' title='bbox 351 2704 516 2771; x_wconf 86' lang='lat' dir='ltr'>Beduinos</span> <span class='ocrx_word' id='word_1_178' title='bbox 550 2707 722 2792; x_wconf 87' lang='lat' dir='ltr'>appellant.</span> <span class='ocrx_word' id='word_1_179' title='bbox 766 2706 833 2768; x_wconf 84' lang='lat' dir='ltr'>Alii</span> <span class='ocrx_word' id='word_1_180' title='bbox 864 2722 922 2769; x_wconf 85' lang='lat' dir='ltr'>eos</span> <span class='ocrx_word' id='word_1_181' title='bbox 957 2703 1096 2787; x_wconf 81' lang='lat' dir='ltr'>Zigarcs</span> <span class='ocrx_word' id='word_1_182' title='bbox 1126 2724 1145 2766; x_wconf 91' lang='lat' dir='ltr'>e</span> <span class='ocrx_word' id='word_1_183' title='bbox 1171 2698 1338 2768; x_wconf 82' lang='lat' dir='ltr'>Chaldaea</span> 
     </span>
     <span class='ocr_line' id='line_1_23' title="bbox 82 2809 1337 2896; baseline 0.006 -32"><span class='ocrx_word' id='word_1_184' title='bbox 82 2851 86 2864; x_wconf 85' lang='grc'><em>,</em></span> <span class='ocrx_word' id='word_1_185' title='bbox 165 2826 312 2871; x_wconf 86' lang='lat' dir='ltr'>emersos</span> <span class='ocrx_word' id='word_1_186' title='bbox 348 2818 485 2894; x_wconf 89' lang='lat' dir='ltr'>vocant,</span> <span class='ocrx_word' id='word_1_187' title='bbox 528 2829 613 2896; x_wconf 86' lang='lat' dir='ltr'>qnae</span> <span class='ocrx_word' id='word_1_188' title='bbox 643 2829 664 2874; x_wconf 86' lang='lat' dir='ltr'>a</span> <span class='ocrx_word' id='word_1_189' title='bbox 696 2812 916 2894; x_wconf 82' lang='lat' dir='ltr'>septentrione</span> <span class='ocrx_word' id='word_1_190' title='bbox 954 2811 1066 2874; x_wconf 82' lang='lat' dir='ltr'>haeret</span> <span class='ocrx_word' id='word_1_191' title='bbox 1099 2809 1259 2892; x_wconf 71' lang='lat' dir='ltr'>Arabiae¹</span> <span class='ocrx_word' id='word_1_192' title='bbox 1277 2809 1337 2872; x_wconf 92' lang='lat' dir='ltr'>de-</span> 
     </span>
     <span class='ocr_line' id='line_1_24' title="bbox 165 2914 1338 3000; baseline 0 -25"><span class='ocrx_word' id='word_1_193' title='bbox 165 2922 272 2978; x_wconf 84' lang='lat' dir='ltr'>sertae</span> <span class='ocrx_word' id='word_1_194' title='bbox 310 2932 457 2998; x_wconf 83' lang='lat' dir='ltr'>maguae.</span> <span class='ocrx_word' id='word_1_195' title='bbox 512 2914 579 2977; x_wconf 80' lang='lat' dir='ltr'>Alii</span> <span class='ocrx_word' id='word_1_196' title='bbox 608 2933 665 2978; x_wconf 89' lang='lat' dir='ltr'>eos</span> <span class='ocrx_word' id='word_1_197' title='bbox 699 2934 742 2978; x_wconf 85' lang='lat' dir='ltr'>ex</span> <span class='ocrx_word' id='word_1_198' title='bbox 777 2915 931 3000; x_wconf 82' lang='lat' dir='ltr'>Aegypto</span> <span class='ocrx_word' id='word_1_199' title='bbox 967 2916 1058 2979; x_wconf 82' lang='lat' dir='ltr'>lusos</span> <span class='ocrx_word' id='word_1_200' title='bbox 1089 2914 1270 2998; x_wconf 84' lang='lat' dir='ltr'>affirmant,</span> <span class='ocrx_word' id='word_1_201' title='bbox 1301 2921 1338 2977; x_wconf 90' lang='lat' dir='ltr'>ut</span> 
     </span>
     <span class='ocr_line' id='line_1_25' title="bbox 164 3017 1339 3103; baseline 0.002 -23"><span class='ocrx_word' id='word_1_202' title='bbox 164 3017 328 3082; x_wconf 85' lang='lat' dir='ltr'>Diodorus</span> <span class='ocrx_word' id='word_1_203' title='bbox 360 3020 447 3084; x_wconf 71' lang='lat' dir='ltr'>[libr.</span> <span class='ocrx_word' id='word_1_204' title='bbox 476 3020 516 3081; x_wconf 86' lang='grc' dir='ltr'>ΙΙ.</span> <span class='ocrx_word' id='word_1_205' title='bbox 552 3027 698 3088; x_wconf 85' lang='lat' dir='ltr'>veterum</span> <span class='ocrx_word' id='word_1_206' title='bbox 727 3020 969 3084; x_wconf 72' lang='lat' dir='ltr'>historiarum..</span> <span class='ocrx_word' id='word_1_207' title='bbox 995 3020 1082 3082; x_wconf 83' lang='lat' dir='ltr'>Dicit</span> <span class='ocrx_word' id='word_1_208' title='bbox 1113 3020 1215 3102; x_wconf 89' lang='lat' dir='ltr'>enim,</span> <span class='ocrx_word' id='word_1_209' title='bbox 1253 3017 1339 3103; x_wconf 88' lang='lat' dir='ltr'>quod</span> 
     </span>
     <span class='ocr_line' id='line_1_26' title="bbox 164 3122 1339 3209; baseline 0.003 -27"><span class='ocrx_word' id='word_1_210' title='bbox 164 3122 371 3208; x_wconf 82' lang='lat' dir='ltr'>Actisanes,</span> <span class='ocrx_word' id='word_1_211' title='bbox 421 3123 477 3209; x_wconf 87' lang='lat' dir='ltr'>qui</span> <span class='ocrx_word' id='word_1_212' title='bbox 510 3124 654 3208; x_wconf 82' lang='lat' dir='ltr'>Aegypti</span> <span class='ocrx_word' id='word_1_213' title='bbox 697 3144 755 3190; x_wconf 85' lang='lat' dir='ltr'>rex</span> <span class='ocrx_word' id='word_1_214' title='bbox 795 3142 921 3190; x_wconf 88' lang='lat' dir='ltr'>summa</span> <span class='ocrx_word' id='word_1_215' title='bbox 971 3126 1133 3209; x_wconf 79' lang='lat' dir='ltr'>aequitate</span> <span class='ocrx_word' id='word_1_216' title='bbox 1175 3125 1339 3208; x_wconf 90' lang='lat' dir='ltr'>imperans</span> 
     </span>
     <span class='ocr_line' id='line_1_27' title="bbox 166 3226 1340 3314; baseline 0.003 -27"><span class='ocrx_word' id='word_1_217' title='bbox 166 3226 333 3290; x_wconf 87' lang='lat' dir='ltr'>latrocinia</span> <span class='ocrx_word' id='word_1_218' title='bbox 354 3247 438 3291; x_wconf 89' lang='lat' dir='ltr'>novo</span> <span class='ocrx_word' id='word_1_219' title='bbox 459 3248 548 3293; x_wconf 88' lang='lat' dir='ltr'>more</span> <span class='ocrx_word' id='word_1_220' title='bbox 569 3231 781 3312; x_wconf 87' lang='lat' dir='ltr'>compescuit,</span> <span class='ocrx_word' id='word_1_221' title='bbox 797 3235 913 3292; x_wconf 81' lang='lat' dir='ltr'>sontes</span> <span class='ocrx_word' id='word_1_222' title='bbox 933 3247 1039 3311; x_wconf 83' lang='lat' dir='ltr'>neque</span> <span class='ocrx_word' id='word_1_223' title='bbox 1061 3235 1162 3291; x_wconf 83' lang='lat' dir='ltr'>morte</span> <span class='ocrx_word' id='word_1_224' title='bbox 1182 3228 1340 3314; x_wconf 89' lang='lat' dir='ltr'>plectens,</span> 
     </span>
     <span class='ocr_line' id='line_1_28' title="bbox 165 3331 1340 3417; baseline 0.005 -27"><span class='ocrx_word' id='word_1_225' title='bbox 165 3348 272 3415; x_wconf 87' lang='lat' dir='ltr'>neque</span> <span class='ocrx_word' id='word_1_226' title='bbox 292 3331 441 3413; x_wconf 88' lang='lat' dir='ltr'>linquens</span> <span class='ocrx_word' id='word_1_227' title='bbox 461 3334 657 3417; x_wconf 88' lang='lat' dir='ltr'>impunitos,</span> <span class='ocrx_word' id='word_1_228' title='bbox 676 3332 764 3395; x_wconf 90' lang='lat' dir='ltr'>unde</span> <span class='ocrx_word' id='word_1_229' title='bbox 791 3333 905 3395; x_wconf 76' lang='lat' dir='ltr'>omnes</span> <span class='ocrx_word' id='word_1_230' title='bbox 933 3351 1007 3396; x_wconf 89' lang='lat' dir='ltr'>reos</span> <span class='ocrx_word' id='word_1_231' title='bbox 1034 3333 1068 3397; x_wconf 92' lang='lat' dir='ltr'>iu</span> <span class='ocrx_word' id='word_1_232' title='bbox 1096 3353 1195 3396; x_wconf 91' lang='lat' dir='ltr'>uuum</span> <span class='ocrx_word' id='word_1_233' title='bbox 1217 3350 1340 3414; x_wconf 83' lang='lat' dir='ltr'>cogens</span> 
     </span>
     <span class='ocr_line' id='line_1_29' title="bbox 165 3434 1341 3524; baseline 0.003 -28"><span class='ocrx_word' id='word_1_234' title='bbox 165 3434 233 3498; x_wconf 88' lang='lat' dir='ltr'>miti</span> <span class='ocrx_word' id='word_1_235' title='bbox 265 3437 426 3500; x_wconf 88' lang='lat' dir='ltr'>sententia</span> <span class='ocrx_word' id='word_1_236' title='bbox 459 3437 641 3524; x_wconf 84' lang='lat' dir='ltr'>damnavit3</span> <span class='ocrx_word' id='word_1_237' title='bbox 664 3439 836 3520; x_wconf 87' lang='lat' dir='ltr'>amputatis</span> <span class='ocrx_word' id='word_1_238' title='bbox 869 3438 952 3500; x_wconf 78' lang='lat' dir='ltr'>errim</span> <span class='ocrx_word' id='word_1_239' title='bbox 983 3437 1114 3500; x_wconf 90' lang='lat' dir='ltr'>naribus</span> <span class='ocrx_word' id='word_1_240' title='bbox 1144 3439 1178 3499; x_wconf 92' lang='lat' dir='ltr'>in</span> <span class='ocrx_word' id='word_1_241' title='bbox 1211 3437 1341 3502; x_wconf 88' lang='lat' dir='ltr'>deserta</span> 
     </span>
     <span class='ocr_line' id='line_1_30' title="bbox 169 3537 1340 3626; baseline 0.005 -27"><span class='ocrx_word' id='word_1_242' title='bbox 169 3537 241 3601; x_wconf 90' lang='lat' dir='ltr'>loca</span> <span class='ocrx_word' id='word_1_243' title='bbox 262 3539 310 3600; x_wconf 88' lang='lat' dir='ltr'>ire</span> <span class='ocrx_word' id='word_1_244' title='bbox 331 3541 501 3624; x_wconf 83' lang='lat' dir='ltr'>compulit,</span> <span class='ocrx_word' id='word_1_245' title='bbox 524 3561 565 3602; x_wconf 87' lang='lat' dir='ltr'>na</span> <span class='ocrx_word' id='word_1_246' title='bbox 592 3544 663 3604; x_wconf 89' lang='lat' dir='ltr'>suis</span> <span class='ocrx_word' id='word_1_247' title='bbox 692 3542 834 3606; x_wconf 86' lang='lat' dir='ltr'>moribus</span> <span class='ocrx_word' id='word_1_248' title='bbox 864 3542 991 3604; x_wconf 85' lang='lat' dir='ltr'>vicinas</span> <span class='ocrx_word' id='word_1_249' title='bbox 1019 3551 1135 3626; x_wconf 82' lang='lat' dir='ltr'>gentes</span> <span class='ocrx_word' id='word_1_250' title='bbox 1163 3542 1340 3626; x_wconf 75' lang='lat' dir='ltr'>illicerent,</span> 
     </span>
     <span class='ocr_line' id='line_1_31' title="bbox 166 3646 1342 3730; baseline 0.007 -26"><span class='ocrx_word' id='word_1_251' title='bbox 166 3660 253 3706; x_wconf 87' lang='lat' dir='ltr'>neve</span> <span class='ocrx_word' id='word_1_252' title='bbox 275 3661 383 3706; x_wconf 88' lang='lat' dir='ltr'>eorum</span> <span class='ocrx_word' id='word_1_253' title='bbox 401 3663 478 3728; x_wconf 86' lang='lat' dir='ltr'>erga</span> <span class='ocrx_word' id='word_1_254' title='bbox 501 3646 644 3730; x_wconf 86' lang='lat' dir='ltr'>reliquos</span> <span class='ocrx_word' id='word_1_255' title='bbox 659 3647 796 3729; x_wconf 86' lang='lat' dir='ltr'>injuriae</span> <span class='ocrx_word' id='word_1_256' title='bbox 818 3655 929 3709; x_wconf 82' lang='lat' dir='ltr'>essent</span> <span class='ocrx_word' id='word_1_257' title='bbox 951 3646 1107 3728; x_wconf 89' lang='lat' dir='ltr'>occultae,</span> <span class='ocrx_word' id='word_1_258' title='bbox 1122 3646 1181 3709; x_wconf 90' lang='lat' dir='ltr'>sed</span> <span class='ocrx_word' id='word_1_259' title='bbox 1200 3656 1235 3709; x_wconf 92' lang='lat' dir='ltr'>nt</span> <span class='ocrx_word' id='word_1_260' title='bbox 1256 3656 1342 3714; x_wconf 83' lang='lat' dir='ltr'>tam-</span> 
     </span>
     <span class='ocr_line' id='line_1_32' title="bbox 166 3748 1342 3834; baseline 0.006 -27"><span class='ocrx_word' id='word_1_261' title='bbox 166 3764 261 3829; x_wconf 89' lang='lat' dir='ltr'>quam</span> <span class='ocrx_word' id='word_1_262' title='bbox 284 3748 317 3809; x_wconf 91' lang='lat' dir='ltr'>iu</span> <span class='ocrx_word' id='word_1_263' title='bbox 340 3767 427 3832; x_wconf 89' lang='lat' dir='ltr'>oram</span> <span class='ocrx_word' id='word_1_264' title='bbox 449 3749 567 3813; x_wconf 87' lang='lat' dir='ltr'>deserti</span> <span class='ocrx_word' id='word_1_265' title='bbox 589 3749 727 3834; x_wconf 83' lang='lat' dir='ltr'>relegati</span> <span class='ocrx_word' id='word_1_266' title='bbox 748 3749 834 3813; x_wconf 91' lang='lat' dir='ltr'>omni</span> <span class='ocrx_word' id='word_1_267' title='bbox 856 3769 892 3813; x_wconf 90' lang='lat' dir='ltr'>re</span> <span class='ocrx_word' id='word_1_268' title='bbox 913 3760 1049 3834; x_wconf 85' lang='lat' dir='ltr'>egentes</span> <span class='ocrx_word' id='word_1_269' title='bbox 1070 3760 1212 3834; x_wconf 85' lang='lat' dir='ltr'>cogente</span> <span class='ocrx_word' id='word_1_270' title='bbox 1223 3769 1342 3815; x_wconf 89' lang='lat' dir='ltr'>neces-</span> 
     </span>
     <span class='ocr_line' id='line_1_33' title="bbox 165 3852 1343 3938; baseline 0.006 -25"><span class='ocrx_word' id='word_1_271' title='bbox 165 3852 262 3914; x_wconf 84' lang='lat' dir='ltr'>sitate</span> <span class='ocrx_word' id='word_1_272' title='bbox 298 3853 360 3915; x_wconf 87' lang='lat' dir='ltr'>sibi</span> <span class='ocrx_word' id='word_1_273' title='bbox 388 3855 508 3919; x_wconf 88' lang='lat' dir='ltr'>victum</span> <span class='ocrx_word' id='word_1_274' title='bbox 553 3857 768 3938; x_wconf 82' lang='lat' dir='ltr'>exquirerent.</span> <span class='ocrx_word' id='word_1_275' title='bbox 825 3853 1045 3919; x_wconf 81' lang='lat' dir='ltr'>communiter</span> <span class='ocrx_word' id='word_1_276' title='bbox 1060 3863 1188 3918; x_wconf 85' lang='lat' dir='ltr'>-tamen</span> <span class='ocrx_word' id='word_1_277' title='bbox 1221 3875 1242 3919; x_wconf 88' lang='lat' dir='ltr'>u</span> <span class='ocrx_word' id='word_1_278' title='bbox 1276 3865 1343 3920; x_wconf 89' lang='lat' dir='ltr'>tota</span> 
     </span>
     <span class='ocr_line' id='line_1_34' title="bbox 167 3957 1344 4045; baseline 0.007 -27"><span class='ocrx_word' id='word_1_279' title='bbox 167 3959 301 4040; x_wconf 82' lang='lat' dir='ltr'>regione</span> <span class='ocrx_word' id='word_1_280' title='bbox 329 3957 481 4022; x_wconf 87' lang='lat' dir='ltr'>dicnulnr</span> <span class='ocrx_word' id='word_1_281' title='bbox 500 3960 637 4022; x_wconf 87' lang='lat' dir='ltr'>Arabes.</span> <span class='ocrx_word' id='word_1_282' title='bbox 681 3961 727 4023; x_wconf 82' lang='lat' dir='ltr'>ni</span> <span class='ocrx_word' id='word_1_283' title='bbox 755 3962 887 4024; x_wconf 83' lang='lat' dir='ltr'>incertia</span> <span class='ocrx_word' id='word_1_284' title='bbox 908 3958 1041 4022; x_wconf 87' lang='lat' dir='ltr'>sedibus</span> <span class='ocrx_word' id='word_1_285' title='bbox 1058 3960 1126 4023; x_wconf 87' lang='lat' dir='ltr'>lruc</span> <span class='ocrx_word' id='word_1_286' title='bbox 1147 3970 1245 4045; x_wconf 85' lang='lat' dir='ltr'>atque</span> <span class='ocrx_word' id='word_1_287' title='bbox 1266 3959 1344 4026; x_wconf 89' lang='lat' dir='ltr'>illuc</span> 
     </span>
     <span class='ocr_line' id='line_1_35' title="bbox 164 4063 1342 4150; baseline 0.005 -28"><span class='ocrx_word' id='word_1_288' title='bbox 164 4079 294 4144; x_wconf 86' lang='lat' dir='ltr'>semper</span> <span class='ocrx_word' id='word_1_289' title='bbox 320 4073 482 4146; x_wconf 81' lang='lat' dir='ltr'>vagantur</span> <span class='ocrx_word' id='word_1_290' title='bbox 515 4083 574 4148; x_wconf 90' lang='lat' dir='ltr'>per</span> <span class='ocrx_word' id='word_1_291' title='bbox 595 4063 759 4130; x_wconf 85' lang='lat' dir='ltr'>desertum</span> <span class='ocrx_word' id='word_1_292' title='bbox 779 4066 858 4148; x_wconf 88' lang='lat' dir='ltr'>hoc,</span> <span class='ocrx_word' id='word_1_293' title='bbox 880 4065 995 4127; x_wconf 85' lang='lat' dir='ltr'>armati</span> <span class='ocrx_word' id='word_1_294' title='bbox 1019 4064 1134 4146; x_wconf 87' lang='lat' dir='ltr'>clipeis</span> <span class='ocrx_word' id='word_1_295' title='bbox 1167 4075 1199 4130; x_wconf 85' lang='lat' dir='ltr'>et</span> <span class='ocrx_word' id='word_1_296' title='bbox 1228 4068 1342 4150; x_wconf 89' lang='lat' dir='ltr'>hastis,</span> 
     </span>
     <span class='ocr_line' id='line_1_36' title="bbox 165 4164 1342 4253; baseline 0.006 -26"><span class='ocrx_word' id='word_1_297' title='bbox 165 4183 230 4228; x_wconf 84' lang='lat' dir='ltr'>non</span> <span class='ocrx_word' id='word_1_298' title='bbox 251 4164 380 4251; x_wconf 86' lang='lat' dir='ltr'>qnidam</span> <span class='ocrx_word' id='word_1_299' title='bbox 403 4177 438 4231; x_wconf 88' lang='lat' dir='ltr'>ut</span> <span class='ocrx_word' id='word_1_300' title='bbox 459 4177 624 4253; x_wconf 82' lang='lat' dir='ltr'>pugnent,</span> <span class='ocrx_word' id='word_1_301' title='bbox 656 4173 732 4253; x_wconf 84' lang='lat' dir='ltr'>qnia</span> <span class='ocrx_word' id='word_1_302' title='bbox 753 4166 915 4235; x_wconf 85' lang='lat' dir='ltr'>seminudi</span> <span class='ocrx_word' id='word_1_303' title='bbox 937 4178 1030 4252; x_wconf 89' lang='lat' dir='ltr'>snut,</span> <span class='ocrx_word' id='word_1_304' title='bbox 1053 4169 1112 4232; x_wconf 87' lang='lat' dir='ltr'>sed</span> <span class='ocrx_word' id='word_1_305' title='bbox 1133 4180 1169 4232; x_wconf 91' lang='lat' dir='ltr'>ut</span> <span class='ocrx_word' id='word_1_306' title='bbox 1192 4170 1342 4253; x_wconf 89' lang='lat' dir='ltr'>spolient.</span> 
     </span>
     <span class='ocr_line' id='line_1_37' title="bbox 166 4265 1343 4362; baseline 0.004 -29"><span class='ocrx_word' id='word_1_307' title='bbox 166 4265 259 4345; x_wconf 82' lang='lat' dir='ltr'>Quae</span> <span class='ocrx_word' id='word_1_308' title='bbox 285 4275 432 4357; x_wconf 85' lang='lat' dir='ltr'>suspicio</span> <span class='ocrx_word' id='word_1_309' title='bbox 461 4275 671 4358; x_wconf 82' lang='lat' dir='ltr'>frequentiam</span> <span class='ocrx_word' id='word_1_310' title='bbox 698 4278 733 4340; x_wconf 92' lang='lat' dir='ltr'>iu</span> <span class='ocrx_word' id='word_1_311' title='bbox 760 4275 826 4340; x_wconf 90' lang='lat' dir='ltr'>lllis</span> <span class='ocrx_word' id='word_1_312' title='bbox 854 4275 936 4341; x_wconf 91' lang='lat' dir='ltr'>locis</span> <span class='ocrx_word' id='word_1_313' title='bbox 964 4277 1125 4342; x_wconf 83' lang='lat' dir='ltr'>viatorum</span> <span class='ocrx_word' id='word_1_314' title='bbox 1155 4273 1343 4362; x_wconf 76' lang='lat' dir='ltr'>dougragata</span> 
     </span>
    </p>
   </div>
   <div class='ocr_carea' id='block_1_6' title="bbox 0 0 1527 4864">
    <p class='ocr_par' dir='ltr' id='par_1_8' title="bbox 0 0 1527 4864">
     <span class='ocr_line' id='line_1_38' title="bbox 0 0 1527 4864; baseline 0 0"><span class='ocrx_word' id='word_1_315' title='bbox 0 0 1527 4864; x_wconf 95' lang='lat' dir='ltr'> </span> 
     </span>
    </p>
   </div>
  </div>
 </body>
</html>
