2926 5050
172 585 319 668 Virginis
340 591 536 669 augmentet.
580 585 674 652 Unde
694 585 736 650 nd
757 584 865 668 rugeli
882 581 1109 650 ssbutteuen
1122 597 1186 650 nott
1198 583 1345 668 ieginss

171 692 296 754 benten
311 688 479 772 Virgbrern
502 690 644 756 loetitiae
664 695 825 758 osntiennr
847 688 1075 772 depromsiue,
1101 687 1161 752 sed
1181 689 1224 752 sd
1243 689 1346 756 solu-

171 795 323 858 tutionem
346 793 514 860 dlisebetb
532 795 770 877 ieurndisstme
790 794 892 860 dixit:
921 792 1111 877 Hsgsidost
1138 793 1243 858 suns
1265 811 1344 858 nien

170 898 360 982 Dominum,
387 905 420 962 et
440 898 600 964 exuitsvit
618 903 753 985 spiritus
774 915 867 964 neus
888 905 949 962 eto.
993 899 1031 962 iu
1061 897 1123 960 boe
1150 913 1230 979 ergo
1263 895 1342 962 loeo

171 1001 320 1087 srtgeiios
340 1001 493 1068 sstuutto
516 1002 577 1068 init
597 1003 757 1089 eompletn
777 1011 814 1070 et
833 1003 991 1086 perfeeto.
1034 999 1112 1064 Ideo
1134 1019 1229 1064 eune
1249 1017 1343 1083 guu-

172 1105 269 1189 dium,
290 1105 377 1190 quod
399 1125 459 1172 nos
482 1109 645 1192 peregrini
665 1109 891 1174 habuissemus
911 1107 947 1168 in
971 1103 1154 1186 Nunettr,
1176 1103 1217 1168 sd
1238 1121 1342 1186 qesnr

171 1212 285 1275 venire
305 1227 369 1274 non
390 1214 563 1296 potuimus,
584 1211 740 1278 biouobis
759 1214 957 1294 decepimus,
978 1215 1013 1273 et
1034 1217 1099 1272 tarn
1120 1208 1341 1292 oure‘sngelo,

172 1333 268 1400 qutun
298 1331 372 1380 eurn
393 1316 562 1382 Elisabeth
594 1317 739 1400 repetitis
769 1316 916 1379 vicibus:
949 1313 1025 1376 Ave
1054 1311 1342 1395 untedium,

173 1420 287 1486 osonio
308 1417 423 1482 dentes
443 1419 582 1505 Virgini,
604 1423 688 1486 siout
708 1418 877 1484 luttesbettr
899 1426 932 1480 et
962 1417 1116 1480 sulutsvit
1137 1426 1170 1480 et
1191 1415 1341 1482 oeesiuus

173 1523 271 1588 dedit.
322 1521 409 1586 Dioit
437 1524 522 1589 enim
548 1524 687 1592 devotus
708 1521 934 1590 Bernbsrdss:
968 1522 1029 1586 Est
1060 1521 1136 1604 tibi,
1168 1542 1189 1586 o
1221 1521 1342 1596 iteris,

174 1627 268 1710 qussi
288 1626 445 1710 nebulum,
466 1625 578 1694 sudire
598 1631 684 1695 buno
703 1628 900 1694 versiouiurn
922 1625 1120 1710 engelieun:
1143 1625 1341 1690 Avebieris.

174 1731 216 1794 itt
244 1730 362 1792 totiens
390 1731 567 1817 osculeris,
597 1737 749 1819 quotiens
778 1753 836 1818 per
859 1734 935 1798 Avo
965 1731 1127 1796 soluturis
1171 1729 1226 1793 Ad
1252 1729 1342 1792 hono

142 1859 144 1866 ¹
174 1835 259 1898 eninr
280 1833 505 1901 salutationem
535 1839 618 1902 ooeti
648 1838 790 1903 melliflui
819 1844 914 1922 sunt,
948 1836 1062 1902 steilse
1081 1835 1197 1916 rident,
1223 1830 1342 1914 angeli

170 1937 324 2021 jubilent,
356 1940 495 2006 mundus
523 1945 664 2024 exultet,
699 1941 874 2006 deernones
909 1940 1178 2020 uentremiseunt,
1203 1935 1343 2022 'interos

174 2043 359 2126 abesdum,
389 2043 471 2126 justi
503 2047 666 2131 gaudent,
699 2055 888 2130 peccatores
926 2053 1072 2128 sperent.
1134 2041 1342 2124 Qospropter

174 2146 258 2232 opud
279 2147 435 2231 plurimos
456 2151 657 2224 consuetudo
678 2152 825 2234 inolevit,
851 2150 936 2235 quod
957 2150 999 2213 od
1020 2147 1196 2234 qusmttnet
1215 2145 1342 2208 oretio-

174 2273 247 2318 nem
274 2252 467 2317 dominicam
498 2255 620 2322 addunt
646 2275 776 2339 semper
805 2255 881 2319 Ave
901 2256 1024 2336 Meris,
1056 2253 1152 2316 etism
1182 2251 1218 2312 iu
1248 2247 1340 2312 boris

173 2359 354 2440 oenoniois3
377 2361 465 2439 quod
486 2369 594 2426 tumen
615 2361 759 2426 nonnulli
781 2360 891 2426 dieunt
912 2379 977 2423 non
998 2357 1117 2422 debere
1147 2354 1236 2436 fleri,
1263 2369 1339 2416 oum

174 2462 208 2524 in
228 2460 397 2524 ordinsriis
416 2472 448 2526 et
466 2465 585 2530 notulis
612 2475 644 2529 et
670 2465 806 2530 rubriois
823 2464 865 2528 de
896 2465 985 2528 boris
1003 2457 1150 2526 dicendis
1171 2457 1260 2520 nulls
1280 2454 1340 2518 bnt

175 2565 294 2628 mentio
317 2561 358 2625 de
378 2563 453 2626 Ave
472 2564 588 2647 Meris,
610 2585 681 2630 oum
702 2569 798 2632 Peter
818 2577 929 2634 noster
946 2566 1055 2630 ‹ttoere
1074 2562 1316 2647 praescribitur.

259 2666 311 2728 De
331 2666 393 2728 beo
414 2684 450 2730 re
470 2675 541 2730 orte
560 2669 622 2732 tuit
641 2670 841 2755 disceptatio,
861 2679 897 2735 nt
914 2668 1082 2754 nquodorn
1104 2667 1232 2749 noeept,
1254 2665 1340 2728 inter

177 2769 378 2853 praepositos
406 2779 439 2832 et
467 2773 642 2836 osuorrieos
670 2775 831 2838 eootesine
857 2775 1076 2840 Bntsviensis.
1125 2771 1338 2854 Praepositus

178 2874 319 2955 volebat,
351 2873 437 2956 quod
466 2874 509 2938 sd
527 2876 626 2940 Peter
646 2886 757 2942 noster
783 2879 939 2944 adderent
969 2898 1098 2961 semper
1119 2877 1194 2940 Ave
1213 2873 1339 2951 Μανίας

178 2977 326 3042 oenoniei
339 2997 418 3043 vero
432 2986 466 3042 et
487 2980 595 3044 olerus
609 2982 770 3066 uolebant,
792 2983 959 3065 dieentes,
981 2983 1044 3046 sibi
1066 3000 1130 3046 nou
1150 2997 1226 3046 esse
1239 2995 1339 3062 prse-

178 3081 334 3166 soriptum
362 3083 395 3146 in
416 3085 562 3150 rubricis.
605 3087 746 3152 'l'andern
774 3097 881 3152 nutem
903 3106 961 3171 pro
993 3092 1137 3169 penest
1165 3081 1340 3148 eouoordis

179 3186 328 3252 iacienda
348 3206 451 3254 osuse
471 3192 531 3256 fuit
551 3191 726 3277 sdPnpem
746 3191 907 3274 devoluto,
928 3191 985 3276 qui
997 3190 1173 3274 edpertern
1193 3188 1339 3252 sffirms·

177 3293 277 3356 tivern
299 3313 357 3375 pro
376 3296 559 3379 praeposito
575 3295 737 3380 diffinivit,
758 3304 793 3360 et
819 3297 907 3361 butte
928 3295 1139 3376 nomimavit,
1162 3289 1337 3356 dieeudurn

178 3412 254 3460 esse
274 3395 349 3458 Ave
371 3397 478 3460 Meris
501 3406 576 3479 post
595 3398 693 3462 Peter
713 3408 834 3464 noster.
1212 3385 1217 3396 ⁸

259 3496 408 3580 Denique
420 3499 541 3561 uostris
552 3502 750 3581 temporibus
765 3502 921 3568 innovate
930 3512 982 3568 est
997 3506 1130 3586 entique
1144 3501 1338 3568 Surewrttm

178 3600 395 3682 consuetudo,
429 3601 484 3682 qui
515 3599 663 3665 sotebant
692 3621 765 3668 oum
804 3608 948 3693 quoqne
966 3609 1064 3674 Peter
1098 3616 1209 3674 noster
1232 3605 1338 3668 neus

177 3721 279 3786 orere,
310 3712 343 3767 et
364 3721 437 3766 oum
468 3705 703 3789 quinqurgtute
722 3709 798 3772 Ave
818 3711 923 3780 Moris
953 3712 1172 3777 beatissimum
1200 3709 1338 3774 Msrisrn

177 3807 349 3890 Virginem
367 3806 513 3871 satutare
523 3809 723 3894 frequentin
744 3815 777 3880 in
798 3817 973 3898 gratiarum
995 3817 1154 3882 sotionem
1174 3833 1233 3897 nro
1256 3829 1338 3894 ope·

177 3910 267 3972 ribus
278 3909 484 3976 redemtionis
499 3922 638 3980 nostroe.
670 3921 765 3982 Hune
774 3919 937 3986 salubrem
952 3918 1220 3986 consuetudinem
1232 3933 1338 3998 poeno

177 4012 328 4077 sbolitsrn
350 4016 383 4078 in
406 4019 528 4082 nostris
549 4021 694 4102 partibus
718 4026 889 4088 renovavit
910 4027 1038 4108 mugnis
1058 4023 1222 4086 lebetibus
1239 4037 1339 4102 egre-

177 4117 252 4200 gius
273 4135 388 4182 saurae
404 4119 589 4206 theologiae
610 4125 776 4207 professor
789 4127 990 4194 lddnoobus
1009 4128 1185 4210 sorenes,
1205 4122 1338 4191 Ordinis

177 4220 446 4307 Praedicatotonn
468 4223 659 4294 Conventus
680 4227 894 4296 coloniensis
935 4232 1002 4294 Hie
1020 4231 1183 4312 Magister
1213 4235 1248 4290 et
1272 4244 1337 4308 ego

179 4324 309 4409 fuimus,
331 4335 367 4390 ut
390 4328 436 4390 ita
457 4329 572 4414 tieem,
594 4331 907 4414 ottobonianus
928 4331 1146 4398 ineonventn
1157 4331 1338 4396 aestimet

179 4428 281 4492 induti
318 4429 431 4492 eodem
448 4417 450 4424 ’
465 4451 572 4514 enno,
604 4443 638 4496 et
666 4452 751 4497 auno
790 4433 935 4498 revoluto
970 4435 1112 4517 processi
1147 4435 1182 4500 in
1216 4431 1337 4498 ebdom
