2896 4872
845 189 849 199 ι

562 235 564 240 .
621 229 625 239 ι
670 229 673 236 ⁴
738 219 741 226 '
843 233 846 240 v
904 225 917 242 l,

429 263 432 270 ι
714 261 719 272 ι

522 305 526 315 ·
655 275 742 343 ιιι
863 313 865 320 1

924 323 928 332 ι

667 353 670 361 ,
739 341 744 348 “
845 347 847 354 ι

616 374 619 382 ¹
695 365 697 372 ’
747 367 773 384 ·“.

570 390 574 398 ι
687 397 691 409 ι
830 387 833 394 ·

32 508 37 546 3
117 446 241 548 pietas,
271 461 320 546 sie
338 456 493 521 'mulieds
520 459 588 540 egit
608 458 722 534 inolita
748 456 857 542 tides,-
879 468 913 522 ut
935 445 1029 544 quem
1044 475 1117 544 ἰιι
1138 453 1296 550 poterant
1351 467 1355 474 '

118 553 274 648 homines,
295 569 368 650 uon·
384 563 526 645 vincula,-
543 581 611 626 non
622 563 752 626 ¹fernim
770 563 945 648 vincere,
940 581 964 626 a
982 565 1115 644 muliere
1136 551 1304 640 vincere-s
1339 556 1344 564 ’
1372 597 1388 610 2·

117 685 179 756 tur,
209 677 246 735 ut
267 690 310 753 ag
290 675 396 731 verite·
411 650 556 748 fortuna,
564 667 626 730 ubi
645 669 793 730 hostibus
814 668 883 728 suis
905 670 1018 731 terrori
1039 678 1117 750 erat,
1138 678 1287 732 vertere-

34 813 36 817 *
118 790 169 842 tur
194 779 227 838 in
247 775 367 839 ludum.
398 771 565 836 Grandis
574 771 746 856 equidem,
762 773 795 834 ni
817 771 927 854 fallor,
950 768 1129 868 descensus
1147 759 1231 856 iste,
1251 775 1287 838 iu

119 904 236 978 quem
247 884 298 945 vir
336 879 480 954 illustris
495 877 651 954 diductus
684 877 827 939 fallacie
843 876 994 964 mulieris
1049 820 1287 971 Avarissimum

119 993 237 1075 quippe
262 983 379 1050 animal
399 983 452 1044 est
475 963 625 1066 foemina,
646 970 848 1077 iracundum
855 989 887 1043 et
908 955 1049 1066 inli'dele,
1071 961 1286 1068 libidinosum,
1335 1002 1349 1052 “,

45 1099 49 1105 “
117 1095 358 1172 truculentum,
379 1071 474 1150 vanis
502 1088 608 1168 potius
639 1069 734 1169 quam
756 1086 853 1148 oertis
875 1086 1014 1150 avidum.
1064 1085 1121 1152 Si
1131 1075 1325 1170 mentior,'
1393 1115 1397 1124 ·

14 1221 19 1228 ·
62 1205 80 1237 ²
118 1211 190 1265 acta
212 1205 332 1282 patent.
365 1191 584 1255 AuroDalida
598 1190 794 1278 samsonem
813 1186 943 1253 tradidit
962 1191 1118 1256 hostibus.
1144 1191 1292 1254 Eumdi..
1346 1226 1351 1233 ·

62 1355 64 1362 ,
118 1318 169 1368 tes
180 1291 382 1386 [liu'ridioes]
399 1291 578 1379 eupiditate·
588 1295 715 1358 monilis
726 1295 954 1379 Amphiaraum
966 1282 1143 1380 latitantem
1156 1296 1286 1360 detexit.
1308 1342 1313 1350 ·
1391 1339 1394 1346 -

101 1407 357 1473 Ἰιιιιιὸιοιιιιι
382 1404 415 1464 ιιι
437 1420 547 1465 aurum
570 1419 703 1465 versum
721 1420 779 1483 per
789 1401 915 1483 tegulas
926 1401 1109 1466 affluentem
1124 1401 1293 1484 aduersus,
1310 1407 1320 1474 ζ
1426 1488 1430 1496 Ι

119 1513 310 1574 foemineam
326 1509 529 1570 honestatem
551 1508 698 1597 suscepit
717 1507 850 1598 gremio.
884 1507 1010 1588 Phyllis
1029 1524 1140 1570 amore
1160 1507 1285 1570 Demo*

54 1647 57 1652 ·
118 1605 246 1699 phontis
266 1613 446 1711 impatiens
459 1629 496 1672 se
517 1609 696 1692 suspendit.
737 1611 851 1693 Scylla
878 1612 1010 1677 ierv'e'ns
1032 1597 1163 1691 libidine
1184 1613 1287 1696 bo'stia

100 1731 240 1805 patrem
267 1732 340 1783 euin
373 1719 477 1800 patria
495 1714 646 1778 tradidit
691 1715 865 1784 Herculem
891 1717 986 1808 doles
997 1698 1123 1782 blanda
1144 1718 1286 1800 seduxit,
1322 1706 1325 1712 ’

116 1829 172 1909 ιιι,
193 1833 230 1888 ut
251 1844 289 1887 se
307 1830 415 1908 ipsum
437 1819 735 1903 amplissimamque
750 1821 868 1908 famem
884 1824 1013 1885 omnino
1038 1808 1286 1902 obliuisceretur

22 1957 26 1964 ·
116 1951 238 2015 seque·
233 1933 296 1996 sio
321 1929 458 1991 dilectae
485 1922 612 2007 puellae
630 1922 779 2005 jussibus
796 1925 1030 2018 obsequentem
1045 1923 1217 2026 redderet,
1248 1936 1302 2004 nt¹
1331 1991 1338 2000 ,

117 2035 310 2101 tortitudinis
340 2033 447 2098 omnia
470 2036 662 2112 argumenta
682 2026 830 2109 deposita
850 2029 945 2094 filaus
966 2031 1121 2095 muliebre
1142 2007 1283 2095 ollioium

116 2148 294 2208 exerceret
328 2139 369 2201 lit
386 2137 441 2220 qui
460 2135 541 2198 duos
561 2133 757 2198 fortissimos
776 2135 889 2198 leones
901 2136 1059 2198 Nemeum
1078 2136 1284 2199 et'l'heume-

117 2249 199 2310 sium
211 2248 432 2327 superaverat,
451 2239 519 2321 jam
539 2247 710 2320 superatus
721 2239 848 2320 puellae
866 2241 1050 2304 substratus
1066 2239 1191 2306 silebat.
1226 2239 1284 2304 Sia

116 2347 282 2430 Aegyptia
302 2346 473 2408 infatuavit
497 2343 720 2426 Salomonem,
752 2345 924 2409 Antonium
947 2344 1138 2428 Cleopatra,
1158 2336 1281 2408 Medea

118 2452 270 2544 spoliauit
291 2461 425 2540 patrem,
447 2451 578 2540 fratrem
590 2449 800 2534 proscripsit,
821 2453 993 2536 propriis
974 2450 1050 2516 filiis
1064 2467 1128 2537 non
1130 2465 1283 2534 perper-
1304 2525 1331 2548 ι,
1366 2471 1378 2540 '.
1405 2463 1410 2472 ·
1439 2465 1442 2472 ’

107 2561 180 2621 'eit
171 2559 333 2648 ,Progne
354 2573 417 2622 non
439 2551 547 2638 lphim
565 2553 664 2644 tilium
687 2555 947 2640 tantumoooidit,
969 2556 1029 2618 sed
1043 2563 1177 2618 coetum
1195 2553 1280 2640 patri

115 2606 345 2749 comedendum
357 2646 515 2754 appbsuit.
549 2660 652 2741 l'gitnr
665 2672 714 2721 ne
733 2661 825 2753 plura
847 2661 1024 2744 referam,
1010 2665 1153 2743 juvenes
1171 2655 1282 2730 eueni-

81 2770 85 2778 '
116 2787 179 2851 que
204 2785 271 2829 nos
292 2766 417 2848 laqueis
444 2763 610 2827 mulierum
637 2765 824 2850 miserrimis
857 2767 1069 2848 inservunus,
1098 2774 1171 2862 tam
1185 2752 1306 2858 implo'

33 2931 37 2938 .
115 2872 254 2951 animali,
276 2866 461 2964 tamintido,
483 2875 546 2928 tam
560 2865 745 2949 inbenigdo.
776 2855 965 2934 Neeanrmo
982 2879 1087 2950 teneo,
1106 2869 1282 2951 siceranes
1306 2874 1311 2884 '
1335 2869 1337 2874 '
1364 2935 1368 2942 ,

91 2995 190 3059 Ιιιιιι
209 2956 396 3058 perversas.¹
418 2967 512 3065 Quis
534 2968 670 3053 dubitet,
690 2965 768 3054 quin
789 2975 832 3035 in
845 2982 911 3036 tam
924 2969 1299 3036 marimamunitudtn'e·

115 3080 316 3162 reperiantur
331 3075 464 3158 aliquae
484 3074 573 3156 piae,
602 3074 769 3176 modestae
793 3073 832 3145 ad
852 3077 1079 3140 sanctissimae
1100 3085 1134 3139 et
1154 3075 1282 3158 dignis-

93 3263 98 3270 Ι
114 3187 224 3248 simae
239 3197 365 3243 summe
383 3175 566 3242 r'eve'rentia
585 3179 748 3243 mulieres.
770 3165 857 3244 Sino
870 3181 1083 3282 Christianos,
1099 3199 1150 3270 ιι
1154 3175 1225 3255 (15
1237 3177 1282 3254 ι)
1352 3176 1357 3184 “

11 3271 16 3280 ’
114 3289 231 3372 quibus
247 3285 402 3368 plurimae
420 3277 536 3368 grandi
547 3285 673 3348 mentis
694 3285 902 3376 integritate,
908 3289 1103 3371 uirginitate,
1126 3264 1282 3376 oonstau-
1312 3349 1333 3378 ι,
1376 3349 1380 3356 ,

48 3395 57 3440 ·’
100 3392 158 3484 'tia
179 3391 316 3474 aliisque
337 3392 454 3453 mentis
476 3390 613 3488 lioruere
636 3390 820 3460 virtutibus.
835 3393 917 3466 Sed
938 3403 971 3457 et
990 3393 1131 3478 gentiles
1152 3391 1281 3473 aliquae
1315 3413 1320 3480 J
1402 3427 1405 3434 -
1434 3377 1437 3382 ’

1 3528 8 3538 ·
112 3499 248 3564 sirmmis
269 3497 449 3579 praeconiis
461 3477 617 3558 meruere
637 3479 761 3575 laudes,
778 3485 925 3593 quorum
931 3494 1070 3584 aliquae·
1063 3499 1289 3560 nominantur·
1315 3499 1318 3506 '
1351 3536 1372 3553 ,.

110 3597 149 3674 P
171 3606 202 3676 1.
222 3600 280 3666 iol.¹
301 3602 379 3666 aet.
394 3600 434 3661 A.
427 3645 447 3684 .,
469 3617 552 3681 quae
573 3600 634 3662 etsi
646 3599 787 3703 qnando
810 3603 1008 3700 r‘eperiaritur
1028 3597 1202 3694 amandae,
1222 3599 1310 3664 eo-'
1344 3633 1349 3640 ·

95 3707 227 3772 'landae
245 3714 286 3776 et·
298 3709 356 3789 pro
375 3706 502 3770 virilius
520 3689 725 3780 extollendae
745 3715 820 3782 sunt
842 3694 938 3770 etiam
960 3709 1045 3772 ultra
1062 3709 1164 3792 uiros,
1194 3704 1281 3781 Nam

111 3813 207 3888 sieuti
228 3812 333 3894 magis
355 3830 452 3895 qnam
474 3813 507 3874 in
529 3795 693 3890 Briareo
683 3830 717 3874 ιιι
730 3813 906 3894 Pi·gmaeo
900 3813 1052 3877 miranda
1073 3820 1173 3878 esset
1176 3811 1280 3872 virtus
1329 3853 1332 3859 -
1413 3845 1416 3852 ·

106 3912 289 4003 Herculea,
305 3919 353 3978 sio
362 3917 402 3978 in
420 3909 565 3978 muliere
569 3915 707 3997 [magis]
726 3931 827 3999 quam
836 3919 869 3980 iu
881 3917 1011 3996 bomine
1026 3886 1280 3988 commendanda

112 4029 172 4083 est.
206 4007 275 4099 Sed
294 4039 392 4104 quum
407 4020 591 4083 rarissimae
611 4028 698 4100 sunt,
696 4040 772 4109 ne,
796 4021 872 4086 duur
882 4006 1072 4096 Lucretiam
1086 4020 1279 4112 quaerimus,

97 4107 145 4189 ¹in
167 4123 411 4207 Calphurniam
416 4134 472 4188 aut
493 4093 716 4206 Semproniam
735 4125 925 4210 incidamus,
948 4131 1124 4210 omnesque
1146 4125 1301 4206 fugiem-

109 4231 170 4296 uas
191 4229 349 4311 proficere
369 4229 583 4293 volentibus
574 4248 608 4291 ιιι
622 4230 793 4310 sapientia,
813 4231 900 4294 fama
919 4239 953 4293 et
973 4231 1128 4313 religione
1146 4227 1278 4312 suadeo.
1363 4282 1367 4289 .

109 4339 208 4434 ῌιιιιιι
251 4331 450 4399 Samsonem'
465 4333 559 4397 -dioit
581 4331 772 4399 'Gotiridus
800 4335 1055 4432 ira-Pantheon
1089 4327 1280 4400 inissem
