2948 4876
660 275 724 339 bil

87 461 292 545 permittitur
312 455 457 538 capellos
481 457 627 538 erigere,
649 455 844 540 sacrificare,
860 463 902 518 et
910 443 1189 540 blisssslegerci
1208 455 1270 520 ni-

89 565 255 648 cendum,
278 562 364 649 quod
385 563 448 625 hoo
464 560 586 624 idcirco
608 562 728 626 famum
758 569 827 644 est,
858 569 895 624 ut
922 561 1161 646 ostenderetur,
1183 562 1275 646 quod·

90 661 209 734 cultus
235 668 357 732 veteris
390 667 474 748 legis
496 666 673 748 corporalis
695 685 759 730 non
781 676 849 730 erat
873 667 947 730 Deo
966 687 1024 749 per
1045 686 1083 730 so
1104 675 1269 750 acceptus,

92 794 142 840 cx
165 792 262 857 opere
283 781 426 855 operato,
449 778 481 833 et
502 769 578 834 ideo
599 771 875 855 compescebatur,
897 791 939 832 no
960 773 1078 854 ubique
1104 770 1269 858 offerrent,

92 878 161 942 sed
182 886 304 940 tantum
326 878 379 940 ibi.
404 877 408 882 ’
431 874 548 939 Cultus
570 882 677 938 autem
697 875 917 959 novaelegis,
939 877 972 938 in
994 875 1088 956 cujus
1109 875 1270 942 soortttoto
1335 883 1338 894 “

93 982 277 1068 spiritualis
297 982 403 1064 gratia
430 983 631 1062 continetur,
662 987 713 1044 est
741 979 919 1042 secundum
947 997 985 1042 se
1006 980 1077 1043 Deo
1103 988 1268 1062 acceptus,

95 1107 143 1150 ex
177 1105 276 1170 opero
306 1095 439 1169 operato
473 1094 507 1148 et
536 1105 579 1149 ex
610 1102 708 1167 opere
736 1093 897 1166 operante.
925 1083 1028 1147 ‘Ideo
1050 1083 1270 1167 multiplicatio

94 1192 329 1273 ecclesiarum,
351 1190 516 1271 altarium·
540 1199 572 1252 et
605 1189 835 1253 sacrificiorum
868 1191 901 1252 in
925 1207 1011 1252 nova
1043 1189 1118 1272 lege
1149 1203 1270 1270 eccep-

94 1305 219 1365 tantur.
262 1301 326 1358 etc.

186 1502 347 1586 (Dim)
369 1501 629 1585 lgiturSalomon
640 1515 754 1590 quarto
765 1524 850 1570 anno
861 1507 952 1589 regni
962 1507 1014 1569 sui
1025 1502 1177 1585 templum
1190 1501 1269 1566 illutl

98 1617 174 1675 toto
187 1613 265 1674 orbe
275 1597 516 1673 celeberrimum
528 1609 697 1674 aedificare
708 1612 813 1694 coepit
835 1608 1063 1672 etVlllannis
1085 1607 1269 1690 complevit,

98 1725 137 1780 ut
163 1715 279 1779 dicitur
298 1715 329 1778 2.
358 1713 496 1796 Paralip.
519 1714 577 1776 ll..
612 1714 856 1780 Aedificobatur
889 1724 995 1778 nutem
1021 1713 1084 1776 hoc
1114 1711 1267 1794 templum

99 1838 186 1883 anno
207 1838 228 1881 a
248 1818 359 1880 mundi
386 1820 616 1882 constitutione
639 1821 735 1902 4169,
765 1838 785 1881 a
806 1819 978 1882 nativitate
1013 1825 1121 1880 autern
1143 1816 1269 1880 Christi

98 1925 212 1988 lutura
233 1923 326 2006 tuac,
348 1922 389 1985 ab
409 1941 545 2005 egressu
565 1924 812 2002 liliorumlsrael
834 1920 876 1984 (le
890 1923 1044 2004 Aegypto
1065 1939 1150 1984 ortuo
1173 1921 1264 1984 1480.

100 2033 182 2092 Erat
203 2036 310 2090 cutem
340 2027 451 2110 templi
482 2027 570 2090 illius
600 2027 765 2111 longitudo
793 2028 971 2090 cubitorum
1002 2028 1268 2108 geometricorum

100 2133 175 2216 LX,
208 2129 342 2194 latitudo
369 2133 454 2215 XX,
487 2131 621 2194 altitudo
655 2132 753 2194 CXX.
806 2131 888 2212 Ejus
929 2131 1125 2193 intrinsecus
1167 2137 1267 2192 totum

102 2237 233 2300 leminis
255 2229 523 2299 cureis'inaurari
545 2235 633 2317 fecit,
656 2245 688 2297 ct
710 2237 930 2318 pavimentum
950 2236 1091 2318 pretioso
1112 2253 1269 2297 marmore

102 2343 208 2407 strari.
264 2339 378 2403 Altero
399 2359 528 2425 quoquc
550 2321 684 2403 aeneum
706 2342 884 2404 cubitorum
906 2341 971 2402 xx
999 2339 1207 2422 longitudinis
1225 2340 1268 2416 ¹in

103 2465 142 2510 eo
153 2446 341 2510 fabricatum
354 2447 423 2511 fuit.
466 2446 517 2526 Do
528 2448 590 2510 hoc
601 2444 718 2530 templo
729 2445 950 2528 videpulchra
960 2447 994 2508 in'
1005 2444 1094 2509 cusa
1105 2445 1146 2509 tle
1214 2439 1265 2528 [2]

104 2549 280 2615 lbet
1276 2557 1278 2566 ’

188 2757 280 2820 Vasa
301 2757 342 2819 etl
361 2756 470 2840 templi
483 2757 612 2820 cultum
634 2741 833 2822 necessaria
851 2779 892 2822 ex
924 2779 1001 2823 auro
1033 2758 1267 2842 pretiosissimo

107 2861 235 2924 luerunt
249 2861 406 2923 coniecta
450 2861 560 2924 lntulit
581 2861 749 2942 pinoteres
759 2863 912 2926 Salomon
935 2883 1044 2940 aurum
1057 2872 1268 2945 eturgentum

108 2962 248 3046 multum,
272 2963 358 3046 quod
378 2962 485 3026 David
506 2964 691 3027 devoveret.
734 2967 778 3028 llt
791 2968 931 3050 peractis
954 2967 1013 3033 rite
1029 2969 1177 3035 omnibns
1188 2965 1268 3029 illud

107 3066 312 3130 celeberrimo
333 3069 396 3129 ritu
417 3065 555 3130 Domino
581 3066 760 3150 dedicarit,
782 3070 927 3140 inserens
957 3069 1050 3133 inid
1079 3087 1186 3132 ercam
1217 3079 1268 3131 te-

107 3171 254 3234 statuenti
265 3169 404 3251 Domini,
425 3170 459 3231 in
481 3188 545 3251 que
567 3169 648 3232 duae
670 3181 793 3234 tantum
817 3173 948 3236 tabulae
962 3174 1144 3237 testamenti
1166 3183 1268 3256 eraut,

107 3286 139 3338 et
169 3294 280 3338 urnam
307 3275 478 3336 habentem
498 3274 631 3356 Munna,
655 3285 689 3338 ot
709 3277 837 3360 virgam
858 3278 979 3340 Aaron.
1044 3279 1086 3340 Et
1114 3277 1268 3359 deinceps

108 3381 207 3444 solum
234 3369 416 3442 licebat'ibi
436 3379 621 3443 sacrificare
641 3381 674 3443 in
696 3383 758 3445 hoc
780 3382 914 3465 templo,
951 3384 1100 3465 quamvis
1129 3382 1268 3466 populus

108 3486 201 3568 longo
228 3492 303 3567 post
336 3493 480 3566 tempore
502 3485 699 3548 sacrificaret
731 3487 763 3549 iu
794 3486 945 3570 excelsis,
979 3486 1019 3548 de
1052 3506 1115 3568 quo
1145 3488 1267 3570 pluries

109 3588 382 3672 reprehenduntur
404 3606 500 3670 reges
519 3588 721 3673 Jerusalem,
744 3592 829 3674 quod
855 3601 965 3655 stante
987 3593 1106 3675 templo
1137 3592 1268 3656 excelsa

97 3708 175 3757 *non
200 3693 412 3762 abstulerunt.
451 3692 553 3774 l’orro
584 3694 723 3758 evolutis
755 3698 820 3760 442
849 3699 944 3760 annis
975 3715 995 3759 a
1026 3698 1269 3761 constructione

110 3798 214 3880 templi
234 3797 351 3862 vitlens
370 3797 532 3862 Jeromtos
552 3801 718 3882 propheta,
748 3802 916 3866 imminere
936 3802 1033 3888 finem
1054 3802 1175 3885 templi,
1191 3801 1270 3866 'tutio

111 3919 149 3964 cx
168 3921 206 3965 eo
234 3921 342 3966 orcam
374 3901 532 3983 foederis,
563 3911 595 3964 et
623 3886 783 3969 transtulit
814 3923 884 3969 eam
913 3914 1004 3971 trans
1025 3906 1200 3970 Jordonem
1234 3907 1268 3969 in

112 4005 294 4070 vollemsub
315 4016 456 4071 montem
467 4006 614 4091 Abyrim,
636 4026 721 4090 quoe
736 4009 852 4074 dicitur
864 4011 1033 4094 Galmoob,
1053 4010 1269 4088 sioutdictum

114 4115 162 4172 est
180 4110 237 4177 fol.
253 4111 366 4194 248B,
388 4120 421 4173 st
433 4111 584 4194 precibus
603 4130 674 4176 cam
697 4115 860 4180 absorberi
877 4117 955 4180 iecit
974 4117 1008 4180 in
1029 4123 1129 4198 petra,
1146 4116 1269 4195 petram

114 4231 186 4277 vcro
214 4213 326 4295 digito
345 4215 521 4300 designans
548 4217 712 4299 impressit
741 4217 804 4282 Dei
826 4238 944 4285 nomen
974 4226 1270 4301 tetragrammaton,

114 4327 143 4381 st
168 4319 289 4382 tectum
311 4327 362 4382 ost
388 4319 535 4402 sigillum
552 4321 586 4384 in
613 4321 822 4412 similitudine
842 4325 1036 4406 sculpturae,
1068 4337 1153 4402 quse
1185 4320 1270 4383 ferro

1040 4423 1099 4480 ts*
