2962 5022
722 11 724 19 ¹
905 9 1113 106 nniversam
1123 11 1349 102 ormontem
1429 12 1431 15 ’

642 432 702 496 tet

120 612 188 675 lilius
204 611 302 678 Nerei
332 609 389 674 dei
402 613 529 675 oceani
560 619 592 674 et
616 611 714 675 llorls
734 611 845 676 uxoria
865 612 953 697 ejas,
975 631 1018 678 ex
1038 615 1157 699 quibus
1170 617 1266 699 juxta

114 717 251 798 poeticam
273 718 488 780 narrationem
506 715 573 778 nati
594 724 670 778 sunt
690 717 813 799 irenes,
835 719 1006 802 nymphae,
1020 737 1134 784 omnes
1154 723 1264 787 bumi-

114 819 222 901 ditates,
240 821 353 882 -fontes
376 829 408 883 et
435 819 576 888 llumiur.
616 818 967 902 Primogenitus‘illius
986 823 1087 888 Nerei
1111 819 1144 890 et
1162 823 1265 893 noris

111 923 211 986 dicitur
229 924 422 1006 Arelrelous,
442 926 517 987 sons
540 915 668 1005 quidam
692 921 863 1006 Graeciae,
884 943 980 1008 quem
1001 924 1110 992 dieunt
1126 931 1262 1013 primam

108 1028 146 1089 de
164 1037 240 1090 terra
261 1029 417 1122 erupisse.
462 1029 555 1090 Fons
573 1035 679 1090 autem
712 1028 770 1090 ille
797 1037 933 1092 sauctus
960 1031 1064 1111 erupit
1096 1049 1138 1098 ex
1169 1043 1263 1116 petra
1360 1113 1363 1118 Ι

107 1133 323 1215 ad·lmperium
346 1132 475 1203 Domini
497 1141 530 1194 et
553 1141 687 1215 peracto
719 1133 896 1195 ministerio
916 1150 977 1195 suo
999 1135 1161 1217 cessavit,
1179 1137 1265 1200 sicut

103 1235 190 1300 stella
218 1239 312 1300 trium
345 1225 514 1318 Magorum
545 1255 609 1299 non
642 1237 761 1298 mansit
792 1245 868 1318 post
896 1237 1107 1300 ministerium
1141 1247 1174 1302 et
1204 1255 1265 1304 co-

101 1339 215 1422 lumba,
246 1341 279 1402 in
316 1358 379 1421 qua
410 1343 501 1402 risus
535 1347 587 1402 est
615 1339 756 1422 Spiritus
783 1347 929 1403 sanctus.
971 1340 1056 1402 ·Non
1090 1341 1263 1407 iuitbaec

99 1461 181 1525 aqua
207 1443 282 1506 data
312 1445 353 1507 ad
385 1444 522 1528 aliquem
555 1459 649 1505 osum
679 1442 776 1506 alium
809 1441 883 1504 uisi'
907 1442 948 1506 ad
979 1453 1107 1526 potum,
1130 1454 1163 1512 et
1190 1463 1267 1510 ere-

101 1549 202 1609 dimus
222 1567 286 1611 non
313 1533 487 1631 immerito,
503 1565 626 1630 aquam
656 1549 760 1610 inisse
786 1546 1022 1631 dulcissimam,
1044 1548 1267 1635 elsrissimam,

96 1653 304 1714 sanissimam.
319 1664 349 1717 et
378 1650 816 1738 delectabilissimam‚qi1ae
847 1670 1019 1734 numquam
1051 1654 1265 1718 amaritudine

95 1755 349 1838 iniectaiuerat,
363 1758 447 1819 sicut
463 1775 567 1840 aquae
588 1765 787 1818 caeterorum
805 1755 937 1819 fontium
951 1773 1065 1819 omnes
1085 1758 1119 1821 iu
1140 1775 1263 1824 oceano

94 1869 130 1922 et
150 1860 393 1923 mariinlectae
414 1861 542 1923 fuerunt
568 1859 779 1923 amaritudine
801 1869 832 1922 et
864 1878 924 1943 per
944 1861 1135 1924 colationem
1156 1872 1263 1926 terrae

92 1964 327 2050 modificatae,
343 1981 405 2032 nec
426 1982 510 2048 aqua
534 1957 616 2032 baec
637 1957 696 2045 pc'r
716 1957 866 2044 aliquem
878 1979 972 2041 usum
996 1959 1270 2030 abomiua'tlouem'

91 2067 369 2149 contraxit‚.·sicut
390 2065 472 2130 aliae
493 2083 598 2149 aquae
625 2065 666 2128 ad
683 2065 801 2128 ‘sordes
823 2064 1011 2128 deserviunt
1042 2077 1073 2129 et
1096 2069 1265 2138 abomina-

48 2182 54 2198 ·
90 2171 175 2234 biles
196 2169 271 2233 indo
290 2169 380 2250 liunt,
402 2170 487 2232 sicut
508 2171 609 2232 fertur
633 2171 816 2251 contigisse
837 2168 918 2231 fonti
945 2167 1193 2253 diotorlniger:
1212 2172 1266 2235 lric

48 2271 50 2306 f
89 2294 112 2338 a
134 2273 306 2357 primordio
336 2273 441 2335 dulcis
473 2273 549 2354 supp,
571 2272 678 2335 clarus
711 2280 746 2334 et
775 2289 898 2354 sanus,
916 2272 976 2334 sed
1007 2271 1082 2335 dum
1103 2275 1265 2338 Hercules

86 2379 187 2462 gigas
209 2395 281 2440 cum
306 2379 468 2442 centauris
496 2374 711 2458 congrediens
731 2393 789 2439 eos
810 2375 1033 2458 vulnerasset,
1055 2387 1266 2441 cucurrerunt

87 2483 238 2546 centauri
261 2481 302 2544 atl
322 2481 441 2543 iontem
463 2480 552 2542 illum
574 2489 606 2541 et
627 2480 660 2541 in
682 2479 880 2542 eo‘vuluera
909 2497 969 2542 sua
992 2480 1157 2566 laverunt,
1180 2481 1266 2546 unde

85 2585 222 2666 accidit,
244 2584 329 2668 quod
352 2588 392 2646 ab
414 2603 452 2646 eo
475 2594 618 2666 tempore
639 2603 743 2666 usque
768 2603 854 2647 nnnc
875 2575 949 2646 lons'
966 2583 1022 2646 ille
1041 2585 1141 2648 habet
1162 2603 1264 2668 aquas

84 2687 286 2769 immundas,
309 2688 456 2770 foetidas,
479 2689 610 2756 insanas
632 2697 667 2751 et
688 2689 804 2750 salsas.
850 2688 901 2751 De
922 2688 1010 2752 laute
1031 2696 1145 2752 nostro
1173 2690 1265 2769 dicit,

82 2795 226 2880 psalm:
261 2795 433 2875 Interrupit
456 2803 577 2876 petram
604 2793 637 2860 in
658 2807 765 2856 eremo
786 2801 819 2854 et
841 2791 1015 2877 adaquavit
1037 2811 1094 2858 eos
1116 2793 1206 2856 velut
1230 2796 1264 2856 in

83 2901 217 2980 abysso
239 2897 347 2960 multa.
377 2899 481 2960 Habet
504 2898 588 2958 enim
606 2894 890 2978 petra-illalrodie
911 2898 1007 2977 signa
1023 2897 1264 2979 interruptionis

82 3005 122 3066 iu
158 3001 271 3064 multis
293 3000 388 3082 locis3
414 3019 477 3062 nou
510 2993 593 3061 eni'm
620 3000 720 3065 exivit
749 3015 833 3081 aqua
865 2997 907 3060 de
938 2997 1022 3080 pede
1053 3007 1183 3080 petrae,
1205 2998 1265 3060 sed

80 3105 238 3186 undiquc
260 3123 302 3166 ex
326 3122 365 3170 ea
387 3104 539 3186 proiluxit
561 3110 594 3163 et
614 3101 762 3185 prosiliit,¹
776 3102 861 3162 siont
881 3098 979 3161 bodie
998 3100 1031 3160 iu
1053 3116 1094 3160 ea
1113 3101 1266 3169 cernitur.

79 3211 185 3272 Haec
209 3214 303 3290 petra
314 3205 593 3270 venerandissima
609 3203 753 3269 redditur
766 3210 800 3264 at
810 3197 951 3283 'propter
964 3200 1139 3264 mirabilem
1162 3219 1266 3282 aquae

79 3292 329 3398 profusionem·
343 3318 377 3371 et
404 3318 534 3391 propter
560 3306 744 3370 imitabilem
777 3304 1064 3388 significationem:
1104 3305 1266 3386 significat

80 3417 180 3480 enim
213 3414 389 3477 secundom
414 3411 593 3494 apostolam
615 3415 650 3474 in
681 3432 730 3494 ep.
756 3414 783 3474 1.
810 3407 882 3471 Cor.
905 3407 936 3475 9.
962 3409 1067 3489 ipsum
1093 3407 1266 3494 Christum,

76 3529 187 3606 petra
225 3527 351 3598 autem,
372 3517 405 3579 in
432 3527 498 3597 qua
531 3523 600 3578 erat
623 3513 784 3597 Christus,
806 3513 892 3595 banc
915 3521 1039 3594 petram
1059 3514 1266 3576 circuivimus

76 3633 117 3686 et
143 3623 254 3704 ipsam
277 3619 460 3692 deosculati¹
475 3635 596 3681 sumus.
1201 3609 1204 3617 ⁴

175 3723 309 3787 Deinde
342 3732 577 3806 consequenter
605 3719 824 3803 processimus
862 3727 893 3780 et
921 3719 954 3781 in
992 3719 1109 3782 vallem
1146 3721 1265 3784 'lltolas
1345 3747 1350 3756 ·

74 3831 219 3894 dictant
250 3827 477 3892 descendimus
499 3837 532 3890 et
563 3825 607 3892 ibi
639 3823 778 3886 vidimus
810 3822 919 3886 ruinas
951 3815 1116 3904 'cujusdam
1147 3815 1268 3912 antiqui

70 3933 294 4012 monasterii,
313 3933 345 3993 iu
368 3949 432 4014 quo
454 3930 528 3994 olim
550 3929 660 4012 plnres
683 3927 864 4008 deguerunt
883 3927 999 4008 sancti,
1022 3936 1054 3988 et
1077 3944 1176 3989 secus
1197 3945 1268 3988 mo-

70 4035 274 4099 nasterium
295 4044 424 4097 antrum
445 4051 594 4114 magnum
616 4043 648 4096 et
672 4030 863 4113 proinrtdum
899 4031 933 4092 in
954 4031 1071 4090 montis
1093 4028 1269 4108 penetralia

69 4139 234 4217 dirceus,
245 4137 277 4223 in
290 4137 375 4218 quod
387 4139 510 4222 antiqui
523 4147 632 4216 patres
645 4135 750 4196 sancti
763 4131 1019 4212 transfugerunt,
1034 4117 1269 4191 abscondentes

65 4261 120 4308 se
147 4240 319 4320 alumine
341 4250 460 4321 creato,
482 4249 517 4302 ut
538 4235 736 4302 intenebris
763 4233 870 4294 lumen
889 4234 1067 4294 increatum
1089 4240 1267 4308 cernerent,

65 4345 167 4430 quia
192 4345 271 4406 Joh.
300 4345 345 4405 l.:
371 4344 446 4405 Lux
467 4341 662 4409 intenebris
683 4336 785 4416 lucet3
809 4342 841 4402 et,
861 4331 967 4394 David
986 4334 1018 4393 in
1039 4333 1171 4412 psalm:
1194 4333 1270 4406 Nox

64 4448 289 4513 illuminatio
313 4462 386 4507 mea
411 4445 450 4506 in
473 4431 598 4510 deliciis
618 4440 829 4520 mstspstcut
861 4435 1029 4587 tonebraq¹
1043 4435 1130 4518 ejus,
1162 4427 1206 4500 lta
1237 4449 1272 4502 et
1337 4499 1342 4506 ,
