2954 4914
691 279 750 342 tet

138 463 364 527 transivimus
390 467 546 545 gyrantes
572 441 678 541 usipus
698 457 752 523 ad
771 458 878 523 loeum
898 467 1058 524 nostrum·
1095 459 1177 525 Post
1205 458 1310 524 Salvo

0 589 1 596 ¹
137 567 183 631 ad
204 566 404 650 vigilandum
418 566 493 648 'per
524 570 653 626 nootem
675 562 718 658 ed
739 563 946 648 eepulohrum
967 565 1116 650 Virginis
1143 565 1314 648 glodoeu'

139 691 205 736 nos
226 671 461 755 disposuimus,
482 669 592 751 etqui
614 667 752 750 vigilare
773 686 837 730 non
858 676 1025 751 poterant,
1054 669 1162 751 oapita
1181 687 1247 737 sue
1265 670 1308 736 ad

1 852 2 857 ἵ
139 778 298 860 parietem
320 776 522 838 reclinabant
540 771 707 836 sedentes.
734 771 877 836 Pervam
898 781 1005 836 tamen
1026 767 1166 856 quietern
1191 773 1308 838 habru-
1433 864 1440 876 ,

140 899 234 964 mus,
257 882 333 964 quie
357 879 412 942 alii
434 877 611 941 Christiani
645 879 679 940 in
701 875 874 946 suisloois
895 895 955 958 per
981 885 1110 940 noetom
1140 877 1307 944 ululebam

1 998 3 1009 “
138 985 176 1048 in
198 989 268 1050 suis
290 983 426 1049 Officiis.
469 982 571 1058 Porro
597 980 707 1044 nullus
728 980 820 1044 loeus
842 981 905 1058 fuit
926 989 1041 1042 nostro·
1057 983 1213 1064 ornatior,
1246 1001 1308 1048 neu

1 1145 2 1158 ,
137 1085 259 1167 aliquis
280 1093 397 1151 mutus
418 1087 611 1169 solemnior,
632 1086 840 1168 panvatenim
868 1084 960 1148 festa·
980 1085 1103 1148 iaoiunt
1134 1087 1309 1151 ortemelee

138 1189 174 1251 iu
204 1192 275 1254 suia
297 1191 446 1273 Ollioiis,
475 1210 538 1254 neo
569 1199 699 1254 uantum
719 1189 874 1252 videntur
901 1189 1011 1252 faeere
1051 1189 1111 1254 sed
1131 1191 1311 1272 planetuma

138 1293 194 1356 De
213 1295 276 1357 hoo
303 1237 446 1360 eoeleeiti
467 1306 499 1360 et
526 1297 597 1380 ejus
619 1293 832 1386 dispositione
867 1301 903 1356 et
935 1294 1076 1360 looorum
1099 1294 1308 1360 distinetione

138 1397 218 1461 vide
238 1409 351 1532 sqrea
359 1382 414 1464 iol.
439 1397 556 1462 14³3.
601 1398 658 1462 Sio
679 1416 757 1550 ergo
779 1417 845 1460 nox
865 1397 921 1462 illa
942 1399 1101 1464 transivit.

139 1631 201 1744 De
224 1633 321 1709 festo
347 1633 578 1710 assumtionis
601 1633 785 1734 gloriosae
800 1632 932 1708 beatae
973 1631 1115 1744 Mariae
1130 1629 1305 1736 Virginis

222 1811 343 1891 Quinta
369 1816 511 1894 dooitna
529 1815 613 1878 die
603 1835 637 1877 ru
669 1816 777 1881 noetis
801 1813 958 1877 medio
948 1811 1129 1916 incepimus
1151 1814 1304 1880 Officium

139 1919 347 2002 matutinale,
369 1939 434 2003 quo
454 1920 645 1986 solenniter
663 1928 792 1983 oatrtato
813 1919 937 1980 Missas
958 1912 1103 2000 privatas
1124 1899 1306 2011 celebravi-

138 2041 212 2086 mus
233 2025 268 2086 in
288 2025 461 2108 sepulohro
483 2025 597 2086 beatae
612 2023 771 2105 Virginis,
794 2024 849 2112 qui
874 2021 981 2085 looum
1002 2032 1150 2104 poterant
1173 2003 1307 2108 habere,
1324 2033 1326 2038 “

138 2128 196 2210 qni
218 2147 297 2191 vero
321 2148 385 2191 non
406 2128 583 2212 poterant
574 2147 608 2189 ru
630 2145 670 2189 eo
690 2121 795 2190 loonm
819 2127 969 2207 habero,
960 2143 993 2188 ru
1014 2126 1106 2190 altari
1117 2129 1306 2198 Latinorum

138 2232 355 2295 eelebrnbant.
390 2234 433 2298 Ut
459 2239 567 2295 autom
592 2232 701 2296 faetus
719 2239 770 2292 est
786 2229 878 2313 dies,
899 2233 1104 2294 enotavimus
1125 2231 1197 2312 (B)
1220 2227 1321 2294 ont.
1370 2253 1372 2258 ·

66 2323 69 2327 ¹
137 2338 222 2400 oium
253 2339 380 2401 Missae
414 2340 447 2400 in
470 2345 580 2400 nostro
602 2335 673 2415 loeo
713 2335 796 2398 altis
821 2337 974 2418 vocibus,
1010 2354 1073 2411 neo
1092 2334 1306 2400 audiebantur

138 2460 239 2506 voees
262 2452 295 2505 et
311 2443 454 2506 ululatus
474 2441 608 2504 aliorum
620 2440 874 2510 Christianorum
895 2441 979 2504 inter
992 2441 1151 2506 clamores
1163 2449 1302 2504 nostros.

138 2547 256 2611 Othoio
278 2555 386 2612 eutem
407 2551 578 2612 terminato
603 2551 794 2628 paramenta
815 2545 1022 2629 deposuimus
1043 2556 1076 2609 et
1097 2545 1138 2610 ad
1160 2553 1303 2612 montem

1 2707 2 2744 ,
138 2647 231 2729 Syon
252 2649 575 2730 praemisimus,1uos
597 2669 677 2713 vero
699 2650 772 2716 l'ooa
793 2660 908 2716 saneta
931 2651 1051 2717 montis
1073 2649 1194 2714 Oliveti
1214 2652 1301 2716 visi-
1439 2665 1444 2680 ¹

138 2752 278 2813 terimus
300 2761 337 2814 et·
363 2751 574 2834 indulgentiis
595 2755 734 2836 reoeptis
754 2755 789 2817 in
810 2763 949 2818 montem
962 2753 1054 2838 Syou
1071 2753 1113 2816 ad
1134 2755 1303 2838 prandium

138 2853 327 2922 sumendum
349 2855 556 2918 aseendirnus
578 2867 610 2918 et
639 2865 713 2938 post
734 2857 903 2939 prandium
926 2858 1221 2943 adquiescendum
1240 2877 1301 2924 nos
1350 2881 1354 2892 ·

140 2941 319 3023 locavimus
339 2965 472 3042 propter
492 2960 624 3045 essius
635 2960 930 3110 praesedentes
1050 2993 1051 3000 ι

174 3185 233 3261 lle
259 3186 432 3287 singulari
458 3140 819 3291 peregrinationeF.
825 3136 887 3266 F
912 3190 994 3266 F.
981 3213 1037 3264 ιιι
1045 3191 1261 3269 Bethlehem
1383 3247 1390 3256 ι

462 3317 501 3384 et
527 3307 574 3385 ad
599 3310 672 3388 alia
696 3311 869 3414 quaedam
889 3315 1009 3392 looa.

218 3493 256 3554 ln
277 3492 332 3554 die
352 3494 559 3558 assumtionis
585 3505 660 3578 post
682 3496 846 3560 meridiem
868 3498 982 3581 rogavi
1002 3506 1125 3580 patrem
1152 3497 1298 3564 Gordia-

138 3615 212 3659 num
243 3614 302 3678 pro
335 3595 466 3662 lieentia
506 3600 547 3662 ad
587 3601 775 3664 Bethlehem
792 3619 794 3626 ’
810 3609 845 3664 et
875 3603 935 3684 pro
968 3604 1129 3667 societate
1169 3597 1298 3668 itineris

137 3699 340 3764 Desiderium
361 3703 446 3766 enim
472 3704 571 3767 habui
590 3705 681 3770 solus
698 3723 777 3796 ¹eom
799 3708 832 3767 ln
853 3707 1042 3771 Bethlehem
1071 3709 1142 3772 siue
1163 3706 1300 3772 tumultu

138 3806 385 3888 peregrinorum.
437 3807 596 3890 Adjunxit
631 3817 739 3873 autem
764 3818 857 3894 pater
889 3810 1076 3876 Gordianus
1110 3815 1186 3877 mihi
1214 3814 1299 3877 duros
1422 3867 1427 3872 .

137 3909 237 3972 bonos
255 3909 386 3974 'iratres
428 3919 461 3972 et
488 3916 577 3975 abire
598 3915 766 3996 permisit
804 3915 1000 3980 litabimus
1026 3937 1106 4001 ergo
1137 3935 1198 3982 uos
1230 3927 1298 3981 tres

138 4013 231 4074 almul
260 4015 346 4094 olam¹
365 4013 407 4077 de
438 4015 621 4081 Jerusalem
659 4019 807 4081 omnibus
847 4022 1085 4106 nescientibus,
1118 4041 1160 4085 no
1184 4023 1296 4106 plures

138 4117 267 4180 domitos
297 4119 506 4203 haberemus,
543 4131 577 4185 et
594 4122 740 4203 juounde
759 4122 1075 4208 ambulavimus-per
1097 4127 1185 4190 viam
1207 4125 1295 4188 illam

136 4229 295 4312 serrolam,
328 4221 370 4285 de
391 4241 456 4306 qua
486 4241 585 4306 supra
607 4225 725 4292 dietum
747 4237 800 4289 est
829 4227 882 4290 fol.
907 4229 980 4293 idh-
999 4229 1057 4310 B.,
1081 4240 1114 4294 et
1134 4245 1239 4314 usque
1259 4231 1295 4292 in·

136 4323 312 4408 Chabrate,
338 4327 392 4390 nbi
415 4336 466 4390 est
495 4317 702 4411 sepulohrum
727 4331 902 4412 ltaohelis,
941 4333 1107 4412 venimus,
1144 4334 1186 4398 ad
1207 4334 1294 4397 latus
