2970 4862
240 387 348 458 xxii.
364 383 487 454 Nostra
502 385 617 452 milltls
634 395 687 462 est
700 388 828 472 justior.
850 387 937 456 Nam
954 407 1069 458 omes
1088 389 1173 456 aliae
1193 391 1326 460 militiae

156 496 278 562 bsbent
297 493 424 578 aliquas
444 491 622 575 iniustitias
642 511 789 570 annuas
809 503 843 558 et
863 495 1096 580 improbitates,
1112 496 1195 562 baeu
1215 504 1324 560 autem

158 599 292 668 divinae
313 609 346 664 et
368 599 528 663 humanae
544 597 691 681 jmutine
711 600 859 664 innititur
894 606 929 664 et
950 599 1078 687 legibus
1107 599 1326 684 imperisliltus

158 713 194 770 et
214 702 384 788 pupulibus
406 701 579 785 regulatur.
930 775 933 790 Ι

243 810 363 872 xxiii.
394 807 457 872 llst
477 807 590 872 militie
625 815 738 874 nostra
770 808 876 892 'stagia
906 807 1086 892 approbata
1113 816 1147 872 et
1168 807 1326 874 roborata.

159 913 269 998 Saepe
299 914 383 976 enim
416 913 590 996 coniugii,
623 912 710 997 quod
742 912 862 977 milites
882 912 917 978 iu
951 929 1032 980 uus.
1048 911 1121 978 loeo
1147 913 1226 978 loeti
1260 931 1326 979 neu

159 1027 312 1085 tenentur
342 1017 383 1082 ab
411 1018 485 1084 abis
510 1037 569 1101 pro
600 1017 771 1102 militibus,
802 1015 863 1082 sed
903 1016 1105 1108 tendentur,
1140 1026 1174 1082 et
1206 1015 1327 1084 milites

158 1123 333 1190 muliebres
353 1121 409 1185 vel
430 1122 550 1186 milites
568 1129 726 1189 eatterum
748 1130 983 1206 nnnnupantm
1004 1141 1066 1188 use
1087 1123 1229 1190 adversa
1249 1139 1326 1208 pers

159 1249 219 1313 pro
242 1227 395 1292 militibus
417 1235 507 1289 tenet
538 1233 651 1290 eontra
671 1243 710 1288 se
730 1226 844 1290 leutos
887 1223 983 1304 onon
1003 1236 1103 1292 totum
1125 1247 1190 1296 non
1219 1237 1272 1294 eat
1292 1229 1327 1294 iu

159 1335 223 1398 bae
241 1332 371 1413 militia,
390 1331 451 1395 sed
470 1349 585 1397 onnes
605 1350 664 1415 pro
687 1331 840 1396 militlbus
860 1337 1023 1395 tenentur.

244 1435 372 1506 XXlV.
391 1435 516 1500 Nostro
536 1435 649 1503 militia
670 1445 723 1502 est
740 1435 908 1520 antiquior.
938 1433 1076 1518 Semper
1095 1438 1182 1502 eninr
1205 1455 1226 1501 a
1246 1453 1328 1520 pan»

160 1544 255 1610 siene
285 1540 409 1609 Cbristi
439 1549 677 1606 transmeantes
705 1550 836 1625 propter
868 1540 941 1606 leus
969 1556 1065 1606 saure
1085 1558 1144 1625 pro
1174 1540 1327 1607 militibus

162 1648 264 1712 babiti
285 1655 373 1710 sunt.

242 1749 353 1818 XXV.
373 1748 468 1812 llnee
486 1748 603 1817 militia
623 1757 675 1814 ast
694 1750 801 1832 magis
822 1748 1055 1814 desiderabilis.
1085 1746 1182 1827 Quod
1205 1763 1248 1812 ax
1265 1746 1329 1827 bun

162 1864 262 1941 patet,
285 1856 361 1940 quia
379 1852 436 1938 illi,
459 1853 514 1937 qui
534 1853 612 1919 auti
629 1854 709 1921 tanti
730 1861 807 1918 sunt
828 1853 958 1938 milites,
980 1871 1045 1919 neu
1065 1859 1154 1918 ataui
1174 1852 1328 1933 conniti,

162 1961 223 2026 sed
242 1960 327 2026 ultra
346 1965 515 2041 eeeeptam
534 1958 679 2027 militlsm
696 1959 883 2028 desiderunt
904 1967 1058 2024 rnustram.
1080 1960 1218 2040 lnsuper
1238 1964 1328 2022 mutu

132 2066 325 2132 'numerio
355 2063 450 2128 miles
478 2065 585 2131 saneti
605 2066 772 2150 sepulchri
804 2063 1009 2146 ementitur,
1040 2061 1127 2147 quod
1147 2062 1190 2129 ad
1210 2061 1328 2142 lenum,
1463 2129 1477 2148 ,Ἴ

163 2172 219 2237 ubi
238 2170 403 2255 anseperit
423 2168 584 2252 militiam,
615 2172 743 2254 regredi
772 2170 946 2236 desiderat.
986 2168 1211 2234 Communiter
1242 2163 1328 2230 enim

163 2277 228 2359 illi,
247 2277 304 2361 qui
324 2275 359 2340 in
378 2283 465 2338 terre
483 2283 600 2342 sarrettt
621 2275 768 2357 ruenni,
789 2278 908 2338 lterum
931 2273 1038 2338 redire
1058 2272 1198 2353 vellent,
1230 2271 1328 2334 etlam
1447 2363 1450 2368 ‚

165 2381 264 2446 nullis
283 2379 493 2445 obstantibus.
504 2378 670 2462 meniis.
711 2380 773 2444 Siu
792 2399 857 2444 non
878 2379 919 2443 de
939 2378 1023 2442 aliis.

247 2485 371 2550 xxvl.
393 2485 455 2552 liat
472 2493 584 2548 nestro
604 2483 717 2548 militia
739 2483 923 2550 ordinatior.
966 2482 1054 2546 Nam
1074 2483 1226 2565 antiquus
1247 2479 1329 2542 ritus

164 2591 254 2656 illius
273 2589 410 2655 mlbtiae
429 2589 504 2673 init,
525 2587 613 2673 quotl
633 2586 741 2653 mullus
761 2587 803 2652 atl
824 2605 894 2652 eam
917 2587 1130 2670 ammonetur,
1150 2583 1214 2648 nisi
1234 2583 1330 2666 inge-

166 2693 252 2761 nuus
272 2713 293 2758 u
313 2701 452 2779 quotuor
485 2693 751 2778 progenitoribus·
770 2700 807 2755 et
831 2692 1022 2775 speotebibs
1041 2708 1163 2774 genere
1184 2693 1275 2750 esset
1295 2687 1330 2746 in

166 2809 235 2866 tnta
254 2798 422 2886 parentale
441 2797 522 2880 (Bb
567 2797 724 2877 Quemvis
752 2799 832 2862 ritus
861 2797 916 2862 ille
945 2803 1151 2862 nonensem
1177 2796 1330 2856 servetur

162 2907 247 2991 jam,
279 2908 356 2990 quie
376 2905 472 2969 etium
493 2903 655 2989 ignobiles
674 2905 709 2967 in
731 2903 850 2968 milites
869 2904 1108 2987 pereutiuntur,
1130 2899 1217 2962 sieut
1238 2900 1283 2977 et
1296 2892 1330 2955 in

168 3007 234 3072 slia
255 3007 377 3070 militis.

247 3111 386 3176 xxvu
416 3113 537 3178 Militis
566 3121 679 3178 nostra
708 3125 760 3180 est
791 3115 940 3180 humilior
970 3121 1005 3176 et
1034 3107 1219 3196 patientior.
1261 3099 1331 3166 nui

166 3218 285 3282 milites
304 3216 519 3298 dedignantur
534 3235 607 3281 enm
624 3218 696 3281 aliis
716 3219 930 3300 simplieibua,
947 3215 1002 3300 qni
1019 3231 1086 3276 non
1103 3205 1330 3286 monobiles,

167 3321 288 3384 babere
307 3320 513 3402 consortium,
535 3328 571 3384 et
589 3320 736 3384 invident
756 3322 906 3386 fortunus
925 3321 1082 3383 minorum
1100 3335 1148 3380 se
1177 3313 1246 3379 Sed
1265 3327 1331 3376 nort

167 3425 219 3488 sie
239 3422 358 3490 milltes
377 3424 482 3488 saneti
503 3423 747 3506 repetentique
764 3425 886 3488 nullum
904 3430 1197 3506 spamnot,emnes
1218 3433 1331 3480 seeum

168 3527 335 3612 patiuntur
354 3526 517 3610 pmbeisei
545 3537 580 3592 et
595 3526 759 3592 neminem
792 3527 957 3611 sbjieiunt·
999 3527 1223 3590 'lmnsiratunt
1244 3521 1330 3586 enim

168 3633 202 3696 in
223 3631 407 3696 Jerusalem
428 3649 501 3694 oum
521 3633 708 3716 monsebis,
729 3633 947 3716 presbyteris,
980 3629 1231 3708 mercatoribus,
1259 3643 1331 3690 me-

170 3737 335 3820 obaniele,
357 3735 516 3800 mendicis
535 3737 748 3821 pauperibus,
775 3738 840 3801 imo
861 3745 1028 3802 nomenoi
1048 3753 1121 3805 etun
1143 3729 1331 3799 mulieribus

166 3849 202 3904 et
219 3839 350 3923 veuls,
371 3857 445 3906 uum
467 3841 602 3925 Quis
619 3849 653 3904 et
674 3841 878 3920 nonatum
898 3857 962 3906 nso
982 3848 1096 3904 oomni
1111 3833 1332 3904 latnasoblo-

168 3945 316 4010 bubones
336 3943 532 4030 derisorum,
553 3947 609 4030 qul
629 3945 738 4011 dieunt
744 3992 755 4031 ,
776 3946 925 4012 militiam
945 3945 1052 4010 saneti
1068 3940 1236 4029 sepulobri
1253 3953 1333 4005 esse

170 4049 358 4114 muliebrem
389 4054 522 4131 propter
549 4051 733 4116 vetularum
774 4049 1064 4122 enneomitantism.
1111 4051 1166 4112 De
1196 4059 1333 4131 quarm

168 4154 326 4219 sooietaie
345 4173 410 4218 non
426 4154 536 4228 *solum
558 4173 623 4218 non
643 4139 922 4236 vereouutluritur,
944 4155 1008 4218 imo
1020 4153 1183 4236 .·gsndent,
1204 4159 1237 4216 et
1256 4150 1332 4214 inde

169 4267 329 4344 quaerunt
348 4257 412 4323 sibi
431 4257 577 4343 laudem,
598 4260 685 4344 quod
706 4258 849 4324 militium
870 4277 962 4323 suem
989 4255 1201 4342 temporalem
1221 4255 1256 4322 iu
1273 4253 1334 4320 tull
