3030 4864
596 271 805 340 ,368

185 466 388 548 tempestate,
410 469 475 538 que
495 461 528 518 et
537 451 708 534 Hercules,
729 460 761 516 et
783 457 879 535 pares
901 469 958 517 eos
981 453 1086 518 misse
1106 462 1212 517 aetate
1234 463 1267 520 et
1289 456 1384 570 lom„

184 563 333 645 titudine,
354 559 531 640 ambosque
553 554 667 642 fraude
688 557 834 640 periisse.
868 557 920 619 itt
941 566 1064 624 tantum
1087 557 1129 621 de
1148 558 1213 622 illo.
1292 657 1296 668 ι

95 849 98 852 -
185 793 246 870 lle
286 790 441 893 quodam
472 787 607 888 insigni
641 788 843 884 aestuario,
878 788 916 863 in
947 811 1018 888 quc
1048 791 1232 891 peregrini
1258 794 1363 872 laeti·

463 907 726 986 balneabantur
748 932 828 1000 cum
853 907 1079 985 Sarracenis.

265 1089 418 1158 Secunda
450 1089 503 1156 die
531 1089 619 1156 diota
643 1092 750 1155 Missa
778 1091 1009 1155 accersivimus
1029 1093 1353 1160 'l'rutsclrelmanaum

89 1177 91 1182 ⁵
181 1205 215 1262 et
237 1199 422 1281 rogavimus
442 1213 534 1279 eum,
564 1205 600 1259 ut
622 1213 683 1258 nos
704 1195 855 1259 educeret
877 1197 912 1258 in
934 1189 1099 1260 desertum
1121 1198 1162 1261 ad
1184 1202 1354 1264 terminum

182 1313 347 1385 nostrum,
380 1311 413 1364 et
434 1302 598 1382 promisit,
635 1300 720 1383 quod
745 1303 976 1363 incrastinum
998 1297 1180 1384 profecturi
1195 1322 1352 1368 essemus.

182 1401 255 1480 Qua
284 1403 498 1486 promissione
529 1402 695 1468 laetificati
727 1404 846 1468 fuimus
878 1416 910 1467 et
935 1407 1069 1487 prandio
1100 1418 1207 1472 sumto
1239 1427 1353 1472 omnes

117 1499 121 1506 '
181 1505 277 1569 simul
306 1505 347 1569 ad
367 1505 618 1570 sarracenorum
648 1510 844 1570 aestuarium
874 1509 993 1571 ivimus
1015 1517 1050 1571 st
1070 1510 1211 1574 balneati
1233 1532 1273 1576 ac
1295 1505 1352 1577 toti

180 1609 310 1673 luimus.
352 1607 469 1687 Qualia
489 1617 598 1673 autem
621 1611 688 1675 siut
709 1613 871 1674 aestuaria
890 1610 1153 1698 sarracenorum,
1175 1617 1252 1680 vide
1266 1619 1307 1692 1¹,
1323 1620 1350 1682 l.

181 1713 239 1782 l'ol.
259 1715 315 1784 84.
355 1713 424 1777 Sed
444 1716 507 1779 lace
528 1717 725 1780 aestuarium
746 1717 779 1779 in
802 1715 937 1800 Gazara
955 1724 1005 1778 est
1025 1733 1125 1798 super
1148 1721 1253 1782 omnia
1275 1709 1353 1804 pre-

181 1805 306 1904 tiosius,
328 1839 412 1903 quac
431 1820 508 1884 vidi.
538 1821 625 1888 Nam
636 1829 711 1884 ante
725 1831 876 1905 stuppam
890 1829 941 1882 est
957 1821 1111 1885 circuitus
1124 1822 1352 1903 testudinatus,

167 1927 270 1988 'sicut
291 1926 432 1989 ambitus
454 1926 605 2010 claustri,
628 1927 661 1990 ia
683 1945 747 2009 quo
768 1933 845 1988 sunt
865 1923 975 2009 plures
997 1925 1134 1991 cellulae
1154 1928 1226 1990 sine
1245 1929 1351 2005 lectis,

182 2037 304 2094 stratae
331 2033 444 2094 mattis
468 2041 501 2094 et
527 2032 645 2115 plectis
669 2031 847 2113 palmarum
869 2039 903 2093 et
923 2032 1073 2114 singulae
1094 2034 1196 2096 cellae
1218 2034 1351 2098 cortinis

182 2142 306 2198 tantum
327 2133 529 2200 clauduntur.
569 2137 607 2197 ln
628 2135 680 2198 lais
700 2135 859 2200 balneare
872 2136 1023 2200 volentes
1041 2157 1080 2202 se
1101 2141 1224 2204 exuunt
1245 2147 1278 2201 et
1297 2139 1352 2201 in-

184 2237 298 2306 duunt.
340 2241 378 2302 ln
400 2242 483 2322 ipsis
511 2239 603 2302 cellis
623 2239 766 2322 pendent
786 2241 886 2323 panni
906 2241 1030 2327 mundi,
1060 2244 1178 2327 quibus
1197 2244 1351 2327 praecin-

183 2350 305 2425 guntur
332 2343 457 2428 ingredi
486 2344 635 2408 volentes
662 2342 702 2405 ab
735 2343 887 2407 umbilico
916 2365 1021 2429 usque
1048 2346 1088 2409 ad
1116 2365 1245 2430 genua,
1280 2347 1352 2410 loco

182 2448 370 2512 braccarum
393 2457 427 2512 et
447 2449 691 2531 perizomatum,
714 2456 747 2508 et
768 2456 871 2512 totum
892 2458 970 2512 ante
991 2443 1026 2513 vet
1048 2459 1132 2514 retro
1152 2453 1282 2534 tegitur.
1313 2453 1351 2514 ln

185 2551 291 2615 medio
318 2555 438 2617 ambitu
462 2563 513 2616 est
541 2571 628 2616 nnus
657 2553 749 2636 lens,
783 2571 842 2635 per
870 2553 989 2616 multas
1016 2570 1139 2616 cannas
1159 2555 1282 2618 saliens
1310 2554 1353 2617 de

185 2659 363 2716 marmorea
393 2656 541 2720 columna
573 2666 606 2720 et
638 2673 750 2720 omnes
788 2657 932 2739 parietes
962 2666 995 2720 et
1025 2659 1244 2741 pavimentum
1276 2668 1352 2721 ante

185 2759 379 2822 aestuarium
412 2771 445 2824 et
472 2764 562 2838 intus
587 2771 664 2825 sunt
693 2751 833 2826 vestitae
860 2780 1019 2824 marmore
1048 2763 1185 2828 candido
1206 2765 1297 2827 vario
1319 2772 1352 2826 et

182 2861 298 2945 polito,
332 2865 379 2928 ita
406 2867 492 2951 qnod
520 2857 685 2932 transiens
715 2867 812 2931 habet
838 2885 877 2930 se
902 2882 1022 2929 cavera
1051 2875 1085 2930 ut
1119 2877 1214 2932 cante
1240 2868 1350 2951 vadat,

184 2984 227 3029 ne
260 2967 446 3055 lubricidet,
475 2974 561 3036 sieut
592 2972 664 3056 ille,
704 2973 760 3054 qui
795 2989 894 3055 super
927 2971 1064 3054 glaciem
1096 2971 1197 3038 vadit.
1239 2973 1352 3056 lpsun

184 3082 290 3137 autem
318 3079 510 3141 aestuarium
537 3087 588 3140 est
619 3078 653 3140 in
682 3075 810 3140 modum
840 3077 939 3139 turris
975 3075 1149 3160 quadrata,
1181 3085 1221 3160 et,
1239 3095 1350 3160 guppa

184 3177 257 3240 sive
285 3181 413 3244 testudo
432 3189 622 3268 cooperiens
644 3167 747 3266 ipsum
778 3201 843 3245 non
871 3181 971 3245 habet
998 3190 1134 3263 tectum,
1166 3180 1225 3243 sed
1253 3181 1352 3245 habet

184 3281 321 3364 plurima
343 3286 478 3351 rotunda
500 3285 673 3370 foramina,
702 3297 737 3350 ut
758 3295 857 3370 caput
877 3287 1033 3369 hominis,
1066 3285 1178 3348 clausa
1198 3285 1352 3348 fenestris

183 3387 299 3454 vitreis
321 3387 521 3454 diversorum
543 3390 707 3474 colorum,
729 3411 787 3475 per
808 3391 893 3475 quod
914 3393 1023 3454 lumen
1044 3379 1232 3472 obscurum,
1253 3389 1350 3452 suili-

185 3491 275 3554 ciens
297 3501 422 3578 tamen,
443 3494 640 3578 ingreditur,
661 3496 695 3558 in
716 3498 789 3579 ipso
811 3504 920 3560 antem
941 3495 1101 3559 aestuario
1122 3513 1187 3557 non
1209 3500 1260 3556 est
1281 3493 1350 3568 for,-

129 3658 133 3664 .
183 3613 264 3678 nax,
296 3615 358 3661 neo
388 3601 526 3665 sentitur
553 3600 648 3663 ardor
675 3602 761 3684 ignis
793 3617 856 3663 nec
877 3602 1002 3684 fumus’,
1034 3599 1094 3663 sed
1115 3599 1237 3661 iri-una
1255 3605 1349 3678 parte

182 3701 244 3760 aab
265 3702 450 3782 pavimento
470 3713 548 3767 sunt
567 3706 742 3787 carbones,
771 3706 887 3790 quibus
915 3712 1072 3771 marmora
1092 3703 1270 3787 pavimenti
1289 3717 1350 3798 eae

184 3801 296 3899 tollunt
318 3814 352 3870 et
375 3826 459 3893 aqua
479 3809 611 3872 fervens
631 3827 690 3893 per
711 3809 825 3872 canale
846 3811 878 3873 in
896 3810 1034 3894 lapidem
1051 3815 1201 3872 cavatum
1216 3823 1349 3870 currens

183 3907 245 3974 hoc
277 3919 376 3976 totum
407 3914 625 3979 habitaculum
657 3914 765 3978 calore
797 3916 907 3999 replet.
956 3917 994 3978 lir
1028 3915 1090 3977 alio
1120 3911 1222 3974 latere
1253 3913 1350 3974 intrat

182 4031 267 4096 aqua
288 4015 413 4100 lrigida
456 4019 518 4083 list
538 4021 640 4102 enim,
662 4027 698 4082 ut
725 4020 808 4103 dixi,
840 4015 1056 4084 habitaculum
1078 4015 1285 4099 quadratum,
1317 4025 1351 4080 et

182 4137 246 4182 nou
266 4119 365 4184 habet
384 4122 503 4207 lumen,
524 4125 586 4188 nisi
606 4143 666 4208 per
686 4125 842 4188 foramina
862 4119 1046 4204 testudinis,
1069 4130 1102 4183 et
1118 4122 1151 4200 pr
1168 4140 1232 4184 uno
1249 4122 1351 4184 latere

181 4232 232 4286 est
254 4225 343 4289 calor
362 4225 530 4312 alundan's
552 4238 585 4293 et
606 4216 690 4313 aqua
721 4228 842 4312 calido,
871 4225 1070 4293 insecundo
1092 4225 1195 4292 latere
1216 4234 1266 4288 est
1288 4224 1351 4313 f'l·

178 4341 243 4412 με
256 4338 298 4424 et
318 4349 404 4418 aqua
425 4333 551 4420 lrigida,
573 4333 701 4402 tertium
721 4335 808 4438 latas
831 4339 883 4398 est
904 4331 1038 4399 iberum
1060 4331 1269 4421 etpalatum,
1289 4343 1355 4430 ρος
