2926 5050
212 599 299 687 quod
318 601 392 665 siue
411 599 670 665 contradietione
697 615 759 664 uos
787 599 831 666 ad
863 599 1039 666 Jordanem
1060 599 1179 665 ducere
1199 610 1386 688 teneantur,

211 708 248 770 nt
271 711 362 790 patet
383 705 439 774 iul.
457 705 512 770 bi.
533 704 576 767 A.
618 704 673 768 Ad
691 706 755 768 bae
775 707 903 788 patroni
925 705 1096 788 dicebaut,
1113 723 1153 770 ee
1173 723 1237 771 uon
1259 723 1386 789 negare

211 827 311 895 posse
340 810 588 874 couventionem
621 809 740 874 iactam
773 811 933 876 venetiis
983 808 1051 872 Sed
1082 811 1113 872 ei
1143 813 1206 874 ista
1238 813 1384 894 pericula

212 913 411 980 imminentia
432 913 579 984 venulis
610 915 842 997 agnovissent,
871 931 1074 1000 nequaquem
1101 914 1190 978 illurn
1211 916 1383 978 mticulnm

212 1023 447 1101 acceptassent.
489 1020 683 1102 inceperunt
704 1025 813 1082 autem
837 1019 960 1083 reiecta
979 1019 1124 1103 pericula
1144 1021 1214 1084 tria.
1256 1021 1282 1081 i.
1305 1021 1384 1103 quia

211 1121 254 1188 de
274 1124 337 1188 buo
357 1124 438 1186 certi
459 1130 582 1206 essem,
604 1119 693 1205 qued
707 1123 842 1194 Arabes
862 1139 924 1188 uos
944 1125 979 1187 iu
1000 1125 1056 1188 via
1076 1133 1189 1188 contra
1203 1121 1383 1186 medanam

211 1235 458 1314 exspectarent,
480 1235 514 1290 et
534 1227 568 1290 in
595 1226 825 1292 solitudinibus
848 1207 1006 1293 iordanis
1027 1230 1190 1297 latitarent
1211 1227 1254 1290 ad
1283 1228 1384 1289 inva-

211 1332 351 1400 dendum
372 1347 444 1402 nos,
485 1331 525 1393 ll.
548 1329 716 1415 dicebaut,
748 1331 890 1416 quodie
915 1333 997 1399 locis
1017 1333 1082 1398 iilis
1103 1331 1194 1395 nulla
1209 1339 1299 1394 esset
1325 1347 1384 1393 ec-

212 1437 331 1520 clesia,
352 1435 441 1499 uuila
461 1435 610 1518 devotio,
630 1434 739 1498 nullae
758 1435 987 1519 indulgentiae.
1034 1439 1092 1507 ΠΙ.
1113 1437 1274 1518 dicebant,
1293 1434 1385 1518 quod

212 1559 271 1628 por
292 1541 380 1604 illam
400 1540 487 1603 mam
508 1559 573 1604 uon
594 1541 816 1605 inveniremus
838 1557 901 1604 uec
921 1559 1058 1626 aquarn,
1084 1557 1146 1604 nec
1165 1555 1298 1623 panem,
1321 1555 1385 1601 nee

213 1645 321 1710 locum
341 1643 441 1728 quieti
461 1651 583 1727 aptum,
604 1651 638 1708 et
657 1650 748 1707 esset
768 1653 895 1728 tempus
917 1645 1160 1729 calidissimum,
1182 1653 1214 1706 et
1235 1644 1330 1706 labor
1351 1645 1383 1706 iu

213 1749 315 1816 tantis
336 1749 497 1813 unionibus
525 1756 615 1813 esset
645 1747 865 1832 periculosus,
895 1757 930 1811 et
958 1750 1230 1814 vitaehumanae
1256 1748 1382 1830 gravis.

213 1851 272 1920 tv.
295 1851 530 1918 diiiicnltabaut
560 1869 618 1937 pro
646 1871 704 1937 eo,
734 1851 820 1939 quod
853 1870 1018 1936 expensae
1049 1862 1235 1916 crescerent
1267 1851 1326 1915 eis‘
1342 1871 1384 1915 ex

214 1959 277 2026 bec
298 1975 452 2044 magnae,
483 1959 723 2042 quia‘oportet,
745 1963 783 2019 nt
812 1961 939 2040 patroni
961 1959 1091 2022 solvant
1122 1960 1258 2040 pretium
1280 1958 1384 2020 cutti-

218 2063 348 2128 dianum
387 2062 572 2127 ductoribus
602 2071 635 2125 et
667 2061 839 2145 asinariis,
889 2063 1041 2147 quamdin
1080 2079 1194 2126 sumus
1224 2061 1258 2123 in
1292 2067 1384 2122 terra

215 2177 346 2252 sauma,
378 2175 412 2232 et
442 2168 614 2250 praecipue
645 2181 807 2248 expensas
837 2165 956 2230 multas
986 2185 1044 2250 pre
1065 2167 1228 2231 laboribus
1254 2171 1383 2248 petunt,

216 2272 345 2360 quando
373 2271 415 2336 ad
435 2271 612 2336 dordonam
640 2272 809 2334 uobiscum
840 2271 1098 2354 proficiscuntur.
1142 2271 1238 2334 Hanc
1266 2275 1383 2332 umen

216 2387 363 2464 quamam
386 2393 536 2442 censuum
560 2395 625 2441 non
646 2373 842 2458 allegabant,
859 2374 919 2439 sed
939 2397 1001 2441 uos
1019 2377 1272 2460 suspicabamur,
1294 2373 1384 2456 quod

217 2489 349 2564 propter
379 2499 448 2546 tam
481 2478 563 2542 alias
594 2480 826 2562 excogitarent.
879 2481 1019 2543 Primum
1051 2479 1312 2564 impedimentum
1346 2483 1382 2538 et

218 2583 411 2666 secuudum,
434 2591 467 2646 et
488 2592 651 2666 quartum,
673 2604 784 2667 parum
807 2587 1012 2667 curavimus,
1032 2584 1092 2649 sed
1121 2585 1251 2648 tertium
1276 2582 1385 2663 impe-

219 2683 394 2750 dimentum
427 2686 615 2750 rationabile
643 2696 676 2750 et
710 2705 823 2750 verum
853 2698 914 2752 ost.
957 2690 1017 2753 Est
1050 2688 1134 2751 enim
1166 2685 1385 2768 peregrinatio

220 2790 333 2874 mule
355 2797 485 2873 propter
508 2790 655 2854 deiectus
677 2795 936 2857 necessariorum
968 2800 1001 2856 et
1022 2793 1270 2856 immensitatem
1291 2787 1385 2852 calo-

221 2909 308 2976 rem,
330 2901 365 2958 et
383 2894 486 2960 teneri
506 2895 624 2960 milites
647 2894 772 2960 rtobiles
792 2897 1018 2980 debilitantur,
1046 2905 1084 2960 ct·
1099 2896 1225 2960 debiles
1244 2894 1385 2957 deroso-

222 2995 341 3086 lymam
365 2997 575 3086 reducuntur,
596 3009 629 3065 et
651 2999 727 3064 iude
746 3002 779 3067 iu
800 3001 927 3084 galeam
949 3001 1068 3065 iniirmi
1088 3001 1223 3064 redeunt
1242 2995 1327 3082 (B),
1352 3006 1386 3060 et

220 3103 296 3171 dum
317 3105 359 3170 ad
381 3125 469 3172 mare
492 3108 644 3192 veniunt,
666 3107 860 3190 moriuntur,
879 3125 942 3170 uae
974 3106 1132 3170 debilitati
1169 3107 1242 3169 istis
1263 3103 1386 3166 labori-

220 3209 281 3278 boa
309 3221 445 3298 putaui
484 3214 582 3278 maris
611 3213 807 3298 agitationes
836 3212 1008 3274 sustinere.
1049 3214 1124 3272 Hoc
1154 3210 1238 3272 enim
1260 3215 1386 3270 certum

220 3321 286 3398 eat,
316 3314 404 3400 quud
433 3319 652 3404 peregrinatio
677 3317 834 3381 Jordauis
869 3316 978 3400 piures
1004 3316 1195 3398 peregrinos
1219 3313 1386 3393 interimit,

220 3415 278 3500 qui
297 3417 427 3500 quidem
446 3437 510 3484 uou
531 3422 708 3484 moriuntur
728 3421 815 3483 circa
826 3421 1013 3502 Jordauem,
1033 3417 1093 3481 sed
1115 3417 1239 3482 reversi
1259 3414 1388 3478 debiles

221 3517 257 3582 ia
276 3517 371 3600 galea
391 3518 562 3604 deiciunt,
581 3523 636 3605 qui
655 3537 828 3604 numquam
856 3525 1070 3607 deiecissent,
1090 3524 1121 3585 ei
1141 3523 1175 3584 in
1199 3520 1387 3584 Jerusalem

221 3621 427 3686 mneos
468 3621 652 3710 Numquam
671 3625 842 3690 suaderem
871 3629 967 3692 alieni
987 3628 1179 3712 peregrino,
1208 3635 1387 3710 mantum-

221 3739 362 3812 eataqua
380 3725 471 3810 lorti,
491 3727 524 3790 io
545 3727 640 3814 cujus
660 3730 765 3796 oculis
785 3732 854 3795 vita
873 3749 934 3795 sua
954 3733 1098 3816 pretiosa
1118 3741 1187 3813 ert,
1207 3741 1244 3794 ut
1261 3729 1387 3794 dorda*

224 3845 298 3896 aeas
320 3829 478 3916 meet,
499 3833 575 3916 qnia
592 3833 661 3899 vidi
681 3835 790 3920 plum
810 3838 844 3900 in
864 3844 1002 3921 utraque
1022 3837 1282 3920 peregrinatione
1301 3833 1387 3897 deii-

221 3951 299 4002 cere
318 3941 354 4002 et
374 3936 470 4022 mori,
492 3937 618 4004 nobiles
636 3950 670 4004 et
690 3941 800 4006 fortes.

305 4042 343 4108 ia
372 4040 476 4128 putea
503 4061 575 4108 mea
602 4045 858 4130 peregrinatione
890 4042 1081 4112 deduximus
1105 4061 1205 4109 nuum
1224 4045 1387 4127 integrum

224 4141 310 4210 tte·
336 4145 490 4232 litigando
510 4165 584 4212 oum
608 4157 743 4232 patrono
771 4159 805 4214 at
824 4151 1126 4234 Tmlsohelmauno,
1147 4169 1206 4233 pro
1227 4167 1278 4232 eo,
1299 4149 1387 4233 quod

222 4250 375 4318 ”isbaal
403 4269 465 4318 uos
496 4251 538 4316 ad
556 4253 731 4319 Jordanem
763 4254 904 4338 ducere,
931 4265 965 4319 et
995 4254 1077 4320 adeo
1106 4255 1187 4319 dure
1214 4264 1327 4318 contra
1347 4270 1387 4317 se

221 4357 352 4426 dabam
372 4357 529 4442 invicem,
553 4362 714 4442 peregrini
734 4370 770 4422 et
788 4369 965 4442 patrouue,
990 4359 1078 4441 qnod
1105 4359 1258 4422 dentibus
1285 4360 1320 4421 in
1347 4374 1387 4421 se

222 4457 422 4546 tremebam,
449 4471 484 4524 et
510 4462 621 4525 verbis
648 4463 801 4543 pessimis
828 4477 867 4523 sa
886 4460 1088 4540 lacerabant,
1109 4468 1142 4522 et
1162 4461 1333 4543 opprobria
1352 4473 1388 4526 et
