2962 5022
250 639 283 696 et
313 625 536 714 sustentacula
566 625 706 712 pedum
740 633 774 690 et
803 627 851 690 tta
870 645 930 709 per
957 644 1075 711 gyrum
1097 629 1187 709 rupis
1206 632 1385 712 suspensio

245 735 390 817 seopulis
412 749 541 796 eramus
561 749 692 796 sursum
712 739 888 815 reptantes,
912 733 997 795 siout
1019 733 1173 796 formicae
1196 735 1323 798 arbores
1341 736 1386 798 ad-

247 839 417 904 scendunt.
460 837 604 900 'l'sndem
633 845 758 919 autem,
792 837 869 920 quia
899 837 1063 920 improbus
1091 837 1182 899 lsboi
1212 839 1276 922 (b)
1302 843 1388 903 omnia

253 945 367 1029 vincit,
387 945 421 1008 in
442 948 542 1024 caput
561 944 635 1005 sivo
655 959 811 1005 acumen
832 942 918 1005 sacri
937 944 1055 1006 montis
1076 943 1245 1026 venimus3
1263 946 1315 1007 ubi
1332 945 1387 1008 dun

248 1067 409 1133 essemus,
446 1047 528 1112 adeo
556 1067 653 1130 asper
680 1056 713 1110 et
743 1046 843 1111 durus
864 1047 1021 1131 fortisque
1042 1047 1131 1109 tlavit
1159 1055 1300 1132 ventus,
1323 1048 1388 1134 quod

245 1174 308 1220 nec
328 1173 421 1219 oraro
452 1171 514 1216 nec
546 1151 718 1237 quidquam
751 1152 827 1215 boni
858 1149 968 1214 tacere
997 1152 1159 1215 voluimus
1178 1153 1303 1236 absque
1320 1157 1388 1238 igne

251 1257 370 1324 Statim
392 1267 499 1322 autem
517 1258 646 1322 Arabes
675 1257 884 1340 comportatis
914 1258 1084 1319 sarmentis
1103 1265 1137 1318 et
1158 1275 1237 1340 rogo
1259 1269 1389 1344 congosto

246 1381 399 1447 magnum
421 1364 528 1446 ignem
549 1364 717 1444 focerunt,
747 1360 789 1424 ad
810 1379 907 1445 quom
928 1362 1094 1443 stetimus,
1129 1379 1235 1443 nsque
1257 1363 1329 1427 dum
1345 1363 1388 1443 sol,

246 1469 303 1552 qui
331 1469 394 1532 ism
424 1467 542 1531 dudum
575 1476 664 1532 ortus
694 1467 814 1548 fuerat,
845 1465 942 1530 altius
972 1466 1164 1528 ascenderet
1184 1475 1219 1528 et
1240 1478 1388 1532 ventorum

245 1573 334 1654 rigor
352 1573 545 1636 mitesceret.
588 1572 694 1636 Nobis
722 1591 800 1655 ergo
825 1570 994 1634 calefactis
1015 1581 1047 1633 et
1069 1571 1305 1654 quodammodo
1323 1575 1390 1636 vivi·

245 1675 350 1738 ficetis
370 1678 570 1740 accessimus
591 1676 633 1739 ad
646 1677 827 1760 angelicum
845 1676 1045 1739 clarissimae
1060 1674 1197 1758 virginis
1217 1674 1392 1740 Gatbnimo

247 1779 401 1844 tumulum
424 1789 457 1843 et
478 1778 594 1843 laudes
615 1783 835 1865 praescriptas
855 1782 889 1844 in
915 1779 1148 1864 processionali
1159 1787 1269 1842 torrae
1279 1791 1392 1845 modae

249 1884 495 1950 decantavimus
526 1903 601 1948 cnm
619 1884 822 1968 jocunditate
843 1893 878 1948 et
906 1884 1056 1947 devotius
1085 1885 1253 1948 oravimus
1275 1887 1393 1950 diutius·

248 2009 312 2076 quo
331 1988 565 2054 meditabamur
586 2009 659 2054 cum
670 1990 800 2056 silentio
821 2002 854 2056 ot
871 1990 1093 2071 indulgentias
1108 1979 1278 2072 plenariae
1298 1994 1393 2055 muis-

247 2097 351 2162 siouis
372 2095 452 2178 (st)
474 2097 668 2179 accepimus.

247 2183 250 2190 ⁴
330 2203 369 2264 ln
400 2201 463 2266 boc
496 2199 665 2284 spectabili
693 2198 766 2263 loco
793 2200 953 2284 singulari
983 2194 1102 2280 gaudio
1130 2193 1243 2260 affecti
1276 2197 1396 2274 fnium
1438 2239 1439 2242 =

247 2325 322 2370 nana
344 2307 513 2389 bucusque
533 2301 768 2388 progrediendo
800 2323 929 2390 semper
953 2301 1129 2364 avertimus
1151 2317 1215 2364 nos
1236 2320 1256 2364 a
1278 2309 1399 2366 terrast

249 2411 353 2493 patria
374 2420 497 2493 nostra,
518 2410 578 2472 sed
598 2410 639 2473 ob
660 2408 724 2472 boc
750 2405 953 2470 desiderabili
977 2405 1048 2468 loco
1066 2405 1247 2486 incepimus
1258 2426 1325 2472 nos
1337 2425 1401 2471 eon·

247 2521 376 2578 vertere
397 2524 429 2577 et
455 2514 579 2578 vultum
592 2513 720 2578 firmare
738 2520 851 2575 contra
872 2511 979 2575 natale
1001 2509 1116 2594 solnm,
1137 2519 1256 2574 terram
1277 2513 1401 2594 patriar

248 2625 282 2679 et
303 2617 467 2699 regionam
488 2627 652 2700 nostram3
683 2618 770 2701 quod
792 2635 887 2700 quam
909 2616 1192 2700 gaudiosissimnm
1214 2624 1245 2678 et
1266 2615 1406 2678 delecta·

249 2719 315 2788 bilo
336 2719 443 2802 fuerit,
464 2740 528 2783 non
550 2721 701 2806 intelligit
719 2722 783 2784 nisi
802 2722 843 2803 is,
863 2724 920 2804 qui
940 2723 974 2784 in
989 2719 1100 2804 procul
1122 2721 1343 2784 existentibus
1364 2739 1408 2783 ra·

204 2813 220 2846 ’
253 2824 406 2908 gionibus
428 2842 549 2887 moram
572 2809 714 2890 traxerit'
730 2834 764 2890 et
784 2826 817 2889 in
839 2825 1061 2889 alienisterris
1083 2824 1159 2887 exul
1170 2826 1270 2888 fuerit
1293 2836 1329 2889 et
1349 2843 1409 2888 cun

247 2929 365 3015 populo
397 2929 460 2992 sibi
485 2930 613 3014 ignoto,
649 2931 742 3013 cujus
773 2948 835 2993 nec
862 2949 969 2994 mores
995 2948 1057 2993 nec
1089 2929 1232 3012 linguam
1252 2930 1411 3013 intelligit,

251 3043 466 3102 conversatus
488 3035 582 3098 fuerit
604 3043 639 3098 ot
668 3037 701 3097 in
727 3043 827 3118 gente
855 3035 987 3098 alterins
1009 3042 1137 3116 sectae,
1165 3032 1308 3098 alterins
1329 3039 1413 3110 ritus

252 3141 389 3205 alterum
410 3139 516 3204 Deum
537 3138 773 3223 quodammodo
792 3139 928 3204 colendo
949 3139 990 3203 ad
1012 3149 1138 3222 tompus
1158 3143 1338 3210 manserit.
1358 3139 1415 3207 llle,

247 3246 397 3329 mquam,
432 3243 582 3326 intelligit
614 3244 677 3307 boo
703 3235 879 3326 poeticum:
922 3244 1027 3308 Dulce
1062 3243 1170 3306 natale
1200 3244 1329 3308 solnm.
1374 3247 1415 3304 bo

249 3367 315 3434 quo
336 3349 432 3412 etiarn
453 3349 551 3433 Hugo
576 3348 632 3410 illc
664 3348 837 3432 Regularis
855 3350 942 3413 idem
971 3357 1123 3430 testatur,
1150 3356 1204 3430 ut,
1232 3349 1363 3433 inquit,
1383 3347 1417 3408 ait

248 3454 398 3537 qnidam,
420 3456 541 3538 nescio,
570 3471 634 3536 qna
655 3453 762 3517 natale
783 3453 888 3518 solum
911 3450 1081 3518 dulcedine
1103 3460 1240 3516 cunctos
1276 3454 1417 3519 ducite

247 3558 451 3622 immemores
473 3578 537 3623 non
557 3559 634 3621 sinit
656 3575 732 3620 esse
753 3559 813 3622 suit
906 3613 908 3618 ,

236 3745 237 3750 ¹
332 3663 512 3728 Habuimus
534 3681 612 3746 ergo
633 3662 827 3745 duplicatam
860 3665 894 3724 in
915 3663 977 3726 hoo
1005 3662 1076 3726 loco
1107 3677 1201 3724 sacro
1226 3659 1421 3742 jocundita-

248 3778 368 3833 temet
393 3767 605 3850 dnlcedinem,
624 3785 721 3838 unam
743 3787 785 3832 ex
805 3768 958 3830 memoria
987 3767 1107 3829 recenti
1127 3765 1252 3828 natalis
1278 3759 1422 3846 soli,al

249 3873 336 3957 quod
367 3890 428 3937 nos
449 3872 688 3954 convertimus,
707 3871 800 3936 aliam
828 3890 871 3933 ox
891 3873 1076 3953 praesentia
1096 3869 1275 3953 virginalis
1298 3865 1428 3934 tumuli.

249 3976 335 4060 quod
353 3977 387 4039 in
417 3985 590 4060 prospectu
612 3974 773 4058 vidimus,
796 3976 962 4058 tetigimus
994 3983 1028 4038 et
1049 3975 1091 4038 ad
1111 3975 1276 4057 placitum
1299 3983 1431 4040 tracta·

249 4067 367 4146 vimus.
411 4082 519 4145 Huius
540 4081 653 4144 tumuli
670 4080 836 4162 dispositio
858 4080 934 4143 talis
966 4089 1025 4144 est.
1081 4078 1187 4162 Caput
1218 4083 1306 4144 sive
1333 4097 1434 4144 eac*

249 4203 324 4248 men
350 4186 435 4248 sacri
457 4178 574 4249 m'ontia
602 4185 705 4269 Synai
747 4196 797 4248 est
829 4187 956 4268 integra
991 4195 1082 4268 petra
1103 4195 1241 4267 cluna,
1273 4187 1317 4249 in
1345 4203 1439 4250 sum-¹

250 4289 362 4350 mitate
382 4289 479 4370 plana
499 4291 562 4372 ita,
586 4291 671 4372 quod
694 4279 803 4372 platea
822 4291 890 4367 (in)
911 4292 1060 4373 supernis
1081 4299 1131 4354 est
1159 4290 1347 4373 rotunda,
1384 4305 1439 4352 non

249 4387 380 4448 multum
403 4391 487 4469 lata,
509 4393 636 4454 circiter
658 4411 719 4456 sex
751 4411 913 4475 passuum.
957 4397 1180 4458 Pavimentum
1209 4394 1376 4476 plateae
1400 4405 1439 4454 est

250 4490 365 4542 vertex
405 4498 534 4569 petrae,
573 4503 605 4554 et
641 4514 701 4575 per
738 4498 906 4560 circuitum
940 4498 974 4560 in
1016 4501 1161 4581 margine
1193 4499 1357 4582 plateae
1404 4505 1439 4562 ed
