2954 4914
736 309 801 408 '1⁰4

188 533 223 590 et
239 523 345 608 galeis
365 525 482 590 solatis
503 541 524 586 a
545 522 685 588 tonsillis
706 531 739 586 at
765 521 885 586 levatis
907 521 1035 615 ruperis
1054 531 1229 586 erexerunt
1251 525 1356 587 nostri

187 627 308 691 vexilla
328 627 493 712 galearum
523 635 650 690 etcum
673 626 857 690 tombaruis
878 637 989 695 anatra
1011 635 1116 690 turres
1136 629 1247 710 Jsppe
1269 628 1356 710 lapi·

188 732 247 796 tes
269 732 425 798 miserunt
462 742 494 795 at
516 750 590 796 eum
612 732 738 814 magnis
766 730 960 796 dmerilans
981 740 1095 796 eontra
1114 729 1357 797 Sarraeerma

186 843 281 920 partu
302 844 517 902 renassernnt.
560 835 741 898 Venientes
770 844 877 900 auten
898 833 931 898 in
954 833 1099 918 Cyprum
1120 836 1211 900 multi
1231 837 1281 898 ibi
1300 837 1357 898 in-

186 941 454 1023 firmatillaerunt,
475 949 509 1002 et
530 937 660 1021 quidam
681 939 807 1002 nubiles
830 940 947 1005 milites
963 940 1008 1004 iti
1027 941 1182 1004 obierunt
1213 939 1358 1002 'Deinde

187 1053 419 1130 processerunt
439 1063 461 1106 a
485 1042 596 1126 Cypra
618 1050 732 1106 eontra
751 1041 919 1127 lthadum,
942 1042 1002 1106 seul
1026 1043 1119 1106 tuta
1143 1052 1214 1106 erat
1239 1062 1358 1106 eurum

173 1151 364 1246 navigatio,
383 1151 440 1231 ita,
463 1148 550 1231 quod
570 1167 674 1231 aquae
684 1148 848 1212 deleetum
858 1148 1063 1232 patiebantur
1073 1165 1245 1228 magnum3
1268 1147 1359 1210 unde

189 1264 302 1318 eontra
315 1253 488 1336 Napuliam
501 1250 551 1336 [N
551 1253 682 1316 atellam
688 1249 735 1335 21,
757 1270 841 1334 quae
853 1253 998 1336 proxima
1017 1253 1109 1336 regio
1130 1260 1210 1332 erat,
1231 1251 1269 1312 in
1290 1269 1358 1334 qna

190 1359 287 1424 'lltrci
308 1359 440 1440 degunt,
463 1375 581 1421 navem
600 1356 794 1438 direxerant,
813 1364 854 1420 ut
864 1357 940 1429 inde
957 1375 1074 1440 aquam
1084 1355 1240 1418 tollerent.
1286 1353 1358 1417 Sed

191 1462 266 1526 dum
289 1471 414 1543 portum
436 1460 597 1544 quendam
623 1461 764 1544 ingressi
789 1461 937 1545 luissent,
963 1471 996 1524 et
1019 1460 1162 1524 auditum
1189 1459 1313 1522 finisset
1336 1478 1358 1521 a

77 1583 81 1590 ’
148 1581 170 1622 .·
190 1565 305 1631 'furuis
314 1604 327 1640 ,
356 1565 444 1650 qnod
464 1573 575 1628 essent
593 1566 709 1648 galeae
737 1567 978 1664 peregrinarum
998 1564 1357 1653 Jerusalymitanttmm,

127 1705 131 1714 ·
184 1661 400 1756 nequaquam.
424 1669 577 1734 volebant
596 1671 657 1764 ,eis
691 1669 769 1732 daie
799 1689 861 1733 nee
882 1687 999 1754 aquam
1035 1671 1098 1732 nea
1130 1687 1267 1751 panem,
1293 1685 1371 1732 nea.

88 1787 91 1794 “
190 1775 318 1854 salvum
339 1773 532 1838 eondu'eturn
554 1772 597 1835 ad
616 1769 806 1841 'exeundum
834 1783 1000 1859 praestare
1025 1772 1191 1853 velebant,
1209 1772 1277 1852 seul
1300 1791 1357 1834 re-

191 1879 307 1942 eedere
328 1878 370 1942 de
391 1897 501 1942 eorum
515 1878 633 1940 linibus
653 1879 749 1940 eitius
759 1877 989 1962 compulerunt.
1032 1878 1254 1940 lteeessernut
1275 1890 1357 1958 erga

189 1986 301 2046 tristes
321 1991 453 2065 propter
473 1979 636 2046 defeetum
668 1999 832 2066 aquarum.
874 1983 966 2056 Deus
993 1991 1102 2044 taurea
1118 1999 1220 2063 ¹quarn
1245 1983 1356 2042 statim

191 2076 279 2153 rais'it
299 2088 347 2150 eis
368 2096 500 2148 ventum
521 2088 651 2168 bonrum,
672 2087 728 2168 qui
749 2085 891 2150 eustulit
907 2104 1011 2168 usque
1024 2080 1149 2147 mulas
1161 2083 1355 2167 Cycladum,

191 2195 225 2256 ln
246 2191 363 2276 quibus
380 2175 424 2253 'ad
437 2189 588 2254 Rhodum
604 2191 837 2274 applicuerunt,
858 2197 892 2252 et
902 2189 1223 2252 ibisefeuillatienam
1233 2207 1356 2271 aceep-

192 2307 285 2360 erunt
316 2297 433 2360 multos
455 2295 525 2357 alies
545 2296 590 2358 ibi
618 2305 763 2378 agentes.
804 2296 856 2358 lle
879 2292 997 2356 unaue
1018 2302 1125 2380 antem
1148 2296 1355 2378 navigantes,

192 2418 265 2462 curn
286 2401 354 2478 (in)
376 2399 477 2460 altum
506 2400 604 2461 maris
624 2403 815 2484 venissent,
838 2413 917 2464 esee
949 2399 1044 2460 navis
1065 2398 1200 2479 piratica
1218 2408 1354 2480 armata,

192 2502 234 2565 ad
254 2499 471 2567 invadendum
490 2502 603 2582 galeas
622 2513 746 2588 parata,
771 2508 820 2568 eis
837 2504 995 2584 oeeurrit,
1017 2502 1103 2582 quod
1119 2504 1268 2566 videntes
1288 2495 1354 2586 guss

193 2607 381 2667 bernatores
407 2612 576 2666 verterunt
596 2603 708 2688 galeas
729 2615 842 2670 eontra
862 2606 1022 2688 Rhodum,
1045 2625 1128 2690 quas
1150 2608 1242 2668 navis
1264 2607 1355 2688 pira-

193 2711 257 2772 tiea
277 2707 483 2768 velocissime
503 2709 718 2790 sequebatur,
739 2720 774 2774 et
793 2712 857 2778 nisi
878 2713 969 2774 lleus
989 2721 1088 2774 vente
1116 2710 1187 2788 (B)
1209 2731 1297 2775 nove
1320 2720 1354 2772 et

193 2811 351 2895 singulari
371 2812 421 2872 eis
439 2810 627 2892 adjutorium
638 2815 866 2896 praestitisset,
886 2817 1030 2898 prefecto
1045 2816 1221 2898 piratarum
1237 2833 1353 2878 manus

194 2935 259 2980 nun
281 2905 475 2979 evasissent.
518 2915 602 2981 Cum
630 2921 715 2980 enim
743 2920 866 3002 piratae
896 2923 959 2984 iam
980 2936 1081 3004 prope
1112 2931 1231 3002 essent,
1261 2921 1353 2982 venit

192 3029 314 3086 ventus
335 3031 367 3084 et
394 3025 504 3086 ambas
522 3021 636 3106 galeas
657 3034 789 3106 repente
808 3026 919 3107 rejecit
938 3028 973 3086 in
993 3035 1120 3108 portum
1138 3023 1350 3086 Rhodiannm.

192 3133 231 3193 ln
260 3131 435 3194 erastinum
466 3127 601 3191 ulterius
632 3129 869 3221 navigaverunt
903 3136 938 3190 et
958 3147 1113 3212 prospera
1144 3129 1353 3210 navigatione

192 3236 355 3318 percursis
375 3237 552 3319 provinciis
573 3233 791 3314 orientalibus
813 3233 961 3316 Graecia,
983 3233 1113 3315 Aehaja
1143 3242 1176 3296 et
1205 3234 1352 3313 caeteris,

192 3357 297 3422 usque
327 3343 361 3399 in
390 3335 750 3414 Parentiumflistriae
780 3335 962 3400 Dalmatiae
993 3337 1121 3403 adventi
1157 3345 1243 3399 sunt.
1291 3337 1353 3400 Est

193 3449 301 3503 autem
316 3440 469 3502 Parentia
498 3439 629 3501 ultimus
659 3446 789 3521 pertus,
811 3454 831 3499 a
850 3456 915 3520 que
936 3442 1049 3523 incipit
1068 3460 1157 3504 mare
1177 3441 1351 3523 Venetam,

192 3563 250 3627 per
272 3542 361 3624 qnod
376 3541 492 3624 galeae
513 3551 546 3603 et
566 3562 670 3606 naves
691 3561 829 3625 magnae
850 3563 915 3607 non
938 3555 1075 3628 possunt
1103 3547 1258 3628 transire,
1288 3548 1351 3610 nisi

192 3647 237 3710 sit
257 3644 432 3728 singularis
463 3645 593 3727 quidam
622 3656 757 3730 ventus,
792 3666 854 3730 quo
881 3669 946 3712 non
967 3651 1066 3712 flante
1098 3659 1223 3732 oportet
1243 3652 1277 3712 in
1297 3651 1351 3714 illo

192 3757 287 3832 partu
308 3747 363 3810 dtu
384 3766 525 3833 manere,
543 3769 640 3833 quam
660 3750 716 3814 din
738 3769 802 3815 non
823 3753 958 3816 flaverit}
999 3753 1095 3817 Unde
1116 3772 1246 3838 semper
1277 3765 1351 3818 sunt

193 3855 227 3916 in
257 3861 350 3932 portu
380 3851 435 3914 illo
456 3852 592 3916 barearii
621 3871 694 3917 eum
716 3858 843 3938 magnis
872 3859 996 3940 barcis,
1032 3866 1068 3920 et
1097 3858 1226 3940 quande
1253 3859 1350 3942 aliqui

195 3955 348 4016 resumant
363 3957 478 4018 venire
490 3957 658 4042 Venetias,
679 3960 862 4023 conducunt
885 3963 1012 4024 barcam
1035 3971 1068 4023 et
1087 3965 1121 4022 in
1140 3981 1181 4024 ea
1198 3964 1351 4044 navigant

194 4059 363 4120 venetias.
405 4059 461 4122 Sie
487 4063 585 4124 etiam
606 4063 753 4126 fecerunt
774 4065 866 4126 multi
896 4068 1058 4148 peregrini
1090 4066 1126 4126 in
1153 4085 1225 4128 mea
1251 4067 1352 4148 prima

194 4163 460 4244 peregrinatione.
505 4161 587 4226 Cum
618 4184 696 4248 erge
722 4185 784 4228 nee
810 4167 879 4247 jam
910 4171 1001 4232 venti
1031 4169 1130 4231 utilas
1168 4178 1279 4235 assent
1311 4169 1351 4232 ad

194 4267 411 4349 nar'igandum
432 4265 556 4348 guallum
581 4267 784 4351 Veneticum,
806 4272 1031 4334 conduxerunt
1052 4274 1350 4354 peregrinitatem,

195 4379 228 4432 et
248 4378 360 4434 eontra
376 4369 536 4434 Venetias
553 4372 797 4455 navigaverunt.
840 4373 909 4437 Sed
930 4393 1020 4457 esee,
1043 4383 1149 4441 metus
1171 4379 1280 4440 faetus
1301 4385 1350 4438 est
1376 4408 1396 4450 s,
