3014 4864
659 257 662 262 ·
716 225 760 290 89

161 427 238 494 ergo
260 409 391 474 asinard
412 409 445 472 iu
466 405 537 484 (B)
558 407 747 472 Jerusalem
778 406 1014 473 descendentes
1045 425 1104 490 per
1134 410 1219 472 viam
1241 406 1328 470 inie-

160 517 292 594 riorem,
323 529 395 576 cum
418 513 533 596 quihus
557 511 649 574 multi
677 514 838 597 peregrini
857 511 1031 596 redierunt,
1053 516 1110 595 qui
1132 511 1328 574 festinabant

161 621 204 684 ad
224 620 329 708 cibum
350 627 478 680 coctum
519 626 551 678 et
582 616 622 679 ad
645 616 719 680 loca
752 619 879 700 quietis.
923 615 1090 699 Siquidem
1117 617 1158 680 ah
1192 632 1327 699 egressu

161 730 273 788 nostro
295 722 335 787 de
360 722 544 786 Jerusalem
565 739 671 806 usquc
690 719 732 785 ad
754 720 888 784 reditum
910 739 975 783 non
995 723 1199 802 gustavimus
1221 720 1328 784 cibum

162 828 317 910 calidom3
340 826 441 908 major
459 836 566 890 tamen
597 843 675 909 pars
696 826 814 888 mansit
845 825 878 887 in
899 825 1076 908 Bethania,
1109 843 1182 888 cum
1211 824 1328 908 quihtrs

162 941 197 996 et
224 951 286 1015 ego
315 933 439 1012 mansi,
471 942 505 995 et
536 933 619 995 forte
645 928 723 993 nulli
746 929 996 1010 remansissent,
1028 930 1142 1010 siege
1175 947 1231 992 eos
1263 945 1328 991 non

161 1035 375 1101 induxissem.
421 1033 503 1096 Cum
529 1052 606 1116 ergo
628 1030 674 1094 illi
696 1051 715 1094 a
737 1034 831 1096 nohis
852 1035 1086 1114 recessissent,
1115 1033 1275 1095 exivimus
1296 1042 1330 1095 et

159 1161 222 1208 nos
252 1143 293 1206 de
328 1139 488 1204 Bethania
531 1147 564 1201 et
595 1145 670 1202 ante
702 1136 844 1201 vicuium
874 1140 970 1204 irascii
1002 1138 1154 1202 venimus
1176 1138 1210 1200 in
1232 1155 1329 1198 unum

162 1249 412 1312 sarracenorum
450 1243 694 1325 coemeterium,
732 1263 791 1326 per
812 1245 895 1328 quod
927 1245 1065 1306 transire
1092 1259 1229 1308 necesse
1249 1249 1329 1323 erat,

160 1353 215 1416 vel
237 1352 389 1432 circuire;
425 1332 635 1412 'transivimus
667 1366 755 1431 ergo.
798 1350 841 1412 ltlt
862 1367 941 1412 ecce
969 1349 1082 1413 mulier
1109 1363 1283 1412 sarracene
1310 1362 1331 1407 a

162 1458 259 1539 longe
280 1464 372 1519 stans
403 1462 436 1518 et
464 1453 582 1517 videns
624 1456 763 1518 accurrit
796 1455 837 1517 ad
858 1473 919 1518 nos
960 1463 993 1518 et
1026 1471 1099 1517 cunr
1136 1453 1330 1516 elamoribus

161 1563 289 1646 magnis
320 1579 381 1624 nos
412 1560 601 1622 inclamavit
643 1569 675 1621 et
708 1577 781 1622 enm
813 1560 973 1643 lapidibus
1006 1567 1118 1624 eontra
1148 1575 1211 1621 nos
1237 1556 1329 1640 jecit,

74 1751 77 1758 Ι
162 1666 295 1748 ejiciens
316 1683 376 1728 nos
397 1665 438 1727 de
457 1664 659 1728 coemeterio.
708 1662 789 1726 Cum
813 1664 1000 1728 festinantia
1024 1683 1102 1748 ergo
1132 1663 1327 1746 aufugimus,

162 1791 204 1834 no
230 1770 269 1834 ad
290 1770 448 1834 clamores
484 1768 536 1831 alii
561 1767 734 1830 Sarraceui
766 1779 970 1833 accurrerent
1004 1781 1036 1833 et
1064 1787 1124 1833 nos
1155 1774 1328 1846 vexarent3

162 1895 227 1940 non
249 1877 334 1938 enim
356 1883 491 1956 possunt
512 1873 693 1953 sustinere,
717 1872 803 1953 quod
836 1891 935 1956 supra
963 1874 1168 1956 sepulchrum
1198 1887 1329 1936 suorum

161 1990 355 2044 mortuorum
378 1977 560 2056 calcemus,
597 1985 632 2038 nt
653 1984 745 2057 patet
769 1976 823 2039 iol.
856 1979 899 2040 82
929 1980 962 2039 in
985 1980 1073 2040 artic.
1095 1979 1126 2042 3.
1170 1975 1329 2038 Venimus

162 2103 241 2166 ergo
262 2083 303 2144 ad
326 2083 430 2161 viam,
464 2097 548 2161 quae
570 2079 659 2140 ducit
693 2095 794 2160 super
822 2089 960 2142 montem
984 2079 1118 2162 Oliveti,
1149 2099 1207 2162 per
1233 2097 1329 2161 quam

162 2187 320 2252 Dominus
340 2184 442 2247 Jesus
462 2185 496 2245 in
517 2183 569 2246 die
586 2182 764 2265 palmarum
786 2201 913 2247 sursum
937 2183 1091 2248 ascendit.
1120 2184 1203 2247 Cum
1225 2183 1330 2246 devo-

161 2295 249 2358 tione
270 2307 365 2373 ergo,
386 2289 515 2352 silentio
555 2298 587 2350 et
608 2288 755 2351 cretione
788 2290 996 2354 ascendimus
1027 2309 1085 2372 per
1113 2291 1223 2353 hortos
1248 2287 1329 2350 iico-

162 2419 241 2462 rnm.
284 2395 338 2458 Ad
358 2413 453 2457 unum
477 2401 584 2457 autem
608 2394 734 2458 hortum
751 2396 917 2479 venimus,
939 2397 973 2459 in
1000 2415 1064 2480 quo
1092 2395 1233 2460 vidimus
1258 2411 1329 2454 ma-

163 2512 253 2566 turas
273 2503 355 2565 licus
375 2517 527 2584 magnas,
547 2498 648 2562 blavii
669 2499 795 2563 coloris.
819 2500 892 2564 Duo
912 2510 1019 2564 autem
1040 2502 1166 2568 hortum
1188 2499 1329 2583 ingressi
1364 2562 1367 2566 .

164 2623 236 2668 curn
258 2607 389 2669 arhores
410 2603 651 2685 ascendissent,
689 2604 823 2668 advenit
851 2625 915 2669 una
947 2608 1058 2670 vetula
1094 2625 1216 2690 eosque
1255 2623 1329 2667 curn

165 2709 324 2793 lapidibus
345 2717 378 2772 et
400 2709 593 2772 clamoribus
624 2707 665 2770 de
686 2710 777 2772 horto
811 2711 949 2792 expulit,
985 2719 1194 2795 portaverunt
1222 2719 1349 2774 tamen.

163 2815 256 2877 nohis
285 2812 326 2876 de
348 2813 504 2876 fructibus
526 2813 608 2894 illis,
641 2811 683 2874 de
710 2813 828 2895 quihus
847 2813 951 2894 jejuni
975 2813 1262 2894 manducavimus,
1296 2821 1330 2874 et

163 2919 329 3001 progressi
350 2933 463 2980 sumus
483 2915 722 2978 adscendentes
743 2935 801 2996 per
822 2917 942 2980 clivum
962 2932 1102 2983 sursum.
1132 2919 1171 2979 ln
1192 2917 1255 2978 hac
1275 2915 1331 2978 via

162 3022 347 3085 invenimus
369 3018 488 3083 multos
508 3035 644 3101 sparsos
666 3018 795 3100 lapillos
817 3018 1014 3102 quadratos,
1050 3020 1092 3082 de
1112 3021 1212 3102 polito
1242 3035 1330 3079 mar-

164 3143 253 3188 more
274 3132 308 3186 et
338 3125 446 3205 vario,
480 3131 511 3184 et
534 3122 662 3206 quidam
697 3121 796 3186 irater
824 3129 919 3186 extra
946 3123 1032 3185 viam
1062 3123 1248 3186 modernam
1270 3137 1330 3183 nos

164 3231 267 3313 drrxit,
280 3239 311 3292 et
332 3229 377 3292 ibi
398 3229 576 3311 reperimus
599 3228 817 3310 pavimentum
840 3228 944 3310 campi
966 3236 1101 3290 stratum
1122 3226 1222 3312 polito
1243 3243 1330 3288 mar-

165 3356 256 3399 more
276 3343 309 3400 et
329 3333 430 3398 vario.
474 3331 642 3416 Siquidem
665 3332 699 3395 S.
733 3333 861 3396 Helena
892 3350 1006 3396 omnes
1035 3335 1127 3417 vias,
1159 3351 1218 3416 per
1249 3348 1331 3413 quas

164 3439 298 3504 noverat
319 3439 491 3502 Dominum
520 3437 634 3500 Jesnm
664 3439 857 3501 transivisse
885 3439 917 3500 in
941 3431 1144 3503 hebdomade
1176 3451 1330 3521 poenosa,

166 3563 323 3608 marmore
343 3551 462 3609 stratas
484 3542 651 3606 decoravit
673 3561 693 3606 a
714 3543 872 3606 Bethania
893 3561 1023 3607 sursum
1049 3541 1216 3626 usquead
1237 3559 1332 3603 mon-

165 3657 230 3710 tem
242 3646 372 3730 01iveti,
393 3655 426 3710 et
442 3648 482 3711 ab
505 3646 568 3710 alia
585 3656 678 3731 parte
695 3647 844 3710 deorsum
866 3647 1033 3732 usquead
1053 3657 1177 3730 portam
1191 3665 1331 3725 auream,

165 3760 200 3815 et
220 3753 307 3815 illius
339 3761 520 3816 structurae
555 3751 727 3815 manifesta
754 3753 896 3835 vestigia
926 3754 1113 3817 multotiens
1146 3751 1268 3834 reperi,
1299 3758 1332 3811 et

165 3857 365 3940 praesertim,
394 3857 522 3939 quando
545 3857 618 3940 quis
651 3863 744 3917 extra
780 3859 866 3919 viam
889 3857 929 3919 ad
958 3858 1043 3920 latus
1072 3855 1228 3920 ascendit.
1271 3853 1332 3916 list

40 3969 44 3976 '
166 3962 251 4024 euim
272 3962 329 4024 via
360 3960 513 4025 moderna
535 3959 694 4043 profunda
716 3979 758 4021 ex
780 3960 960 4043 frequentia
988 3963 1204 4025 itinerantium
1232 3960 1330 4040 iacta,

165 4076 199 4128 et
224 4065 298 4130 dum
320 4065 394 4150 quis
418 4065 459 4128 ad
481 4065 566 4129 lctus
595 4063 782 4146 adscendit,
813 4076 846 4129 et
875 4068 1021 4130 matribus
1042 4069 1192 4150 superius
1214 4074 1331 4127 terram

164 4169 261 4252 ejicit,
284 4179 316 4233 et
338 4171 482 4234 toramen
503 4170 591 4261 iacit,
613 4171 739 4234 invenit
762 4189 918 4235 marmore
938 4171 1036 4254 polito
1057 4171 1220 4253 antiquam
1243 4169 1328 4230 viam

163 4281 306 4336 stratam.
350 4277 442 4341 llaec
463 4293 525 4360 ego
546 4277 619 4360 ipse
640 4276 839 4358 experientia
860 4275 956 4340 didici
976 4277 1020 4340 ita
1044 4292 1118 4340 esse
1140 4282 1202 4338 etc.
