2896 4872
187 471 332 538 deb-th
374 485 437 530 nott
468 486 527 550 pro
567 465 713 530 exibita
746 467 947 530 bunnitate
977 466 1116 548 pecnnia
1153 465 1361 529 mulctarent.

187 580 301 659 ltaque
317 591 391 636 eurr
408 570 477 652 jn
500 571 654 632 tenebrae
673 581 803 653 essent,
831 572 1000 654 posuimus
1020 589 1081 634 nos
1108 569 1283 635 dormitum
1306 590 1364 654 per

188 680 291 744 wellas
317 680 405 740 sicut
424 676 594 760 monachi,
613 684 647 738 et
667 677 714 739 ita
733 677 926 758 quievimus

190 911 403 1014 Descriptio
420 909 583 985 civitatis
595 907 735 1000 nbron,
751 919 791 982 et
805 911 890 1006 ejus
912 909 1161 1008 antiquissima
1176 908 1363 984 habitudo.

273 1097 424 1173 Hebron,
454 1093 528 1154 sive
553 1092 690 1173 Erieus,
723 1091 842 1154 civitas
869 1092 1112 1175 antiquissima,
1147 1078 1199 1154 est
1232 1091 1365 1166 condita

190 1203 300 1266 statim
319 1208 394 1282 post
409 1196 576 1276 diluvium,
588 1205 713 1276 septu
730 1198 826 1258 annis
839 1198 1062 1260 aute'l’banim
1079 1198 1192 1260 urbem
1204 1197 1365 1280 Aegypti,

190 1315 229 1372 ut
248 1307 384 1370 babetur
409 1301 458 1366 id
479 1302 577 1364 Num.
605 1303 702 1362 Hano
721 1301 832 1362 nrbenr
853 1301 989 1362 'thanim
1011 1300 1227 1390 eondidernnt
1249 1302 1366 1382 ditoni,

190 1415 361 1494 gigantes,
397 1407 454 1490 qui
485 1406 527 1468 de
555 1406 691 1468 Hebron
720 1405 755 1466 in
785 1405 974 1486 Aegyptum
1011 1405 1269 1488 deseenderant,
1308 1405 1366 1468 fflti

191 1517 298 1578 Titan.
339 1511 404 1590 Qui
429 1513 525 1573 Titan
544 1518 616 1572 erat
645 1507 738 1572 Coeli
757 1519 790 1570 et
820 1509 947 1574 Vestae
967 1511 1071 1593 filins,
1097 1511 1197 1573 irater
1220 1511 1365 1590 Saturni,

193 1619 289 1702 enjus
321 1617 380 1680 ntii
410 1634 483 1678 corn
511 1615 601 1676 Jove
629 1623 812 1695 pugnarunt
845 1624 879 1676 et
903 1616 1011 1676 eonati
1030 1626 1124 1695 sunt,
1161 1615 1244 1678 deos
1274 1616 1366 1678 coelo

191 1725 328 1810 pellere,
349 1719 410 1786 sed
438 1719 596 1782 fulminari
623 1718 767 1801 fuerunt,
799 1729 834 1782 ut
866 1719 1001 1781 habetur
1031 1723 1066 1780 in
1096 1720 1200 1802 (iem,
1233 1731 1270 1784 et
1299 1721 1365 1784 fere

192 1840 294 1894 totum
315 1827 424 1890 orbem
452 1826 689 1907 inquietarunt,
711 1832 750 1885 ut
769 1833 935 1906 poetarum
956 1828 1099 1890 earmina
1119 1826 1262 1889 tradunt.

273 1932 407 1994 'l'hanim
428 1947 506 2012 ergo
526 1929 645 1994 civitas
665 1930 832 2012 gigantum
853 1931 988 2012 antiqua
1017 1931 1164 2016 Aegypti
1192 1932 1367 1994 aedificata

194 2048 245 2102 eat
267 2055 288 2100 a
307 2035 511 2119 gigantibus,
543 2031 814 2096 descendentibus
844 2034 885 2097 de
918 2037 1060 2098 Hebron.
1102 2039 1198 2098 Haeo
1232 2037 1367 2101 Hebron

195 2152 334 2228 quatuor
353 2139 467 2202 sortita
497 2146 549 2200 est
569 2138 708 2200 nomina·
750 2138 860 2202 Primo
881 2138 967 2202 diota
996 2147 1050 2202 est
1074 2142 1203 2224 Arbee,
1239 2139 1366 2206 Genes.

195 2249 250 2315 23.
271 2256 305 2308 et
324 2247 388 2308 boo
407 2263 525 2306 nomen
544 2243 643 2305 habet
663 2244 705 2303 ab
726 2242 847 2324 Arbee,
868 2243 940 2324 ejus
960 2244 1127 2308 conditore
1147 2247 1266 2329 prium.
1306 2247 1368 2310 Se-

196 2349 303 2416 eundo
324 2349 441 2412 dieitur
460 2348 683 2427 Kariatharbe,
705 2346 830 2408 Josuae
843 2348 946 2428 XIV,
970 2348 1055 2430 qnod
1076 2351 1161 2412 idem
1182 2359 1249 2434 est,
1271 2373 1366 2436 qnam

198 2455 315 2518 eivitas
329 2455 430 2534 Arbe,
449 2453 505 2514 vel
527 2453 647 2515 civitas
666 2461 813 2534 quatuor,
834 2452 910 2533 quia
929 2452 1066 2515 Kariath
1086 2455 1173 2518 idem
1196 2466 1262 2538 est,
1281 2458 1367 2542 qnod

198 2560 334 2641 divitas,
361 2567 395 2620 et
414 2557 505 2619 Arbo
525 2556 627 2636 idem,
646 2557 732 2638 qnod
757 2566 901 2639 quotuor.
945 2557 987 2619 Et
1008 2576 1141 2640 nomen,
1164 2560 1252 2642 quod
1283 2565 1369 2626 anti·

198 2666 309 2750 quitus
330 2664 461 2725 Hebron
482 2663 523 2724 ab
550 2663 700 2723 omnibns
721 2671 786 2723 tarn
807 2659 990 2722 infidelibus
1011 2681 1107 2745 quam
1128 2664 1284 2730 fidelibus
1318 2668 1369 2730 di·-

199 2772 334 2834 eebatnr
365 2766 591 2848 Cariatharbe,
618 2765 651 2828 id
672 2773 744 2847 est,
762 2767 880 2828 civitas
900 2777 1054 2849 quatuor,
1082 2768 1142 2830 aed
1161 2770 1228 2832 alia
1249 2781 1286 2834 et
1306 2773 1370 2835 aiio

200 2876 335 2938 ratione·
370 2871 524 2934 infideles
545 2873 596 2936 sio
616 2891 688 2934 eam
709 2871 916 2934 nominabant
936 2883 1066 2955 propter
1085 2883 1227 2957 quatuor
1246 2879 1371 2959 gigan-

199 2988 253 3043 tes
275 2981 321 3042 ibi
342 2976 504 3059 sepultos,
526 2976 653 3040 scilieet
669 2977 798 3057 Enoch,
821 2977 998 3060 drobinan,
1028 2979 1124 3043 Gisai
1152 2988 1186 3042 et
1207 2982 1371 3064 Tholmai,

199 3085 372 3150 Numeror.
413 3082 464 3150 ta.
515 3081 648 3144 Fideles
677 3091 783 3146 autem
815 3101 885 3144 eam
917 3083 964 3146 ita
991 3086 1198 3148 nominabant
1235 3094 1372 3170 propter

201 3199 337 3273 quatuor
357 3187 573 3269 patriarchas,
595 3186 718 3269 Adam,
738 3187 921 3266 Abraham,
944 3189 1038 3250 Isaac
1071 3199 1104 3251 et
1135 3190 1263 3270 Jacob,
1297 3209 1371 3253 oum

200 3302 338 3379 quatuor
368 3292 561 3374 conjugibus
592 3293 645 3368 ibi
677 3292 832 3373 sepultos.
884 3293 992 3354 'l'ertio
1025 3293 1139 3357 dieitur
1172 3295 1312 3358 Hebron
1352 3315 1374 3358 a

201 3398 338 3481 quodam
359 3396 426 3459 filio
448 3394 549 3458 Caleb
578 3397 628 3460 aio
659 3397 833 3464 nominato.
876 3393 999 3473 Quarto
1020 3399 1201 3462 nominatur
1228 3400 1330 3462 hodie
1352 3419 1375 3462 a

200 3500 391 3564 Sarraoenis
410 3500 502 3563 Abra
528 3508 658 3582 propter
677 3501 843 3562 Abraham
865 3502 909 3563 ibi
929 3501 1102 3583 sepultum.
1140 3505 1184 3567 Et
1211 3507 1373 3588 magister

200 3608 234 3666 in
257 3604 353 3686 Speo.
375 3606 499 3668 Hister.
523 3607 664 3671 nominat
690 3625 761 3668 eam
782 3605 1062 3688 Abrahamminm,
1084 3609 1171 3672 siout
1190 3607 1312 3693 Sarra3
1336 3619 1376 3672 et

201 3727 301 3794 saepe
323 3707 438 3772 dicitnr
457 3711 592 3774 Ericus-
753 3695 755 3698 ⁵

290 3814 342 3878 De
363 3815 425 3878 imo
440 3817 575 3878 civitate
596 3815 674 3878 dicit
706 3815 989 3897 Hieronymusde
1021 3809 1185 3879 distantiis
1207 3816 1379 3902 locorum,

200 3919 286 4005 quod
308 3920 383 3984 olim
416 3929 485 3982 erat
514 3921 698 4003 metropolis
725 3919 965 3983 Philistinorum
997 3928 1032 3982 et
1063 3921 1282 3984 habitaculum
1315 3924 1382 4006 gi-

198 4035 332 4110 gantum
359 4043 535 4108 rogumque
555 4027 590 4086 in
621 4026 705 4088 tribu
724 4025 829 4108 Juda,
858 4026 974 4089 civitas
1004 4006 1217 4088 sacerdotalis
1245 4035 1281 4088 ot
1314 4027 1383 4090 iu·
1447 4046 1448 4121 t

197 4130 380 4214 gitivorum.
422 4129 532 4192 Distat
551 4128 594 4192 ad
616 4130 823 4192 meridianam
846 4130 975 4213 plagam
997 4133 1037 4192 ab
1059 4129 1244 4192 Jerusalem
1267 4131 1384 4196 miili..

197 4233 259 4299 bus
281 4233 408 4298 oiroiter
428 4235 529 4320 xxss.
572 4233 666 4298 Haec
686 4234 750 4298 ilie.
779 4236 876 4298 Hane
896 4236 1079 4314 civitatem,
1105 4232 1212 4318 quoad
1239 4243 1386 4316 partem

198 4335 400 4415 inferiorem,
445 4338 532 4429 oepit
572 4336 677 4398 Josno
722 4337 859 4420 ejusque
878 4320 1004 4420 ¹regem
1039 4337 1143 4406 Oham
1183 4339 1385 4426 suspendit,
