2954 4914
242 587 398 671 apotheca
419 601 477 668 pro
498 581 635 648 Domino
656 601 848 667 conparans
869 587 998 668 species
1019 589 1242 665 aromaticas,
1267 597 1304 650 et
1322 587 1363 650 ihi
1378 605 1407 650 er
1441 663 1442 670 ἵ

242 693 292 754 eia
307 690 528 754 wnlectlones
545 698 579 752 et
597 697 767 772 unguenta
783 689 925 752 coniecit
943 701 1055 756 eontra
1071 691 1223 756 sudores
1236 701 1275 754 et
1293 691 1409 772 caleam
1441 721 1443 800 γ

242 803 355 858 contra
376 793 497 876 frigora
518 801 552 856 et
582 793 713 877 algores
734 801 767 854 et
800 793 1042 878 lassitudinem,
1070 805 1103 859 at
1129 797 1345 878 ubicumque
1369 812 1409 858 sa-
1441 833 1443 846 ‹

241 899 399 982 quehatur
428 899 615 979 Dominum,
649 904 794 960 aromata
824 900 969 980 pretiosa
999 902 1083 966 haec
1120 899 1293 966 musceta
1321 915 1411 962 seron
1441 847 1443 938 i

242 1003 367 1067 larebat
392 1011 426 1065 et
457 1001 620 1066 doninica
643 1002 788 1066 mamhra
817 1004 972 1084 ungebat.
1017 1007 1078 1070 llla
1097 1008 1207 1089 enim,
1245 1021 1339 1086 qnae
1357 1009 1412 1064 ante

241 1109 488 1172 conversionem
508 1126 567 1188 pro
587 1104 717 1170 deliciis
737 1109 791 1168 sui
823 1108 967 1189 corporis
989 1112 1154 1192 utebatur,
1188 1119 1323 1192 postea
1347 1125 1411 1170 con·
1442 1169 1443 1194 ,

241 1197 344 1278 vertit
363 1232 403 1277 ea
423 1231 481 1294 pro
511 1209 663 1274 dominici
698 1212 845 1292 corporis
875 1212 1139 1278 consolidatione
1184 1216 1231 1276 lu
1265 1215 1334 1276 hac
1353 1226 1413 1291 ergo

244 1319 411 1382 destructa
438 1315 580 1380 ecclesia
606 1311 758 1378 Officium
787 1316 1019 1400 praescriptum
1038 1319 1290 1400 persolvimus,
1324 1323 1357 1378 et
1374 1314 1414 1376 in·

244 1421 429 1504 dulgentias
446 1419 611 1505 plenariae
632 1419 834 1482 remissionis
854 1423 1039 1502 accepimus
1059 1423 1149 1506 (ἢ)
1344 1439 1347 1444 ·

277 1669 337 1744 De
360 1666 467 1742 domo
485 1633 540 1742 ⁸8.
567 1665 756 1756 Marthae,
781 1690 874 1765 quae
898 1667 967 1743 suit
987 1669 1181 1774 hospitium
1207 1666 1374 1745 Domini.

326 1848 407 1913 lude
425 1848 590 1932 progressi
612 1847 654 1910 ad
676 1853 801 1931 partem
821 1849 987 1912 sinistram
1007 1849 1166 1932 praedicti
1196 1849 1329 1932 lapidis
1362 1862 1409 1906 ve·

212 2011 216 2018 .
244 1955 351 2018 nimus
371 1953 413 2016 ad
435 1971 597 2018 murorum
611 1953 949 2034 antiquorumruinas
970 1953 1139 2037 cujusdam
1160 1954 1286 2016 domus
1309 1954 1410 2032 singu·

244 2059 338 2141 laris,
360 2067 393 2120 et
413 2056 530 2120 dicitur
555 2055 659 2118 tuisse
676 2055 791 2120 domus
812 2067 947 2120 sanctae
966 2058 1134 2134 dlarthaa,
1147 2042 1152 2053 ⁸
1166 2059 1202 2120 in
1224 2077 1330 2140 quam
1350 2057 1408 2136 ipsa

243 2181 344 2248 saepe
364 2163 536 2228 Dominum
558 2163 738 2244 invitavit,
766 2164 853 2224 sicut
874 2162 991 2228 dicitur
1017 2165 1128 2224 Lucae
1148 2163 1208 2224 X.:
1249 2172 1288 2225 et
1309 2159 1408 2223 muher

244 2269 402 2356 quaedam
422 2267 552 2330 narona
583 2267 714 2331 nomine
736 2268 867 2348 excepit
893 2267 982 2330 illum
1005 2268 1039 2330 in
1070 2266 1198 2330 domum
1231 2285 1340 2330 suam.
1377 2261 1405 2322 lt
1442 2243 1443 2304 i

243 2378 306 2440 hac
327 2374 421 2438 domo
442 2373 618 2435 accusabat
637 2371 768 2436 Martha
794 2371 931 2434 Mariam
951 2389 1095 2434 sororem
1115 2387 1210 2434 snam
1234 2369 1328 2455 apud
1348 2367 1406 2430 Do-

245 2481 382 2558 minum,
404 2487 437 2539 ct
469 2475 626 2538 Dominus
647 2477 842 2538 sententiam
874 2494 933 2556 pro
967 2477 1072 2539 diaria
1097 2477 1247 2558 protulit,
1287 2475 1402 2538 dicens:

244 2583 352 2646 Unum
373 2588 425 2642 est
446 2579 682 2660 necessarium,
702 2579 809 2642 Maria
831 2581 982 2662 optimam
1004 2589 1129 2662 partam
1150 2579 1252 2663 elegit
1273 2590 1341 2644 eto.
1374 2577 1403 2634 1¹¹

246 2684 399 2748 hocloco
421 2691 540 2744 terram
571 2678 751 2746 deosculati
776 2703 894 2748 somus
919 2694 952 2746 et
973 2683 1191 2766 indulgentias
1207 2685 1402 2766 accepimns

246 2787 303 2868 (†)
330 2785 470 2849 cantatis
493 2789 527 2846 at
548 2783 643 2846 lectis
664 2789 861 2852 orationibus
883 2792 916 2852 in
942 2789 1174 2872 processionali
1188 2784 1403 2872 praescriptis.

331 3035 390 3111 De
417 3033 579 3111 ccclesia
603 3033 786 3135 sepulchri
816 3033 858 3108 S.
880 3033 1034 3126 Lazari,
1062 3036 1099 3108 in
1125 3059 1194 3135 quo
1216 3036 1337 3134 jacuit

582 3147 585 3154 ’
688 3151 954 3254 quatriduanus.

328 3338 455 3403 Deinde
485 3341 706 3403 convertimus
735 3355 796 3400 uos
825 3334 865 3398 ad
895 3333 1065 3398 castellum
1093 3335 1269 3417 Bethania,
1298 3345 1332 3400 et
1358 3333 1401 3395 in-

245 3444 353 3523 gressi
373 3444 524 3505 venimus
545 3443 588 3503 ad
608 3461 706 3506 unam
728 3459 879 3524 magnam
899 3439 1072 3504 ecclesiam
1092 3447 1126 3502 et
1145 3441 1326 3525 pulchram,
1352 3433 1400 3500 sed

245 3543 399 3607 clausam.
442 3545 574 3607 Incolae
595 3555 703 3609 autem
723 3547 902 3610 Bethaniae
922 3547 1068 3627 acceptis
1089 3548 1205 3628 paucis
1228 3545 1402 3608 denariisa

245 3648 390 3728 patronis
419 3664 490 3708 aem
512 3661 705 3731 operuerunt
727 3653 830 3734 nohis,
851 3661 885 3714 et
905 3651 1045 3732 ingressi
1062 3651 1096 3712 in
1119 3650 1232 3713 dextra
1251 3649 1401 3714 ecelesiae

245 3759 338 3832 parte
370 3750 520 3814 venimus
554 3754 595 3816 ad
616 3757 821 3838 sepolchrum
843 3756 982 3831 Lazari,
1013 3756 1046 3816 in
1080 3773 1144 3838 quo
1176 3754 1401 3838 quatriduanus

245 3863 390 3918 mortuus
407 3854 569 3941 jacuerat,
592 3860 721 3940 quando
743 3881 817 3924 eum
839 3861 998 3924 Dominus
1029 3860 1219 3941 suscitavit,
1251 3869 1287 3922 nt
1308 3859 1400 3922 habe·

244 3967 297 4022 tur
316 3958 390 4022 Joh.
412 3961 471 4022 xl.
514 3961 671 4026 Stetimus
693 3985 770 4048 ergo
791 3976 866 4029 ante
887 3963 1094 4049 sepulchrum
1113 3963 1250 4045 hanani,
1270 3971 1303 4026 et
1324 3962 1401 4029 oth.-

245 4063 331 4126 cium
350 4066 511 4147 signatum
533 4069 759 4154 persolvimus,
775 4081 808 4134 et
828 4071 933 4152 ipsum
955 4069 1161 4152 sepulchrum
1184 4068 1399 4132 deosculantes

244 4165 462 4251 indulgentias
483 4171 566 4256 stis)
587 4173 752 4256 plenariae
770 4174 968 4237 remissionis
990 4167 1184 4255 accepimus.
1226 4175 1270 4236 llt
1290 4189 1399 4237 ascen-

246 4269 350 4334 dimus
374 4273 416 4336 de
435 4277 607 4359 sepulchro
627 4277 669 4340 ad
695 4279 798 4342 altare
826 4280 947 4360 maJns,
979 4279 1034 4340 uhi
1062 4287 1114 4341 est
1135 4278 1249 4359 locuS,
1280 4279 1313 4340 in
1344 4295 1398 4359 qno

245 4375 404 4442 Dominus
433 4379 537 4444 Jesus
569 4383 660 4443 stetit
700 4392 734 4444 et
765 4379 934 4444 clamavit:
977 4381 1104 4442 tranare
1132 4379 1209 4443 vehi
1237 4382 1325 4444 toras
1342 4389 1397 4444 etc.

247 4479 340 4540 llaec
360 4481 502 4546 ecclesa
523 4483 585 4548 leit
605 4481 767 4563 quondam
788 4482 960 4543 solemnis·
981 4501 1041 4560 per
1072 4492 1221 4546 sanctam
1251 4477 1397 4548 lielenau
