2896 4872
192 477 228 538 et
242 473 364 534 vitreas
382 467 543 532 fenestras
572 465 800 530 destruxerunt
814 468 1022 552 sculptaspue
1041 467 1193 552 lapideas
1210 473 1395 556 imagines

192 574 385 639 avulserunt
420 569 463 633 de
503 569 688 652 parietibus.
739 571 875 634 Domum
908 574 942 636 iu
978 574 1088 637 turrim
1119 582 1153 635 et
1187 572 1393 656 campanile

192 677 408 741 ascenderunt
434 683 468 736 et
496 688 671 756 campanas
691 674 816 739 malleis
841 677 1086 760 confregerunt,
1120 686 1154 738 et
1178 676 1217 742 in
1240 679 1390 760 vitupe-

192 785 274 846 rium
301 778 557 860 Christianorum
579 779 629 840 sie
657 779 842 859 confractas
870 789 1040 844 tenuerunt
1069 778 1171 844 multo
1213 789 1388 864 tempore,

192 889 277 952 sicut
308 884 390 947 vidit
412 881 560 944 dominns
581 881 782 969 Antoninus,
813 885 1006 948 nt'habetur
1028 885 1060 946 iu
1081 883 1267 948 Chronico
1293 887 1386 948 Part.

191 991 232 1053 n.
254 989 318 1054 trit.
346 985 393 1051 tt.
418 1004 446 1048 e.
468 985 498 1048 9.
521 981 824 1071 §.18.Egovero
847 989 1028 1073 fragmenta
1050 1006 1294 1072 campanarum
1320 1009 1385 1053 non
1427 1045 1428 1050 ,

191 1094 275 1176 uidi,
299 1091 359 1154 sed
381 1090 490 1154 trabes
511 1100 544 1152 et
561 1090 657 1174 juga,
686 1092 719 1152 in
742 1093 858 1173 quibus
887 1110 1065 1175 campanae
1085 1111 1283 1174 suspensae
1309 1095 1386 1156 iue-

193 1207 275 1262 rant.
319 1195 443 1258 Noluit
472 1203 577 1258 autem
608 1195 800 1278 Saludinns,
834 1207 869 1260 nt
884 1216 962 1261 >eum
995 1195 1132 1262 tumultu
1153 1205 1190 1258 et
1213 1199 1384 1260 violentia

170 1300 335 1366 'eeclesia
363 1298 514 1361 dominici
543 1299 707 1382 sepulchri
740 1303 1003 1383 subverteretur,
1036 1309 1169 1383 propter
1209 1305 1381 1384 pretiosas

193 1419 386 1469 marmoreas
408 1403 574 1465 columnas
597 1413 630 1466 et
651 1405 767 1487 politas
789 1407 1004 1487 tabulatum,
1035 1418 1117 1488 quas
1137 1405 1261 1469 tollere
1290 1410 1379 1468 inte-

68 1543 75 1550 ·
192 1491 268 1592 gras
288 1509 458 1591 pacificato
486 1509 617 1590 negotio
647 1492 899 1596 deliberaverat,
932 1513 1045 1594 sieque
1066 1513 1268 1574 successive
1291 1520 1377 1574 tem-
1427 1563 1428 1566 ,

99 1601 110 1668 .'
156 1601 279 1697 ''lplum
301 1611 378 1675 illud
399 1611 528 1674 solvere
548 1609 721 1694 cogilahat.
799 1669 803 1676 .
1427 1595 1428 1602 l

130 1728 139 1748 ⁸
211 1707 220 1728 ²
242 1765 251 1794 2.
270 1719 426 1799 'Denique
460 1704 610 1796 eeclesiis
634 1701 903 1784 ¹Christianorum
936 1711 1113 1804 prothnat'is
1153 1725 1374 1782 accesserunt

193 1821 237 1886 ad
257 1821 425 1912 templum,
446 1818 533 1902 ‚quod
549 1819 734 1886 'nominarit
754 1823 953 1909 Salomonis,
975 1833 1007 1886 et
1029 1827 1136 1886 omnia
1156 1822 1372 1886 Christiane-
1427 1825 1428 1876 l

194 1945 264 2018 rum
283 1926 401 2018 altaria
424 1923 589 2006 ejecerunt
617 1929 650 1990 et
670 1929 830 2011 imagines
863 1931 1072 2011 abraserunt,
1105 1936 1138 1988 ct
1158 1947 1199 1990 eo
1227 1937 1370 2010 purgato

193 2013 377 2114 vel'potiu's
410 2028 579 2112 profanato
621 2033 841 2112 pavimentum
871 2043 904 2096 et
934 2036 1075 2116 parietes
1108 2049 1195 2114 aqna
1232 2049 1369 2094 rosacea
1427 2041 1428 2072 l

86 2139 115 2206 ’,
197 2135 348 2200 laverunt
374 2144 406 2198 et
435 2134 543 2197 multis
565 2135 775 2216 perfuderunt
795 2137 964 2221 odoribuS,
1001 2139 1120 2200 miram·
1140 2137 1228 2198 enim
1264 2155 1368 2197 vene-

127 2321 131 2330 ,
193 2245 348 2329 rationem
386 2248 420 2332 et
454 2239 572 2332 templo
611 2240 666 2302 illu
682 2249 689 2294 ἱ
700 2251 734 2304 et
768 2244 842 2332 loeo
877 2244 1037 2305 exhibent.
1090 2243 1154 2302 His
1188 2240 1366 2303 lotionibus

191 2348 348 2434 peractis,
370 2362 454 2426 qnae
483 2353 561 2406 sunt
583 2363 698 2408 eorum
727 2348 1003 2430 consecrationes,
1033 2346 1165 2409 intravit
1184 2344 1365 2408 Saludinus

192 2471 264 2514 cnm
286 2451 356 2512 suis
378 2445 575 2531 principibus
606 2458 639 2511 et
660 2451 723 2512 ritu
755 2435 968 2514 mahometica
988 2451 1137 2514 victimas
1158 2449 1287 2512 obtulit.

276 2553 376 2615 Porro
413 2549 541 2614 Suriani
574 2565 607 2615 et
628 2564 825 2618 caeterarum
844 2540 1016 2618 ¹sectorum
1043 2555 1208 2636 homines,
1235 2553 1362 2615 scilicet

190 2656 382 2738 Maronitae,
397 2655 578 2739 Jacobitae,
592 2656 779 2742 Georgiani,
789 2660 986 2741 Armeniaci,
997 2659 1193 2740 Nestorium,
1206 2657 1360 2724 Abessini

190 2763 264 2826 sive
284 2759 424 2844 ludioni,
458 2769 492 2822 et
512 2763 632 2826 caeteri
651 2764 823 2826 orientales
858 2762 1053 2846 Christiani,
1086 2761 1292 2825 schismatici
1326 2767 1358 2822 et

190 2867 357 2954 haeretiei,
380 2863 421 2928 ad
441 2859 627 2930 Saladiunm
651 2879 870 2954 accesserunt,
885 2877 917 2932 et
934 2867 1116 2948 juramenta
1137 2867 1169 2930 ei
1188 2875 1358 2948 praestan-

191 2983 242 3036 tes
263 2982 295 3036 et
321 2971 441 3034 tributa
478 2988 516 3032 so
547 2971 647 3035 locari
678 2973 711 3034 in
741 2973 813 3036 loeo
848 2973 1036 3036 Latinorum
1065 2973 1245 3053 petierunt,
1275 2969 1356 3054 qnod
1427 3033 1428 3048 ,

191 3078 296 3142 libens
318 3076 412 3157 fecit,
433 3081 475 3137 nt'
491 3075 608 3140 civitas
629 3061 763 3139 haberet
783 3079 987 3141 habitatores.
1028 3079 1165 3159 Insuper
1187 3076 1354 3138 eeclesiam

178 3183 341 3246 ‘dominici
364 3179 541 3262 sepulchri,
576 3199 672 3263 quam
702 3178 871 3244 audierant
891 3184 926 3243 in
949 3183 1093 3264 proximo
1121 3178 1353 3260 destruendam,
1427 3199 1428 3228 ι

191 3303 268 3350 auro
291 3295 324 3348 et
343 3292 477 3364 argento
509 3285 734 3368 copiosissimo
767 3285 918 3349 saladino
951 3285 1025 3349 dato
1066 3285 1285 3366 redemerunt,
1315 3303 1354 3346 no

192 3391 418 3453 destrueretur.
441 3387 587 3471 Accepto
609 3408 687 3472 ergo
709 3388 1222 3458 auroChristianis-orientalibus
1239 3387 1352 3452 dimisit
1427 3391 1428 3394 ’

191 3497 262 3555 eam
285 3491 427 3554 subhac
449 3491 570 3574 duplici
591 3493 789 3577 conditione,
811 3497 931 3578 primo,
961 3486 997 3557 nl
1017 3496 1125 3558 nullus
1147 3493 1352 3557 occidentalis
1427 3469 1428 3528 l

189 3592 394 3659 Christianus
411 3594 674 3662 intromitteretur
687 3601 811 3681 absque
829 3599 989 3662 solutione
1005 3599 1113 3661 tributi
1134 3599 1256 3681 statuti,
1264 3597 1351 3682 'quod

188 3700 251 3765 sibi
272 3698 479 3781 ponitandnm
501 3701 662 3767 ordinavit
691 3711 725 3764 et
746 3701 788 3765 ad
808 3703 871 3766 hoc
902 3711 1070 3766 exactores
1091 3705 1215 3785 posuit3
1237 3719 1350 3766 secon-

189 3805 241 3889 do,
263 3814 299 3867 ut
320 3803 407 3867 nulla
428 3806 566 3888 amplius
588 3825 744 3888 campana
765 3809 804 3871 in·
822 3808 901 3872 turri
922 3807 1183 3890 suspenderetur,
1204 3807 1264 3870 sed
1282 3826 1348 3870 eum
1427 3867 1428 3872 ,

188 3910 307 3974 tabulis
329 3909 445 3992 ligneis
466 3911 635 3992 signarent
654 3911 698 3974 ad
711 3911 838 3976 Officia.
863 3911 920 3976 Sic
943 3930 1020 3995 ergo
1041 3913 1081 3974 ab
1103 3913 1158 3976 illo
1180 3911 1233 3974 dio
1252 3930 1348 3993 nsque

187 4015 229 4079 ad
258 4033 414 4099 praesens
436 4033 501 4079 non
523 4023 573 4078 est
605 4033 764 4098 campana
793 4017 902 4082 audita
935 4017 969 4080 in
989 4017 1173 4080 Jerusalem
1198 4015 1266 4098 jam
1296 4035 1348 4099 per

187 4128 500 4210 trecentorannos„
956 4205 958 4210 Ι
1165 4173 1169 4181 .

168 4245 170 4250 ·
270 4223 328 4287 Sic
349 4240 427 4305 ergo
447 4231 542 4306 capta
562 4223 771 4308 ,ierosolyma
797 4225 903 4308 posito
924 4228 958 4290 in
980 4247 1020 4290 eo
1041 4226 1201 4311 praesidio
1223 4225 1344 4290 Saladi-
1427 4221 1428 4302 l

186 4341 248 4389 nus
275 4339 349 4390 enm
369 4326 523 4390 universo
560 4345 620 4392 suo
655 4331 799 4394 exercitu
827 4329 869 4393 ad
890 4330 1102 4395 obsidendum
1135 4330 1242 4395 denuo
1271 4331 1344 4396 redit
1427 4311 1428 4404 l
