2962 5022
695 407 704 414 -
786 323 853 448 m

226 569 446 653 descriptione
466 567 561 628 ambo
582 565 839 649 manifestantur,
852 565 940 628 sicut
958 581 1024 626 uno
1041 562 1172 628 nomino
1191 564 1290 628 ambo
1308 541 1386 631 mona

225 675 327 760 Syuai
346 673 562 738 commentar.

309 781 371 842 Est
393 795 472 860 erga
483 773 589 859 Synai
602 791 697 846 mona
709 774 853 858 regionis
864 772 999 838 Hediae
1018 790 1119 854 aupra
1130 772 1299 858 Ambiam,
1308 777 1387 858 juxta

226 885 334 947 sinum
355 883 498 948 Arabiae
513 881 695 963 imminens,
716 879 800 942 alios
822 878 991 942 altitudine
1009 895 1179 960 superam,
1196 880 1294 962 eujus
1311 899 1388 944 sum-

226 1005 313 1053 mum
330 985 463 1049 videtur
480 1001 556 1048 ease
567 984 658 1047 coelo
675 985 873 1066 contiguum,
887 984 942 1066 qui
958 981 1087 1065 quiden
1100 983 1387 1048 venerandisnimua

226 1101 279 1154 est
315 1091 356 1154 ob
388 1091 532 1154 crebram
565 1089 634 1171 jam
660 1086 778 1150 dudum
810 1090 882 1151 veri
909 1088 972 1150 Dei
1002 1087 1238 1170 apparitionem
1269 1092 1305 1150 in
1335 1108 1386 1151 una

226 1197 355 1258 vertice
395 1195 431 1257 'et
461 1196 503 1256 ob
535 1192 754 1257 admirabilem
793 1193 1004 1256 beatissimae
1033 1189 1233 1254 catharinae
1266 1193 1386 1276 virginit
1442 1271 1443 1276 ἵ

224 1298 404 1382 angelicam
442 1297 683 1362 tumulationem
714 1299 748 1359 in
780 1297 843 1360 alio
882 1299 1015 1361 vertice
1069 1297 1163 1358 llaec
1199 1295 1268 1358 dun
1305 1297 1384 1378 lujat
1442 1289 1443 1300 ’

224 1405 333 1468 nunti
355 1405 473 1467 montis
495 1403 662 1468 acumina
686 1419 706 1463 a
734 1400 823 1464 nullu
845 1401 1007 1464 homiuum
1039 1399 1169 1463 luerunt
1197 1400 1387 1484 frequentata

224 1517 302 1572 ante
321 1510 472 1590 Moysen
495 1515 528 1568 et
558 1504 784 1568 catharinam:
805 1525 901 1569 nemo
930 1506 1051 1588 quippe
1072 1503 1214 1568 audebat
1245 1508 1388 1568 verticem

223 1609 310 1674 oreb
332 1610 528 1691 ascendere,
551 1611 627 1692 quia
659 1610 838 1672 cemmrmis
870 1612 977 1693 opinio
1003 1611 1167 1673 hominum
1199 1618 1274 1670 erat
1302 1611 1386 1672 etiam

223 1724 300 1778 ante
318 1715 470 1796 Moysen,
484 1713 660 1776 terribilem
681 1713 787 1778 Deum
802 1716 835 1777 in
853 1714 910 1777 illa
921 1715 1104 1778 summitate
1119 1714 1280 1794 habitare,
1306 1733 1389 1798 qua·

226 1837 321 1882 nemo
340 1820 440 1882 vivus
464 1827 597 1882 maneus
618 1827 730 1902 posset
751 1819 868 1882 intueri
899 1837 961 1882 nec
991 1818 1158 1882 accedere.
1201 1819 1242 1878 lu
1263 1819 1391 1882 summi-

224 1932 322 1988 tatem
343 1943 423 1987 vero
438 1922 541 2006 Synai
554 1942 649 1986 nemo
669 1923 863 2005 praesumsit
883 1921 1091 2006 adscendere,
1107 1941 1180 1984 cum
1204 1921 1281 2004 ejus
1303 1942 1391 1987 mcu-

224 2047 300 2092 men
330 2027 462 2092 videtur
493 2028 585 2092 coelo
620 2026 855 2111 quodammodo
887 2031 1072 2111 contiguum
1103 2045 1180 2090 esse
1208 2037 1244 2090 et
1274 2029 1392 2112 scopuli
1442 2081 1443 2084 ,

224 2133 387 2219 praerupti
405 2133 440 2196 in
461 2133 559 2196 altum
581 2133 726 2216 protensi
747 2130 880 2195 ascendi
902 2132 1010 2206 locum,
1027 2133 1207 2218 prohibere.
1237 2135 1277 2194 ln
1300 2137 1392 2217 prino

224 2239 321 2302 etiam
350 2237 476 2302 vertice
495 2237 668 2302 videbatur
697 2237 898 2319 frequentius
922 2237 1008 2320 ignis
1036 2237 1150 2300 ardere
1171 2245 1249 2298 ante
1269 2239 1394 2321 Moysis

224 2343 458 2406 ascensionem.
489 2344 527 2406 ln
547 2342 692 2405 secundo
712 2356 790 2404 vero
811 2341 982 2405 videbatur
1002 2359 1130 2425 semper
1148 2344 1269 2426 pruina
1292 2351 1326 2404 et
1344 2343 1394 2403 nir

225 2447 331 2529 rigere
352 2455 429 2509 ante
445 2443 640 2509 Catharinae
661 2446 913 2515 tumulationem.

309 2548 393 2612 Sunt
413 2550 447 2611 in
472 2550 590 2613 mundo
611 2550 720 2633 plures
742 2560 888 2634 montes,
909 2549 951 2613 de
972 2552 1089 2634 quibus
1111 2551 1198 2632 ignis
1220 2551 1341 2633 spirat,
1366 2561 1396 2611 ut

225 2653 335 2715 Aetna
365 2651 525 2715 vulcanus
555 2662 589 2717 et
610 2656 743 2738 Bobius,
763 2654 824 2717 sed
845 2675 910 2717 nun
931 2656 994 2718 hoc
1013 2663 1139 2736 egerite.
1168 2657 1267 2717 linars
1291 2663 1396 2718 autern

223 2758 288 2821 iste
305 2757 421 2838 igneas
441 2755 588 2820 flammas
610 2759 726 2841 emisit,
753 2759 824 2821 Deo
844 2761 948 2842 ipsum
970 2760 1162 2822 miraculoso
1191 2759 1398 2839 incendente,

224 2869 263 2926 ut
283 2868 370 2946 patet
385 2860 515 2923 Deuten
539 2861 581 2924 V.
597 2873 629 2925 et
643 2862 748 2925 lllxodi
763 2861 853 2926 XlX.
882 2862 1044 2927 Scribitur
1064 2864 1160 2944 enim,
1172 2872 1319 2926 montem
1339 2883 1399 2924 ex-

225 2968 349 3032 arsisse
380 2967 473 3051 igue,
505 2967 634 3051 quaudo
655 2968 814 3030 Dominus
845 2966 1029 3050 descendit,
1056 2968 1273 3051 tubarumque
1297 2984 1401 3032 voces

225 3070 395 3166 exauditas
416 3070 528 3135 luisse.
572 3071 720 3155 Cumque
737 3081 804 3135 tota
825 3072 993 3136 multitudo
1022 3091 1086 3134 non
1107 3073 1281 3156 pauciores
1303 3091 1400 3155 quan

49 3147 51 3157 Ι
81 3215 91 3228 ·
225 3175 336 3240 decies
358 3186 496 3240 centena
516 3176 616 3239 millia
641 3187 770 3258 essent,
792 3191 851 3260 per
870 3177 905 3240 V
925 3175 995 3240 dies
1016 3177 1049 3239 in
1071 3179 1158 3239 omui
1183 3175 1256 3239 loco
1281 3178 1402 3241 ardens

224 3283 312 3364 ignis
342 3283 574 3364 aspiciebatur,
605 3282 651 3343 ita
680 3289 804 3361 tamen,
825 3289 861 3344 ut
891 3281 970 3343 nibil
991 3282 1036 3344 ibi
1057 3290 1260 3344 consumtum
1293 3283 1403 3359 inerit,

224 3385 283 3447 sed
308 3386 380 3467 ipsa
401 3404 529 3468 quoque
555 3386 723 3449 herbanum
754 3383 902 3447 viriditas
927 3385 1051 3448 intacta
1070 3386 1258 3469 permansit.
1307 3388 1404 3450 Haeo

225 3489 305 3550 Sus.
328 3487 369 3550 de
391 3507 508 3572 evang.
532 3506 641 3572 praep.
662 3491 715 3552 lib.
737 3491 769 3556 8.
790 3507 819 3554 c.
842 3490 874 3554 3.

304 3589 388 3653 Sunt
419 3593 509 3655 multi
542 3602 668 3656 montes
689 3595 853 3676 perpetuis
885 3596 1016 3658 nivibus
1050 3594 1167 3677 operti,
1199 3593 1405 3676 rigiditatem

222 3701 444 3779 praestantes,
466 3697 520 3759 hic
551 3707 657 3760 autem
692 3699 768 3761 nive
791 3697 924 3761 carrduit
955 3699 1174 3782 virginitatem
1200 3698 1407 3763 Catbarinae

221 3797 436 3883 significante.
468 3799 551 3863 Sunt
570 3811 739 3884 praeterea
762 3803 851 3865 multi
869 3813 996 3866 montes
1017 3803 1199 3884 ωνθιιιοοί,
1221 3804 1257 3866 in
1281 3807 1408 3887 quibes

220 3904 360 3990 gentiles
381 3907 664 3988 superstitionibus
685 3909 843 3972 vacabant
857 3917 890 3971 et
911 3907 997 3970 idola
1019 3907 1178 3970 colebant.
1211 3907 1282 3972 llic
1304 3925 1408 3972 mons

220 4026 380 4075 cavernas
401 4010 514 4093 habet,
533 4011 566 4073 iu
588 4012 705 4096 quibus
725 4013 901 4096 prophetae
932 4011 1044 4076 divina
1064 4011 1196 4075 oracula
1217 4025 1413 4096 exspecta·

219 4117 298 4179 bant
320 4123 352 4177 et
382 4115 487 4177 uncti
510 4116 656 4180 monachi
685 4114 804 4179 divinis
835 4117 1160 4199 contemplationibus
1186 4116 1414 4181 ins'stebant.

218 4218 333 4282 l’lures
365 4227 441 4282 sunt
470 4215 533 4280 diis
565 4222 764 4302 consecrati,
789 4230 825 4284 ut
857 4222 1027 4284 Minervae
1053 4221 1255 4284 Araclntbas
1290 4241 1416 4292 mons.

219 4319 370 4400 Appolini
383 4321 502 4404 Malea,
523 4322 601 4386 Juvi
617 4323 785 4408 Olympus,
807 4328 941 4389 Aeneae
960 4325 1120 4408 nisenus,
1140 4325 1275 4408 Satyris
1288 4328 1415 4399 Artas

217 4416 338 4480 Poeuio
359 4422 489 4485 Poenus
511 4443 615 4506 ruens,
655 4427 786 4492 Molech
807 4449 901 4493 mons
921 4429 1121 4514 climnionm,
1152 4430 1282 4494 Veneri
1307 4451 1420 4498 nuato
