2926 5050
727 247 749 324 l

239 439 350 524 (tan
359 439 413 527 Δ)
436 437 585 527 Cumque
606 443 688 506 haec
708 447 744 505 et
761 442 856 526 plura
878 440 942 504 alia
962 433 1077 506 Frater
1097 439 1153 507 lde
1167 439 1321 526 peroras

155 557 224 630 set,
245 549 416 632 ingressus
437 551 544 612 estin
565 546 791 612 domunculam
812 531 1011 612 monumenti
1039 546 1190 626 Domini,
1211 555 1244 610 ot
1264 559 1322 608 saa

157 654 338 737 quebautur
375 669 492 716 omnes
522 652 648 716 nobiles
686 658 813 716 stantes
846 659 922 722 ante
951 652 1068 716 ostium
1089 689 1093 698 ·
1113 650 1335 716 monumenti..

130 756 308 822 ‘Habebat
339 765 447 822 autem
473 758 603 822 uomina
629 759 768 820 omnium
797 755 967 838 nobilium,
1002 754 1145 820 militiam
1175 755 1324 838 accipere

144 863 351 946 molentium,
382 863 416 926 iu
443 859 591 946 scriptis,
618 857 797 926 secundnm
827 859 971 926 ordinem
997 859 1189 942 nobilitatis,
1221 859 1255 924 st
1275 858 1321 922 ita

155 970 252 1034 etiam
274 970 324 1030 eis
347 967 491 1032 militiam
513 967 659 1032 contulit.
965 1023 968 1030 .

237 1073 345 1136 Primo
366 1087 445 1156 ergo
478 1071 612 1134 vocavit
633 1069 675 1134 ad
707 1087 746 1134 sc
773 1083 968 1153 generosum
1002 1069 1165 1136 dominum
1193 1069 1331 1164 Johans

63 1233 65 1236 .
157 1191 230 1240 nem
260 1178 414 1240 comitem
439 1175 481 1238 de
501 1176 612 1240 Solms
640 1178 674 1238 iu
695 1177 877 1240 interiorum
909 1185 1044 1257 specum
1076 1175 1227 1242 dominici
1247 1195 1321 1240 mo-

156 1278 319 1363 numenti,
358 1277 413 1343 ubi
444 1288 495 1342 est
530 1281 605 1362 ipsa
639 1281 846 1346 sanctissima
881 1269 1007 1362 tn'mba,
1046 1280 1182 1363 ejusque·
1216 1281 1322 1344 lemur

154 1386 284 1450 militari
314 1383 613 1468 guetomorum,
635 1395 687 1450 ··et
717 1384 855 1468 pedibus
886 1385 959 1466 ejus
989 1385 1140 1468 apposuit
1171 1381 1320 1449 militaria

156 1489 312 1573 calcaria,
348 1495 380 1550 et
399 1488 499 1572 jussit
520 1505 593 1550 eum
622 1490 760 1571 genibus
790 1489 884 1552 llaxis
904 1491 1114 1574 procumbere
1134 1508 1233 1574 super
1259 1489 1320 1550 do-

155 1597 305 1659 minicam
326 1593 482 1681 tumbam,
503 1594 569 1675 ita,
585 1593 675 1677 'quod
696 1607 804 1678 genna
821 1597 948 1656 stabant
969 1596 1319 1678 supermemorato,
1387 1649 1389 1652 .

157 1710 189 1763 et
217 1706 427 1782 pectuscum
458 1697 601 1763 brachiis
625 1697 755 1778 jacebat
785 1713 884 1780 super
916 1696 1056 1761 tabulam
1089 1700 1227 1763 tumbae.
1270 1699 1321 1760 lla

154 1813 263 1867 autem
285 1808 336 1868 sic
356 1805 590 1888 procumbente
612 1801 720 1865 dictus
743 1802 841 1866 frater
862 1799 1029 1868 Jcltannes
1051 1812 1177 1886 arrepto
1199 1801 1319 1886 gladic,

155 1917 219 1994 quo
240 1926 350 1973 cemes
372 1909 575 1992 praecinctus
598 1918 682 1991 crat,-
715 1919 747 1972 et
770 1911 943 1992 evaginato
971 1911 1133 1991 percussit
1153 1921 1227 1970 eum
1247 1917 1322 1969 cum

156 2017 276 2098 spatha
308 2033 406 2097 super
439 2012 591 2096 scapulas
614 2015 717 2078 tribus
745 1999 892 2095 vicibus,
922 2015 955 2076 in
983 2015 1112 2076 nomina
1145 2012 1250 2076 Patris
1285 2019 1320 2074 et

151 2121 227 2182 Filii
254 2129 289 2182 at
319 2119 463 2201 Spiritus
488 2120 603 2181 sancti.
649 2115 721 2194 Quo
749 2117 835 2182 laeto
857 2120 961 2182 erexit
977 2119 1148 2200 comitem,
1177 2124 1212 2179 et
1245 2115 1319 2200 gla-

141 2223 242 2288 dium
269 2229 301 2286 et
322 2224 461 2288 calcaria
483 2225 522 2288 ab
548 2243 588 2287 eo
608 2222 718 2307 solvit,
732 2242 870 2308 eumque
893 2221 1147 2303 deosculabatur,
1164 2221 1228 2304 [at]
1246 2233 1321 2290 curu

155 2329 340 2394 reverentia
361 2329 423 2390 sibi
442 2327 592 2389 Proficiat
607 2327 699 2390 dixit.
722 2325 794 2392 Hoc
816 2329 865 2390 sic
885 2327 1016 2392 militine
1037 2325 1164 2390 addicto
1185 2327 1319 2390 vocavit

154 2427 271 2494 Frater
288 2432 456 2494 lohannes
477 2430 616 2494 nobilem
640 2431 805 2520 baronem,
827 2433 990 2499 domiuum
1012 2451 1116 2497 meum
1138 2432 1336 2509 Johaunaut.

155 2535 379 2600 Wernherum
399 2535 441 2598 dc
472 2535 653 2612 Zimmeru,
681 2545 714 2600 et
734 2538 844 2600 comiti
875 2537 1006 2600 tradidit
1027 2535 1171 2619 gladium
1193 2544 1225 2597 et
1245 2533 1320 2596 cal-*

157 2643 262 2723 caria,
283 2648 321 2704 ut
352 2643 502 2703 baronem
524 2639 557 2701 in
577 2640 720 2704 militiam
740 2650 937 2724 percuteret,
959 2641 1044 2725 quod
1065 2651 1098 2703 et
1119 2641 1205 2704 fecit.
1237 2633 1319 2702 Posi

155 2745 218 2808 hoc
238 2747 409 2829 ingressus
431 2753 482 2807 est
501 2744 654 2808 domiuus
676 2761 767 2807 meus
788 2747 964 2810 Heinricus
996 2745 1036 2810 de
1065 2745 1182 2809 Stdffel
1229 2745 1318 2828 baro,
1343 2775 1345 2781 ·

151 2869 253 2932 quiem
274 2850 423 2914 dominus
444 2849 613 2912 Johannes
635 2846 676 2910 de
705 2849 871 2912 Zimmern
904 2852 981 2915 baro
1018 2853 1053 2911 in
1081 2850 1212 2912 militem
1242 2859 1319 2932 peri

154 2955 269 3020 cussib
309 2957 342 3023 A
364 2974 428 3040 quo
448 2953 595 3020 domiuus
617 2971 709 3018 maus
730 2953 900 3018 Johaunes
931 2955 1095 3018 'l'ruchscs
1118 2955 1211 3016 miles
1231 2973 1319 3037 pora

155 3076 277 3126 cassus
297 3071 366 3146 θείς
388 3064 443 3146 qui
465 3064 650 3148 ingressum
669 3059 834 3126 dominum
854 3078 961 3122 meum
981 3059 1099 3124 Ursum
1119 3060 1160 3121 de
1181 3057 1319 3122 Heben-³

153 3165 328 3249 llechberg
371 3167 503 3232 militem
536 3166 707 3249 percussib-
757 3165 800 3228 Et
831 3165 890 3228 his
919 3164 1051 3228 militiae
1083 3163 1255 3248 adscriptis
1287 3156 1320 3228 et

109 3292 114 3301 ·
155 3268 301 3331 exclusis
319 3271 522 3332 intraverunt
543 3271 597 3332 alii
617 3267 743 3332 nobiles
764 3269 942 3334 secundum
965 3270 1108 3334 ordinem
1129 3277 1162 3330 et
1182 3259 1316 3330 militiae

156 3371 344 3455 dignitatem
374 3377 580 3455 acceperunt.
622 3373 663 3433 lu·
683 3388 755 3432 mea
786 3375 888 3454 prima
919 3376 1177 3458 peregrinatione
1203 3373 1318 3436 llrator'

154 3477 326 3538 thauues-
352 3493 466 3540 omrrea
496 3474 621 3538 nobiles
654 3494 712 3557 per
745 3479 783 3540 se
811 3496 907 3542 manu
939 3480 1068 3562 propria
1105 3475 1148 3540 ad
1174 3474 1318 3540 militiam
1362 3493 1391 3528 -·

153 3583 330 3664 percussit,
350 3582 426 3664 quia
448 3599 513 3643 non
535 3578 578 3640 ibi
602 3589 694 3643 crant
722 3581 822 3666 aliqui
843 3583 1040 3647 excellentes
1063 3583 1144 3648 alios
1166 3581 1200 3642 iu
1220 3577 1320 3640 nobi-¹

154 3684 261 3767 litate,
282 3685 342 3749 sed
367 3685 524 3769 aequales
542 3691 651 3766 erant,
673 3683 705 3747 et
727 3687 873 3770 aequalis
892 3687 1061 3770 aequalem
1083 3699 1148 3748 uon
1167 3683 1317 3768 percutit,

152 3789 238 3852 sicut
265 3788 410 3873 aequalis
430 3792 464 3854 in
485 3788 656 3871 aequalem:
669 3788 725 3870 jus
747 3800 782 3853 et·
801 3791 976 3855 dominium
996 3805 1061 3854 non
1083 3792 1190 3854 habet.
1235 3785 1325 3850 Cum*

154 3902 260 3956 autem
292 3895 428 3957 veniunt
462 3894 640 3977 principes,
679 3895 894 3980 marchiones,
928 3897 1080 3980 comites,
1114 3896 1253 3958 barones
1285 3883 1319 3952 et

154 3997 293 4080 nobiles,
322 4005 400 4062 tunc
421 4001 558 4082 primum
580 3999 657 4080 ipse
686 3999 854 4062 Jolrannes
883 4001 1021 4083 percutit
1049 3998 1318 4082 principaliorem,

152 4109 187 4163 et
206 4109 322 4184 postea
342 4101 398 4166 ille
420 4103 519 4168 alium
540 4111 747 4187 sequentem,
769 4110 804 4166 et
826 4106 870 4168 ita
892 4104 1129 4188 consequenter
1150 4101 1319 4187 usquead

152 4207 279 4270 itrtlmos
300 4208 442 4294 nobiles,
464 4209 519 4293 qui
539 4217 654 4292 petunt
675 4225 712 4270 se
732 4211 861 4293 percuti
884 4209 924 4272 ab
945 4207 1009 4272 illis
1031 4209 1179 4292 dominis,
1202 4206 1320 4291 quibus

153 4313 257 4394 magis
288 4313 486 4397 cfficiuntur,
518 4313 573 4382 vel
603 4321 738 4396 quorum
769 4313 865 4374 servi·
890 4321 976 4430 md
1032 4311 1076 4376 Si·
1098 4321 1205 4376 autem
1243 4319 1320 4373 suut
