2842 4882
594 193 826 290 aar

0 459 12 477 a
110 379 263 462 attigerit,
285 372 455 461 qnia'cum
476 385 590 440 careat·
609 378 712 459 aquis,
735 393 829 440 nomo
851 382 976 439 lantum
1002 339 1133 438 saccum
1161 369 1279 435 ducere

5 547 34 583 n
109 493 218 567 potest
240 482 280 544 de
302 501 396 565 aqua,
419 479 504 566 quod
526 482 588 544 sibi
609 481 752 543 sufficiat
774 499 832 563 pro
854 480 966 543 multis
988 480 1160 542 mensibus.
1183 473 1278 540 Unde

5 652 9 669 .
110 589 187 671 posi
208 586 415 650 solitudinem
446 580 532 648 illam
561 585 718 667 incipiunt
749 593 900 648 montana
930 583 1104 666 altissima,
1136 599 1220 666 quae
1248 581 1278 644 si

1 686 9 698 ”
112 694 187 774 quis
219 690 417 754 adscendere
448 699 575 772 posset,
611 691 645 753 in
665 689 806 771 paradisi
829 691 993 772 regionem
1027 690 1162 756 venirat.
1207 683 1275 748 Sed

111 795 204 859 Deus
235 796 340 878 posuit
371 796 405 864 iu
438 795 523 856 viam
557 794 749 856 flammeum:
774 792 933 876 gladium,
975 795 997 856 i.
1031 811 1058 854 e.
1087 792 1277 854 immensum

113 901 273 986 ardorem,
306 908 414 963 taulus
445 908 497 962 ost
525 900 609 963 onim
642 899 686 960 ibi
713 899 794 962 solis
826 898 921 962 ardor
953 905 988 960 et
1017 903 1108 960 lanta
1133 895 1307 972 siooiraar

0 992 1 1005 ¹
113 1005 200 1088 quod
221 1003 419 1089 impossibile
439 1014 489 1068 est
504 1005 663 1068 hominem
684 1004 740 1066 illa
760 1005 1039 1086 penetrareellam
1059 1000 1176 1063 habitis
1193 997 1281 1060 vilae

111 1108 192 1191 (28
201 1112 247 1193 a)
269 1109 473 1192 necessariis,
488 1125 583 1196 quae
604 1117 710 1172 lamen
734 1110 863 1191 penilus
883 1103 928 1171 ibi
948 1100 1113 1170 deficiunl'·
1140 1101 1279 1182 Quidam

48 1261 55 1270 .
113 1224 223 1278 tamon
258 1221 441 1277 sauciorum
469 1220 612 1297 patrum,
643 1223 679 1278 ul
709 1213 744 1277 S.
771 1214 934 1276 Macarius
966 1212 1133 1276 Romanus
1160 1216 1194 1269 ot
1224 1203 1279 1268 alil

112 1319 255 1402 qnidam,
278 1327 426 1381 conatum
449 1319 543 1400 qnasi
565 1318 649 1382 ultra
669 1328 813 1382 naturam
831 1317 991 1391 facientes
1012 1324 1086 1400 post
1116 1314 1277 1411 desertum

112 1423 175 1484 hoo
207 1431 367 1485 venerunt
397 1424 430 1486 in
463 1423 650 1486 delicabiles
691 1424 859 1506 regiones,
895 1420 955 1485 sed
986 1418 1138 1504 progredi
1167 1426 1279 1484 oonlra

112 1527 308 1610 paradisum
330 1509 532 1610 nequaquam
562 1538 718 1611 poterant.
762 1527 888 1592 Dicilnr
909 1527 1003 1589 eliam
1026 1523 1166 1590 soliludo
1187 1540 1278 1586 sem-

113 1633 253 1715 piterna,
281 1652 347 1716 ¹pro
376 1651 434 1714 eo,
456 1633 543 1717 quod
576 1651 746 1716 numquam
773 1632 835 1695 fuit
865 1632 1011 1695 nec-erit
1032 1630 1181 1694 humanis
1204 1631 1277 1716 usi·v

8 1743 12 1754 '
112 1736 173 1798 bus
195 1747 279 1820 apta.
323 1739 460 1819 Insuper
479 1736 618 1800 solitudo
657 1737 807 1800 terribilis
833 1745 931 1818 alque
960 1735 1120 1799 horribilis
1149 1751 1277 1796 nuncu-

4 1851 7 1856 ’
111 1846 223 1923 paturj:
267 1841 419 1904 terribilis
439 1843 747 1926 propler'montlum
770 1840 970 1902 altitudinem
993 1850 1026 1902 et
1048 1839 1184 1903 alienam
1208 1839 1277 1900 for·-

13 1955 15 1960 '
112 1965 215 2028 mam3
256 1929 420 2009 horribilis
442 1965 519 2009 vero
548 1956 679 2030 propter
708 1945 840 2010 vallium
863 1955 900 2006 et
917 1947 1107 2007 torrentium
1140 1945 1278 2006 immen-

115 2065 186 2110 sam
216 2048 475 2131 profunditatem.
519 2049 641 2129 Quarto
674 2051 789 2114 dicitnr
810 2051 901 2132 regio
931 2048 987 2111 illa
1017 2049 1124 2129 imago
1154 2047 1277 2129 mortis,

3 2175 4 2186 ¹
117 2169 175 2234 pro
195 2171 244 2232 ao,
267 2151 353 2234 quod
373 2157 491 2237 omnia,
514 2174 598 2238 qnae
611 2155 709 2220 'videt
730 2156 825 2218 homo
846 2172 905 2237 per
925 2150 1120 2233 dometium,
1143 2159 1277 2213 moriem

1 2272 16 2288 ·
112 2258 283 2339 minantur,
306 2273 378 2320 cum
401 2258 479 2321 nihil
499 2261 532 2322 in
554 2279 593 2324 se
609 2260 738 2338 habeat,
760 2277 824 2346 qno
846 2261 916 2321 vila
937 2259 1076 2322 humana
1097 2255 1275 2318 sustentari

82 2427 88 2438 ,
111 2371 218 2446 queat,
240 2371 367 2426 montes
388 2367 472 2426 enirn
495 2376 527 2428 el
548 2365 669 2448 colles,
689 2363 795 2430 valles
817 2373 849 2427 et
871 2370 1029 2426 torrentes
1050 2357 1179 2424 sieriles
1200 2367 1278 2423 sunt

111 2477 143 2529 et
164 2468 274 2530 monis
303 2469 443 2552 insignia
474 2471 671 2554 praeierunt.
713 2469 813 2534 Color
844 2470 939 2532 eliam
972 2475 1080 2558 terrae
1107 2465 1277 2530 dissimilis

0 2593 3 2604 >
112 2580 161 2634 est
199 2573 308 2636 colori*
331 2583 436 2637 terrae
474 2574 668 2653 habitabilis.
727 2575 889 2639 Relucent
928 2574 1013 2654 enim
1047 2563 1101 2636 ex‘
1129 2589 1169 2634 ea
1204 2589 1278 2633 nm-

111 2678 193 2739 brac.
232 2678 345 2741 mortis
372 2709 375 2716 ·
403 2689 533 2763 propter
589 2681 768 2760 adustionis
826 2683 906 2750 snae
943 2678 1167 2762 nigredinem,
1216 2691 1277 2738 uec

111 2781 221 2842 vivum
247 2781 420 2865 quidquam
458 2786 490 2846 in
513 2792 608 2846 lerra‘
626 2785 681 2847 illa
703 2794 771 2866 cst,
801 2786 865 2866 nisi
886 2783 971 2868 quod
999 2785 1088 2845 vitae
1119 2781 1282 2843 humanae.

113 2884 293 2953 insidiatur.
336 2889 471 2969 Insuper
489 2890 522 2950 in
543 2887 728 2968 hujusmodi
745 2889 876 2965 (rebus)
900 2886 1093 2949 lorrcnlibus
1121 2883 1276 2966 peslifera

1 2983 3 2992 ’
112 2988 167 3049 illa
187 2989 417 3072 coloquintida,
436 3010 520 3073 quae
542 2995 571 3054 4.
592 2992 675 3072 Reg.
698 2994 728 3053 4.
752 3010 838 3062 mors
859 2993 892 3053 in
913 2991 978 3053 olla
999 2989 1124 3070 dicitur,
1144 2987 1275 3068 copiose

1 3089 5 3099 '
113 3095 247 3173 crescit,
269 3105 370 3176 quam⁴
387 3098 441 3176 qui
465 3095 603 3160 comedit
624 3096 767 3158 moritur.
807 3097 850 3159 Et
869 3097 910 3158 ob
933 3095 1016 3156 banc
1039 3103 1072 3156 at
1091 3092 1173 3155 alias
1194 3107 1275 3154 cau·

111 3213 167 3260 sas
189 3199 278 3280 regio
299 3198 354 3260 illa
371 3199 478 3283 imago
499 3203 610 3265 morlia
632 3201 823 3264 nominatur.
867 3197 988 3278 Quinto
1010 3198 1122 3262 eadem
1151 3196 1276 3258 raliouo

102 3297 292 3365 ¹nominatur
312 3304 402 3385 regio
423 3303 480 3367 illa
502 3313 587 3369 terra
609 3306 745 3390 sterilis,
772 3305 851 3368 nihil
873 3305 958 3367 enim
978 3305 1023 3368 ibi
1047 3303 1211 3388 gignitur,
1240 3307 1277 3364 ut

110 3406 247 3470 habetur
277 3407 447 3472 Numeror.
476 3410 528 3474 20.
578 3411 680 3476 Sexto
720 3411 836 3476 dicitur
867 3411 1042 3494 inaquosa,
1078 3411 1155 3493 qula
1185 3414 1274 3470 carot

110 3513 214 3594 aquis,
228 3520 262 3577 et
281 3515 310 3576 si
333 3531 437 3598 aquae
452 3516 580 3600 aliquae
600 3519 632 3580 in
654 3515 913 3600 profundioribus
928 3517 1138 3600 reperiunt-ur,
1158 3511 1275 3594 plenae

110 3619 185 3680 sunt
205 3618 369 3682 vermibus
393 3629 424 3683 et
445 3622 610 3706 pulridae,
645 3623 719 3686 ideo
748 3632 833 3685 terra
864 3622 936 3685 silis
968 3621 1093 3686 dicitur.
1138 3617 1174 3680 Si
1195 3634 1274 3679 vero

108 3723 141 3784 in
162 3723 257 3804 plano
278 3742 382 3806 aquae
402 3736 478 3790 sunt
507 3730 677 3812 exaliqua
704 3729 905 3792 emanatione
912 3773 922 3811 ,
962 3727 1078 3810 plenae
1098 3730 1174 3786 sunt
1200 3739 1274 3804 aer·

110 3828 268 3910 ponribos,
291 3829 320 3891 si
346 3829 458 3894 dulces
479 3842 568 3917 sunl3
593 3837 622 3898 si
649 3835 778 3898 amarae
798 3841 874 3897 sunt
894 3831 1095 3915 impotabiles
1117 3829 1271 3891 existunt.

1 3969 2 3988 r
112 3926 310 4014 Quandoque
343 3935 426 3999 enim
457 3938 554 4000 vallis
584 3939 692 4022 aliqua
724 3940 886 4032 humorem
914 3957 963 4002 ex
990 3921 1167 4016 semetipsa
1195 3931 1273 4012 gig·
1348 3922 1388 3998 ‚*

1 4051 3 4074 >
111 4035 177 4116 nit,
199 4035 258 4097 sad
295 4039 381 4102 iuter
420 4043 628 4124 semetipsum
667 4063 739 4106 eum
757 4053 894 4126 -serval,
950 4040 1100 4125 paludem
1137 4033 1273 4119 profun-

111 4143 182 4206 dam
214 4143 291 4206 facit
325 4155 357 4206 et
393 4148 427 4209 in
465 4149 516 4211 his
552 4147 723 4231 paludibus
760 4155 1010 4231 pertarrsennles
1041 4135 1302 4228 periclitantur(¹

1 4265 2 4274 ¹
109 4253 160 4314 Ex
182 4250 310 4314 delectu
333 4267 436 4333 aquae
457 4269 556 4337 saepe
578 4263 854 4318 murmuraverunt
876 4251 1056 4335 filiilsmol,
1077 4251 1136 4315 sed
1159 4259 1190 4315 et
1212 4267 1272 4314 uos
