2926 5050
191 669 289 736 sopor
310 666 445 730 maron,
466 653 501 712 st
524 647 566 712 ait
586 647 652 714 siin
671 657 764 734 ports
776 666 876 733 super
895 655 993 732 eaput
1011 645 1069 712 voi
1087 645 1205 714 oollam
1225 649 1369 714 altadus

191 755 354 842 peregrini
376 752 602 836 inuaderet,
623 760 659 817 et
680 771 794 818 omnes
815 771 942 816 mamm
962 756 1164 838 tnnsgrsssi
1185 771 1316 838 sumus,
1336 763 1370 818 ot

191 862 225 926 in
243 879 340 926 uuam
360 861 531 923 obscuram
552 857 713 942 aspellam
734 858 903 941 venimus,
924 858 959 920 ia
979 874 1045 941 qua
1065 855 1145 922 nihil
1165 857 1284 922 vidore
1306 878 1369 942 po-

191 965 328 1047 tuimus,
349 964 413 1026 nisi
435 981 509 1028 eum
530 962 714 1028 luminibus.
748 965 786 1027 ln
807 963 918 1045 eapite
936 960 1083 1044 capetias
1105 969 1156 1026 est
1176 981 1263 1028 urrns
1288 981 1369 1046 spe-

192 1085 252 1134 ms
278 1071 340 1132 suu
371 1087 468 1151 rupe,
499 1069 533 1131 in
564 1085 630 1153 qus
662 1065 805 1132 ereditur
836 1067 1065 1131 omniunt-us
1082 1066 1232 1147 mpura
1264 1076 1367 1132 notos

191 1174 305 1238 tuisse
348 1170 402 1235 Ad
423 1173 507 1236 hono
528 1189 608 1255 erga
627 1189 761 1256 suetam
782 1171 1012 1238 inoinavimns
1032 1187 1104 1252 nos,
1125 1178 1160 1234 at
1175 1169 1369 1264 dementato

191 1279 264 1343 loeo
285 1276 504 1360 indulgentias
516 1276 599 1360 (Η)
620 1277 786 1360 planarios
807 1273 1008 1340 remissionis
1029 1275 1225 1358 sooepimus,
1244 1286 1281 1340 et
1302 1295 1369 1339 non

192 1382 352 1449 modinum
374 1381 534 1448 somniari
556 1391 588 1445 ot
610 1384 747 1446 rsoreati
775 1389 809 1444 ot
841 1377 1075 1464 quodammodo
1101 1379 1135 1444 in
1156 1379 1368 1468 fidoeonso-

191 1487 282 1552 lidati
309 1487 437 1550 iinmus.
480 1487 534 1552 Ex
560 1486 618 1550 iiia
639 1487 725 1549 enim
754 1484 900 1550 (imolato
925 1499 1029 1566 speon
1056 1485 1096 1546 ob
1127 1488 1243 1547 merita
1257 1503 1368 1568 .pras-

192 1593 335 1656 esmona
356 1589 470 1654 suavis
493 1600 526 1654 st
547 1593 653 1656 bonno
674 1589 755 1656 odor
775 1591 894 1673 spirat,
927 1605 992 1671 quo
1012 1595 1147 1654 unam
1168 1606 1369 1672 pnsaunor

193 1703 310 1758 terram
342 1693 524 1759 osculatam
564 1713 645 1760 arao
682 1695 864 1760 univitatis
889 1691 1101 1758 -reosealstur
1131 1698 1167 1754 et
1203 1693 1367 1757 resalutat

192 1797 443 1884 quodammodo,
466 1809 500 1862 et
520 1800 584 1864 nisi
605 1800 668 1864 troo
689 1797 832 1864 remedio
859 1795 950 1862 Deus
981 1812 1052 1860 nos·
1065 1795 1253 1864 oonsotstnu
1277 1797 1367 1860 iais-

192 1911 261 1984 set,
290 1919 363 1966 oum
392 1921 457 1967 uon
486 1903 612 1968 modios
633 1904 766 1968 tristitia
798 1905 833 1967 io
854 1903 910 1966 iiio
931 1901 1004 1966 loeo
1025 1901 1201 1966 summm
1231 1909 1367 1984 propter

192 2005 301 2068 saneti
323 2005 387 2070 ioei
408 2023 561 2090 magnum
583 2006 783 2090 impostam.
826 2007 979 2072 Euolasia
999 2006 1102 2087 euim,
1123 2005 1201 2068 lieet
1221 2005 1287 2067 alta
1308 2006 1366 2087 sit,

193 2117 226 2172 at
248 2106 464 2195 testudinata,
485 2120 520 2174 et
551 2111 658 2177 adhue
678 2111 823 2196 depicta,
848 2119 960 2176 tamen
990 2111 1098 2174 nabat
1118 2107 1215 2191 plena
1235 2109 1365 2192 bestiis,

192 2211 297 2278 asinis
318 2220 354 2276 et
374 2215 525 2298 oamoiis,
558 2221 593 2278 ot
620 2235 686 2282 non
709 2226 780 2280 erat
799 2215 844 2278 ibi
861 2217 931 2302 ¹nisi
964 2213 1060 2278 timus
1082 2221 1116 2276 st
1146 2221 1292 2296 stereus,
1326 2221 1362 2276 et

193 2335 331 2402 magnus
352 2319 471 2403 foetor,
493 2322 555 2404 ito,
586 2319 673 2405 quod
696 2341 740 2384 ox
760 2319 901 2384 eoelssia
935 2326 1050 2382 serata
1075 2317 1195 2382 iaotmn
1216 2325 1268 2380 est
1289 2324 1364 2381 ets·-

193 2424 303 2488 buhrm
325 2425 508 2490 bestiarum
536 2426 601 2490 Per
622 2426 791 2490 eireuitum
812 2424 975 2489 eeclesiae
996 2428 1089 2487 want
1109 2423 1222 2488 ruinae
1241 2412 1364 2486 multoe

193 2526 376 2610 domorum,
397 2528 431 2592 in
453 2531 569 2613 quibus
590 2530 668 2595 olim
689 2529 800 2594 elarioi
821 2537 855 2592 st
875 2526 939 2592 Bai
960 2527 1048 2590 servi
1071 2525 1273 2609 residebunt,
1292 2525 1362 2608 jam

193 2647 273 2694 varo
297 2638 436 2697 est'una
456 2636 578 2698 misera
598 2632 761 2700 metionis
783 2632 941 2700 habitatio
959 2631 993 2696 in
1014 2630 1095 2698 loto.

458 2879 654 2956 Desertum
680 2876 860 2956 iohannis
886 2853 1088 2984 Baptistae.

278 3057 370 3122 Uitru
390 3057 509 3124 vallem
531 3060 647 3125 dieitur
670 3041 746 3124 esse
767 3060 929 3126 desertum
950 3059 988 3128 S.
999 3059 1158 3129 iohannis
1177 3056 1360 3139 Baptistae,

194 3162 227 3224 in
259 3181 322 3246 quo
345 3164 503 3232 habitavit
525 3165 630 3230 adhue
664 3185 745 3249 puer
776 3167 940 3248 existens,
973 3174 1008 3228 ut
1040 3163 1159 3228 dieitur
1178 3162 1290 3224 Lunae
1311 3161 1361 3223 1.ι

193 3266 279 3330 Puer
299 3279 408 3333 autem
429 3275 597 3335 erescebat
620 3278 654 3334 et
675 3271 914 3334 confortabatur
935 3269 1065 3351 spiritu,
1098 3275 1131 3330 et
1154 3273 1222 3328 erat
1242 3266 1275 3328 in
1298 3264 1370 3327 de·-

192 3374 290 3440 sertis
312 3394 416 3458 usquo
437 3377 478 3442 ati
501 3376 585 3446 diem
608 3373 808 3442 ostensionis
830 3369 916 3436 suae
934 3371 977 3435 ad
998 3371 1109 3440 lsrael.
1153 3369 1252 3440 Unda
1273 3369 1362 3432 Hie-

193 3494 349 3558 ronymus
372 3477 496 3541 Sarm:
529 3479 588 3542 lllo
609 3495 704 3542 vero:
738 3477 827 3538 ane
849 3493 911 3559 ego
940 3478 1034 3539 mitto
1063 3475 1214 3558 angelum
1241 3480 1358 3535 meum.

192 3577 297 3640 Plane
326 3579 494 3661 angelum,
530 3581 586 3662 qui
615 3586 692 3663 post
717 3563 859 3642 ¹materni
893 3581 1018 3644 ventris
1045 3580 1221 3663 hospitium
1257 3578 1360 3640 eremi

192 3688 322 3745 seoreta
353 3691 516 3764 sociatus,
547 3684 604 3746 ubi
625 3682 785 3765 parvulus
814 3699 888 3748 eum
909 3685 1114 3768 serpentinus
1135 3683 1223 3748 insit
1265 3683 1361 3746 Haeo

193 3792 306 3848 eontra
335 3786 577 3850 huoiferiauum
612 3785 819 3852 haeretioum.
861 3787 947 3854 Nam
968 3807 1053 3853 anno
1075 3787 1193 3852 aeuus
1211 3803 1293 3850 susa
1313 3781 1358 3847 V.

151 3961 157 3976 ,
192 3889 342 3954 velV11.
364 3889 709 3973 corruptelammundi
732 3891 862 3976 fugiens
884 3891 1047 3958 matum
1069 3895 1182 3976 petiit,
1203 3899 1236 3954 ot
1257 3889 1359 3956 vitam

192 3993 389 4059 eremiticam
410 3992 502 4060 duxit
527 3992 627 4060 XXV
661 3995 764 4060 amns.
807 3994 912 4061 Unde
937 4000 1063 4061 osnitur
1092 3996 1135 4061 de
1155 4014 1209 4062 eor
1253 3995 1359 4058 Antra

192 4095 315 4162 deserti
337 4097 459 4164 tenoris
483 4100 544 4163 sub
577 4101 671 4164 annis
698 4101 818 4166 nivium
848 4108 972 4166 tnrmm
1003 4102 1134 4186 fugiens
1167 4083 1294 4184 petisti,
1315 4117 1359 4162 ne

191 4199 257 4266 iovi
291 4202 406 4266 saltem
439 4203 602 4269 maeularo
636 4204 736 4270 vitam
771 4204 858 4270 foma
888 4223 1014 4287 possm.
1063 4202 1148 4283 Quia
1179 4201 1357 4268 mmmmm

189 4304 411 4370 Bernhardum
432 4309 516 4370 ratio
535 4315 648 4391 urget,
666 4309 793 4391 justitia
816 4307 933 4392 dietat,
956 4317 993 4374 ut
1012 4311 1108 4374 homa
1129 4326 1167 4372 se
1188 4317 1288 4374 totum
1308 4304 1358 4368 ilii

189 4408 314 4492 tradat,
336 4428 440 4491 equo
462 4420 564 4477 totum
585 4431 626 4474 so
647 4413 754 4476 habet.
787 4415 840 4476 ,st
861 4413 911 4476 sio
930 4414 1119 4494 iohannes,
1153 4421 1189 4474 ut
1209 4419 1357 4474 servarat

190 4509 328 4574 mundas
349 4528 481 4596 manua,
504 4515 621 4596 qnam
644 4512 814 4578 Christum
842 4521 1007 4596 tangeret,
1042 4524 1075 4576 ot
1095 4513 1218 4595 mutos,
1240 4513 1357 4595 quum
