2896 4872
738 219 803 286 ma
839 177 847 188 ’

196 420 386 488 recuperare
414 400 569 465 deberent
610 410 643 464 et
671 401 808 484 injurias
838 411 873 466 et
905 411 1041 466 mortem
1067 404 1190 467 saneti
1225 404 1404 468 hudovm

176 509 283 592 'ragis
303 505 482 574 vindicare.

277 609 377 675 Porro
399 617 490 673 actor
517 609 604 672 iilius
624 609 780 674 tumuitus
809 619 878 674 erat
900 609 998 673 irater
1024 609 1185 675 Jacobus
1224 623 1399 696 apostata

194 715 373 778 monachus
401 711 523 776 ordinis
545 712 786 798 cistertiensis,
817 717 873 806 qui
893 715 986 809 finxip
1013 714 1078 776 sibi
1109 715 1270 778 stellam
1304 718 1356 780 ad
1372 735 1397 778 sr

194 819 380 883 inclinatam
400 818 536 900 dixisse,
558 819 614 881 illo
632 818 727 882 mede
748 817 946 882 liberandam
965 835 1048 885 ease
1064 821 1195 880 terram
1223 829 1404 884 sancus

195 923 380 988 intantum
411 932 519 985 entem
541 941 707 986 numemm
728 932 975 1005 concurremut,
1007 931 1042 984 ut
1069 923 1158 986 ultra
1183 923 1272 987 XX
1300 926 1388 988 nun

194 1029 356 1094 bominum
376 1026 567 1110 simplicium
581 1024 686 1107 (ΜΒ
696 1025 750 1104 Α)
771 1037 904 1109 essent,
932 1045 995 1088 uec
1015 1026 1159 1108 aliquem
1184 1029 1384 1112 religiosus

195 1142 251 1197 aut
272 1132 437 1213 clericum,
457 1139 513 1194 aut
531 1130 741 1212 sacerdotem,
754 1141 811 1194 aut
832 1132 959 1195 domum
981 1133 1067 1192 inter
1088 1148 1128 1192 se
1149 1134 1380 1196 sustinebant.

194 1235 289 1301 Unde
309 1236 351 1299 ad
372 1244 493 1298 tautam
515 1237 786 1316 praesumtionem
808 1235 1018 1318 devenerunt,
1035 1244 1070 1297 ut
1083 1236 1253 1317 magistri
1277 1253 1378 1299 eom!

195 1359 284 1403 more
305 1341 528 1422 episcoporum
551 1357 667 1421 aquam
696 1340 925 1403 benedicerent
951 1347 985 1402 et
1010 1340 1229 1402 matrimonia
1261 1341 1379 1423 junge·

194 1453 267 1508 rent
294 1453 326 1506 et
346 1441 571 1526 praedicarent
601 1437 682 1512 suis.
716 1445 799 1508 Cum
822 1453 929 1508 autem
950 1443 990 1506 ad
1010 1452 1124 1525 portus
1147 1446 1269 1508 maris
1292 1445 1376 1508 veni·

194 1555 284 1630 rent,
309 1550 342 1610 in
364 1546 497 1609 nihilum
519 1566 649 1610 versum
672 1557 725 1610 est
746 1551 911 1631 negotium
940 1567 1050 1611 acrum
1078 1556 1116 1610 et
1136 1551 1251 1612 vacui
1276 1549 1375 1612 redte

195 1660 276 1716 runt.
319 1649 417 1712 Multi
438 1659 544 1713 autern
567 1669 695 1735 eorum,
723 1655 778 1736 qui
795 1655 886 1736 prins
911 1653 1040 1716 inerunt
1060 1652 1242 1735 simplices
1267 1663 1372 1735 pasto·

160 1742 163 1747 ’
195 1773 266 1839 res,
288 1755 366 1820 iacti
396 1761 473 1817 sunt
499 1763 662 1837 raptores,
694 1757 784 1820 iures
822 1767 855 1818 et
886 1757 1045 1833 latrones,
1080 1758 1243 1820 etmulti
1269 1758 1314 1820 de
1332 1759 1371 1816 eis

195 1859 335 1923 diversis
363 1860 397 1921 lu
427 1858 509 1922 loeis
539 1868 671 1940 propter
701 1860 786 1923 furta
817 1862 904 1924 iacta
936 1861 1048 1924 mortis
1081 1862 1268 1944 suppliciis
1303 1869 1368 1924 sunt

194 1964 343 2054 peremti,
367 1964 465 2026 etita
486 1963 746 2038 conventiculum
770 1967 832 2030 boo
852 1965 1007 2040 pensavit.

233 2199 291 2310 De
316 2197 442 2316 litigiis
463 2197 660 2298 principum
686 2161 958 2273 christinnomm
983 2221 1049 2299 pro
1077 2197 1186 2272 titulo
1216 2198 1328 2297 regui

666 2317 889 2402 Jerusalem.

276 2498 357 2561 Post
383 2499 465 2562 haec
495 2509 639 2581 tempora
672 2504 836 2560 cessatum
870 2497 932 2559 fuit
952 2515 973 2558 a
993 2499 1132 2559 transitu
1164 2499 1267 2561 maris
1304 2501 1354 2576 ita,

194 2598 279 2683 quod
301 2599 519 2665 occidentales
547 2604 658 2685 populi
689 2622 753 2672 raon
785 2601 922 2684 amplius
944 2601 1226 2683 congregabantur
1247 2611 1353 2666 contra

193 2706 365 2768 orientales
387 2707 432 2769 ita
454 2708 679 2790 communiter,
702 2711 820 2769 mansit
841 2715 947 2794 tamen
972 2705 1110 2792 litigium
1131 2706 1214 2766 inter
1233 2707 1350 2787 prinei·

193 2827 253 2893 pes
275 2809 316 2873 de
336 2809 429 2881 titul-o
450 2812 541 2892 regui
560 2812 826 2894 Jerosolymitani
855 2812 916 2892 ita,
940 2809 1025 2893 quod
1047 2809 1142 2874 hodie
1163 2809 1274 2871 titulus
1299 2807 1347 2870 illc

193 2915 279 2998 apud
303 2915 412 3000 plures
440 2933 536 2997 reges
558 2925 683 2998 monet,
720 2915 804 2980 sicut
826 2912 911 2996 apud
939 2932 1049 2996 regem
1078 2913 1234 2996 Anglioe,
1270 2914 1345 2979 sicat

194 3023 343 3104 superius
365 3020 484 3104 patuit;
506 3025 540 3080 et
561 3037 659 3102 reges
676 3019 836 3082 Franciae
857 3016 1029 3099 aliqnando
1050 3035 1089 3080 se
1110 3017 1342 3100 regesJemss·

194 3125 258 3207 lem
284 3127 408 3207 jactant
431 3129 524 3204 csse'3
555 3123 704 3188 similiter
734 3142 793 3185 rex
823 3112 942 3204 Cypri3
979 3130 1012 3183 et
1047 3139 1105 3183 rex
1139 3117 1281 3200 Siciliae,
1310 3125 1339 3176 et

195 3211 290 3310 reges
318 3209 564 3310 Hispaniarum
596 3236 627 3288 et
649 3226 749 3292 duces
780 3225 960 3294 Suevorum
992 3225 1079 3292 bunc
1106 3223 1227 3291 titulum
1252 3239 1337 3283 suum

194 3347 270 3391 esse
299 3327 402 3411 justo·
411 3332 484 3412 jure
510 3331 730 3413 affirmabant,
762 3329 836 3393 dum
850 3328 965 3392 adhuc
989 3336 1118 3409 essent,
1150 3345 1221 3392 nam
1249 3333 1281 3387 ut
1300 3343 1336 3391 ex

195 3431 291 3496 dictis
312 3436 417 3515 patet,
438 3435 621 3498 i'riderious
643 3435 709 3498 dux
731 3434 926 3515 Suevornm,
956 3434 1128 3514 imperator
1157 3431 1254 3494 ianus
1279 3429 1332 3490 hn-

190 3538 245 3618 jus
266 3537 405 3599 nominis
426 3540 606 3622 secundus,
627 3558 759 3602 uxorem
773 3539 892 3607 babuit
912 3537 1037 3618 Jclam,
1067 3535 1165 3597 lilism
1192 3533 1331 3597 lobannis

194 3641 285 3721 ragis
303 3640 504 3724 Jerusalem,
525 3655 559 3708 et
582 3645 739 3707 cumbae
769 3644 907 3724 ipsemet
928 3641 1150 3706 transfretavit
1176 3648 1206 3702 et
1229 3640 1258 3700 in
1275 3637 1329 3700 Je-
1403 3711 1404 3714 Ἴ

192 3743 331 3808 ruralem
354 3745 697 3830 rexJerosoiymorum
719 3745 903 3808 declaratus
925 3755 958 3808 et
980 3753 1151 3808 coronatus
1167 3744 1228 3806 init.
1250 3741 1327 3820 Qua·

192 3857 322 3932 propter
342 3849 543 3933 Maniredus,
575 3851 662 3925 filius
683 3851 756 3932 ejus
778 3858 809 3910 et
829 3867 1002 3922 successor
1033 3851 1066 3912 in
1088 3867 1187 3932 reguo
1207 3847 1327 3928 Siciliae,

192 3973 230 4016 se
251 3971 360 4047 regem
383 3953 513 4019 Siciliae
536 3963 569 4016 et
588 3954 771 4018 Jerusalem
798 3957 951 4037 gerebat,
985 3963 1019 4016 et
1039 3961 1262 4036 cousequenter
1278 3952 1324 4015 alii

192 4059 278 4122 illins
298 4058 519 4140 generationis
542 4057 723 4122 Suanorum
746 4059 856 4122 duces.

272 4163 372 4226 Porro
394 4179 478 4223 anno
499 4162 627 4224 Domini
650 4163 756 4245 1264,
775 4180 846 4225 cnm
871 4162 977 4224 dictus
1002 4158 1190 4239 bisniredns
1209 4167 1235 4220 at
1252 4156 1321 4220 Cor·

192 4263 333 4347 mutnus,
362 4263 482 4346 Saevi,
522 4283 587 4327 rem
623 4264 782 4329 ecclesiae
805 4269 1045 4350 perturbarent,
1081 4267 1172 4349 Papa
1197 4261 1319 4326 Clemens
