3030 4864
755 238 820 306 dib

204 424 447 508 camaracam
468 422 559 487 rrum
579 401 765 488 rucuma
786 427 821 483 a
843 420 1066 504 requendum
1087 419 1376 490 reminemus·-

204 535 281 596 bum
314 527 565 592 formidulosum.
607 525 651 589 tlt
680 529 728 590 ita
759 525 912 590 custodes
934 526 1106 610 diligentes
1137 527 1304 611 posuimus
1343 534 1377 590 et

206 635 346 700 dormire
375 633 553 714 incepimus
592 647 654 693 nec
684 631 824 716 aliquare
858 631 1111 715 inquietudinem
1142 634 1233 715 passi
1254 647 1378 713 sumen,

205 739 355 825 quamvis
375 738 409 802 in
430 735 562 801 terribili
583 735 656 800 loce
678 751 835 800 memus.

420 955 481 1031 De
503 955 669 1058 periculo
696 963 950 1058 tempestatum
974 956 1011 1032 in
1037 979 1176 1058 arena..
1314 956 1320 965 ’

192 1189 196 1208 .
292 1140 402 1204 'fortia
423 1135 549 1202 decima
578 1137 631 1202 die
661 1147 827 1203 transacta
852 1137 960 1204 medie
991 1147 1086 1204 necte
1117 1138 1315 1204 surreximus
1347 1143 1387 1202 et

209 1248 346 1332 dejectis
367 1242 513 1308 tentoriis
534 1259 574 1306 ac
595 1243 750 1307 involutis
778 1253 810 1306 et
831 1246 927 1307 rebus
947 1244 1061 1308 bestiis
1092 1245 1251 1328 impositis
1279 1261 1298 1306 a
1320 1241 1380 1306 de-

209 1361 298 1422 serte
318 1347 437 1431 caym
457 1347 661 1410 recessimus.
705 1346 822 1410 Statim
845 1357 950 1410 autem
983 1347 1024 1412 ad
1046 1353 1186 1412 montem
1209 1365 1379 1412 arenosum

209 1457 376 1534 vonimus,
398 1469 494 1535 quem
521 1467 595 1512 oum
622 1450 813 1514 difficultate
837 1452 1061 1534 ascendimus,
1084 1455 1161 1538 quia
1180 1455 1304 1517 noviter
1323 1469 1381 1534 per

211 1566 343 1624 ventum
356 1629 360 1634 ,
375 1562 630 1637 tempestuosum
659 1553 736 1618 illuc
760 1555 822 1618 fuit
854 1555 1047 1639 translatus,
1069 1564 1104 1620 et
1137 1556 1277 1622 neudum
1310 1563 1381 1620 erat

211 1680 310 1728 arena
331 1661 415 1724 bene
435 1657 637 1722 condensata
657 1668 690 1723 et
711 1662 836 1724 bestiae
856 1658 1040 1725 incidebant
1061 1663 1147 1726 sicut
1166 1663 1200 1724 in
1222 1660 1383 1744 protunda

213 1770 299 1832 nive.
341 1767 479 1848 Insuper
500 1771 619 1828 ventus
640 1766 675 1827 in
696 1765 949 1847 praesentiarum
972 1765 1055 1830 flans
1079 1767 1140 1852 sub
1162 1764 1298 1850 pedibus
1319 1783 1384 1828 no-

212 1873 292 1938 stris
312 1887 443 1934 arenam
464 1867 536 1932 tulit
565 1876 599 1930 et
630 1878 771 1932 mentem
792 1871 907 1940 iterum
932 1870 1102 1956 deportem
1140 1880 1173 1936 et
1203 1870 1383 1935 transferre

213 1977 256 2044 ad
275 1977 380 2042 lecum
404 1973 650 2058 elium-institit,
672 1982 704 2036 et
725 1977 830 2058 ipsum
848 1974 980 2061 jugum,
1006 1979 1041 2043 in
1063 1996 1127 2063 que
1154 1976 1383 2061 prepossitum,

214 2083 256 2148 ad
276 2083 387 2150 horam
409 2081 561 2142 corrtinue
582 2078 725 2163 defluxit,
739 2082 825 2145 sicut
842 2099 930 2166 aqua
950 2086 1094 2170 agitante
1111 2095 1221 2168 vente,
1240 2101 1301 2147 nec
1320 2099 1385 2145 va·
1416 2129 1421 2144 .

216 2189 337 2254 luimus
357 2186 398 2249 ab
420 2184 485 2246 elia
504 2192 597 2278 parte
617 2184 650 2246 iu
672 2192 845 2278 terrentem
869 2186 1067 2282 descendere
1088 2199 1219 2273 prepter
1237 2189 1385 2253 defluen-

215 2304 279 2358 tem
295 2307 437 2372 arenam,
454 2307 496 2350 ne
516 2289 549 2351 in
565 2297 788 2373 tempestatem
810 2291 1004 2357 veniremus.
1033 2295 1144 2376 Magis
1161 2296 1246 2357 enim
1267 2294 1301 2354 in
1319 2292 1385 2356 illis

216 2397 323 2478 torris,
344 2410 439 2477 quaro
461 2393 495 2454 in
516 2391 582 2456 ullo
602 2395 684 2456 mari
705 2395 909 2476 naufragium
934 2397 1109 2478 patiuntur,
1130 2399 1185 2480 qui
1212 2397 1246 2458 in
1268 2413 1386 2460 arena·

216 2520 284 2566 rum
311 2504 535 2580 tempestatem
562 2501 721 2566 venerint.
765 2497 909 2564 'landem
943 2507 1068 2582 autem,
1090 2502 1174 2564 sicut
1207 2501 1386 2582 oportebat,

216 2609 253 2670 in
272 2603 390 2667 vellem
414 2599 640 2666 descendimus
669 2618 733 2664 neu
754 2602 826 2665 sine
847 2620 964 2667 arenae
986 2603 1147 2686 molestia,
1170 2621 1235 2686 qua
1263 2603 1387 2686 profau

217 2711 351 2792 fotmus,
373 2707 467 2790 cujus
488 2706 631 2790 prolusio
657 2707 691 2770 in
709 2707 861 2790 centuplo
882 2710 977 2772 nobis
1008 2708 1068 2780 brit
1089 2707 1268 2790 molestior,
1290 2724 1388 2790 quern

217 2823 467 2902 quantacunque
494 2810 690 2876 abundantia
712 2811 852 2894 pluviae.
868 2807 964 2874 -Cunr
989 2811 1155 2876 invallem
1169 2814 1387 2895 venissemus,

219 2941 277 3006 per
303 2918 369 3002 jam
406 2917 555 3001 injectam
587 2933 718 2979 arenam
751 2916 987 2982 descendimus.
1040 2919 1120 2982 llrat
1149 2926 1256 2982 autern
1291 2916 1387 2981 vallia

219 3027 346 3108 stricta,
368 3025 476 3086 cincta
496 3021 537 3084 eb
559 3027 697 3105 utraque
717 3031 809 3104 parte
829 3023 990 3086 mentibus
1010 3011 1171 3106 arenosis,
1186 3032 1220 3088 et
1239 3023 1279 3106 si,
1301 3020 1388 3105 qued

89 3155 93 3166 ·
220 3129 392 3195 elementia
412 3126 522 3190 divine
542 3143 603 3189 nos
625 3127 708 3189 tuita
727 3129 857 3210 evertit,
878 3129 956 3192 lecti
978 3129 1119 3194 luissent
1146 3129 1236 3193 venti
1257 3135 1388 3192 centra·

221 3235 272 3316 rii,
294 3234 334 3296 ab
356 3240 492 3314 utraque
512 3239 604 3315 parte
624 3249 724 3294 mona
742 3232 776 3294 in
796 3232 915 3296 vallem
935 3233 1136 3317 defluxisset,
1148 3241 1182 3295 et
1202 3249 1264 3296 nes
1284 3248 1389 3315 usque

221 3336 264 3400 ed
286 3335 510 3400 suffocationis
532 3336 675 3420 pericula
696 3345 945 3420 coangustasset
969 3337 1180 3402 intolerabilis
1202 3343 1389 3420 tempestas,

221 3451 315 3527 prout
335 3459 436 3528 saepe
453 3440 747 3524 perambulantibus
769 3439 929 3506 desertum
952 3441 986 3504 in
1007 3441 1089 3506 locis
1110 3442 1181 3506 istie
1203 3443 1391 3524 contingere
1483 3513 1486 3520 ¹

221 3547 314 3612 solet.
343 3543 492 3629 Repente
518 3563 596 3629 ergo
618 3563 787 3608 recurvam
806 3545 926 3609 vallem
940 3548 1158 3629 processimus
1179 3533 1216 3611 'et
1236 3547 1269 3609 in
1290 3564 1388 3610 uuum

221 3669 373 3736 nemum
386 3658 557 3714 terrentem
579 3651 739 3732 venimus,
753 3669 848 3734 quem
865 3646 990 3714 Arabes
1002 3653 1208 3716 nominabant
1220 3651 1389 3716 Wadalar.

177 3749 182 3764 ’
222 3757 287 3822 Hic
300 3764 435 3838 terrens,
457 3764 494 3818 ut
515 3756 659 3838 vestigia
681 3745 827 3838 p'atentia
852 3755 1082 3839 ostendebant,
1103 3775 1163 3820 eue
1179 3763 1322 3840 tempere
1335 3773 1391 3818 re-

223 3861 345 3928 dundet
357 3861 461 3944 aqum,
476 3875 557 3943 quas
569 3878 627 3942 per
639 3877 734 3938 suurn
746 3859 874 3924 alveum
885 3863 1072 3926 transmittit
1083 3863 1118 3926 in
1129 3881 1218 3928 mere
1230 3880 1392 3946 megnum,

223 3969 300 4053 quie
314 3965 436 4032 directe
448 3962 641 4048 edplagam'
654 3966 812 4048 vergebat
831 3968 941 4037 maris.
967 3949 1099 4032 dientes
1119 3968 1393 4032 hunoterreetem

222 4074 392 4155 cingentes
419 4088 484 4135 neu
516 4080 609 4135 erant
628 4073 769 4152 arenosi,
790 4072 850 4136 sed
869 4069 1008 4156 petrosi,
1029 4071 1117 4136 uude
1147 4074 1180 4135 iu
1201 4091 1263 4138 sue
1291 4073 1416 4140 iuude.

223 4179 354 4260 fruteta,
367 4176 500 4242 arbusta
519 4183 554 4238 ot
567 4175 686 4240 herbae
707 4185 813 4262 erant,
827 4177 912 4241 iuter
925 4177 1043 4242 herbas
1064 4171 1171 4242 autern
1185 4178 1267 4242 alias
1289 4193 1394 4262 quee-

225 4279 297 4345 dam
320 4291 406 4365 erat,
429 4300 513 4390 quae
546 4281 589 4348 de
609 4300 671 4348 sua
698 4283 808 4358 radice
834 4283 953 4350 multos
981 4283 1184 4350 ramusculos
1216 4283 1394 4365 emittebat,

554 4576 582 4619 ἱ
