2842 4882
202 573 419 656 Solitudinis
450 572 531 650 sive
562 571 702 649 deserti
723 571 798 679 'vel
830 575 943 650 eremi
975 573 1185 676 descriptio,
1217 583 1258 650 et
1295 581 1374 677 ejus

244 694 411 790 latitudo,
435 691 626 793 longitudo
651 702 691 769 et
713 693 911 782 sterilitasr
936 704 977 770 et
998 695 1175 794 quomodo
1203 696 1341 774 dieitur

473 822 625 916 quatuor
649 813 766 892 modis
789 823 894 919 patet
921 815 1101 916 ingressu.

284 1019 433 1088 Solitndo
469 1019 526 1082 illa
546 1020 752 1104 vastissima,
774 1039 833 1105 per
864 1039 959 1104 quam
976 1021 1034 1084 vde
1065 1029 1151 1083 terra
1183 1031 1305 1086 saneto
1336 1024 1370 1086 ad

201 1138 341 1195 montem
364 1127 452 1192 Oreb
475 1125 612 1188 transire
633 1133 768 1209 oportet,
790 1144 877 1189 nuno
897 1129 930 1190 in
951 1127 1014 1190 hoe
1040 1125 1112 1190 looo
1133 1127 1224 1188 veuit
1249 1127 1370 1191 dosori-

199 1235 315 1300 benda.
356 1230 542 1297 Notandum
564 1219 660 1312 ergo,
682 1232 768 1314 quod
792 1233 875 1296 haee
895 1231 1038 1295 solitudo
1060 1237 1210 1312 estpars
1231 1233 1368 1297 Arabiae

124 1393 125 1396 ,
199 1356 349 1421 magnae.
388 1330 473 1400 Sunt
502 1337 586 1398 enirn
619 1345 685 1398 tres
716 1344 822 1400 terrae
849 1339 911 1400 sibi
940 1338 1081 1400 invioem
1110 1335 1265 1418 junotae,
1294 1357 1367 1422 quaa

89 1489 91 1492 -
198 1443 348 1508 dionntur
361 1441 511 1506 Arabiae.
543 1443 653 1505 Primo
675 1459 768 1504 mons
779 1441 924 1505 Libanus
946 1452 978 1510 et
992 1441 1200 1505 Antilibanus
1218 1460 1297 1505 oum
1310 1445 1375 1506 tota'

147 1559 164 1582 '⁴
197 1549 329 1630 regiona
346 1545 518 1627 -adjaoente
540 1544 655 1609 dieitur
674 1546 798 1609 Arabia
819 1547 925 1630 oelsa,
946 1566 1005 1630 pro
1035 1565 1092 1629 eo,
1112 1547 1190 1630 quia
1209 1555 1300 1612 tarra
1319 1549 1365 1610 illa

197 1652 352 1714 thuriiera
374 1641 425 1714 est
444 1661 476 1716 at
508 1651 670 1714 abundant
691 1651 736 1714 ibi
763 1653 894 1714 arborea
920 1651 1093 1736 thuriferae
1119 1653 1240 1715 atalia
1264 1656 1364 1719 odori·

196 1757 275 1820 iera.
304 1759 347 1820 lit
360 1758 434 1820 huie
451 1757 600 1840 jungitur
612 1760 701 1839 regio
715 1757 933 1838 Traoonitidis
950 1767 983 1822 et
995 1760 1122 1820 ituraea
1146 1757 1186 1819 ab
1204 1761 1361 1840 aquilone,

194 1881 278 1946 quae
297 1873 372 1926 sunt
395 1870 503 1945 partes
527 1861 709 1943 Galilaeae,
730 1863 912 1925 Damascus
933 1881 1012 1926 vero
1028 1861 1183 1942 meridie,
1208 1881 1307 1945 quam
1329 1866 1362 1926 oh

198 1986 329 2030 eausam
353 1967 450 2051 Syria
463 1967 616 2030 Damasei
637 1966 830 2048 aliquotiens
844 1967 966 2029 Arabia
986 1976 1129 2040 vooetur.
1158 1967 1259 2030 Unde
1273 1969 1364 2032 Arata

195 2092 254 2136 rex
275 2073 416 2136 Arabiae
438 2071 563 2153 dieitur,
586 2072 641 2154 qui
663 2079 771 2132 tamen
792 2079 861 2133 erat
878 2090 940 2135 rex
961 2073 1123 2134 Damasei.

280 2175 431 2240 Secundo
452 2185 540 2238 terra
564 2175 701 2238 filiorum
721 2176 819 2238 Moab
848 2184 879 2237 et
901 2175 1042 2240 Ammon
1069 2185 1101 2238 et
1122 2193 1262 2258 regnum
1286 2177 1363 2240 Seou

197 2281 284 2363 regis
299 2282 430 2343 Esebon
452 2298 524 2343 eum
544 2299 644 2362 regno
657 2277 710 2362 0g
724 2281 813 2362 regis
828 2281 935 2342 Basan
956 2290 987 2344 et
1008 2289 1096 2344 totus
1118 2300 1213 2344 mons
1228 2279 1363 2345 Galaath

194 2393 227 2446 et
248 2391 317 2446 tota
332 2385 423 2466 regio
436 2385 712 2449 transJordonem
735 2385 853 2448 dieitur
863 2387 984 2448 Arabia
1005 2386 1149 2449 seouuda
1169 2395 1205 2448 et
1230 2388 1365 2470 conjun-

193 2490 280 2571 gitur
300 2492 422 2571 primae
442 2509 463 2552 a
483 2499 575 2572 parte
596 2490 740 2552 australi.
780 2571 782 2576 ,

277 2595 397 2656 'lertio
439 2594 493 2656 Ab
514 2594 570 2657 illa
591 2595 701 2677 incipit
722 2595 844 2657 Arabia
871 2595 984 2678 tertia,
1004 2613 1088 2678 quae
1109 2594 1227 2658 dieitur
1247 2594 1366 2656 Arabia

194 2715 328 2781 magna,
365 2706 397 2760 et
428 2717 488 2781 per
518 2699 692 2762 latissimas
728 2699 919 2763 solitudines
950 2700 1149 2783 protenditur
1179 2717 1203 2760 a
1235 2699 1366 2762 flumina

194 2821 311 2886 magno
332 2788 497 2886 Euphrate
526 2819 631 2887 usque
657 2803 699 2866 ad
723 2823 811 2866 mare
833 2805 960 2868 rubrum
983 2815 1015 2884 et
1044 2806 1083 2869 ad
1099 2804 1218 2867 Nilum
1247 2806 1366 2868 flumen

192 2908 346 2992 Aegypti.
383 2911 421 2971 ln
451 2909 513 2972 hae
533 2909 657 2972 Arabia
685 2917 797 2972 eontra
825 2911 979 2972 orientem
1008 2917 1058 2971 est
1080 2911 1219 2990 hierna,
1248 2913 1366 2973 civitas

192 3013 393 3077 detestabilia
415 3015 622 3096 Maohometi‚
644 3021 678 3076 et
699 3024 811 3077 eontra
833 3014 998 3076 meridiem
1018 3022 1069 3076 est
1089 3030 1182 3075 mons
1206 3013 1318 3098 Synai
1339 3023 1367 3075 et

191 3117 287 3182 oreb.
320 3119 364 3181 Et
385 3119 466 3182 haee
481 3117 602 3182 Arabia
623 3126 674 3180 est
696 3118 865 3201 latissima,
873 3121 1041 3182 continens
1057 3118 1252 3182 solitudines
1272 3139 1367 3205 mag·

134 3293 140 3304 Ι
188 3240 249 3286 nas
271 3232 304 3286 et
324 3223 537 3305 vastissimas,
560 3222 708 3285 diversas
731 3223 894 3285 faoientes'
909 3224 1104 3306 provincias.

272 3327 385 3392 [ratius
407 3338 514 3391 tamen
535 3327 696 3409 loquendo
728 3327 770 3390 de
790 3328 912 3390 Arabia
932 3329 1108 3390 seeundum
1130 3325 1365 3408 figurationem

188 3433 369 3497 tabularum
380 3434 557 3498 Ptolemaei
568 3449 740 3516 possumus
751 3433 872 3515 dicere,
888 3434 974 3516 qnod
987 3440 1055 3496 tota
1067 3432 1166 3513 regio,
1181 3448 1271 3512 quae
1284 3431 1368 3493 alias

186 3539 366 3601 nominatur
394 3537 491 3621 Syria
511 3539 665 3602 Damasei
690 3537 774 3600 ultra
794 3539 940 3601 Libanon
969 3546 1019 3602 est
1042 3536 1163 3600 Arabia
1184 3537 1314 3618 prima,
1337 3545 1369 3598 et

185 3641 302 3706 dieitur
322 3644 611 3707 Arabiallamaaoi
633 3643 687 3706 vel
710 3641 835 3725 Syriae.
867 3645 954 3705 Hnio
972 3641 1125 3712 adhaeret
1150 3639 1191 3703 ad
1214 3651 1367 3704 anstrum

184 3747 306 3810 Arabia
327 3747 474 3832 Petraea,
495 3767 579 3833 quae
602 3756 651 3810 est
670 3747 822 3810 secunda.
865 3747 919 3810 Ad
941 3748 1025 3810 hano
1046 3744 1209 3828 dependet
1232 3746 1366 3808 Arabia

184 3852 313 3916 deserta
333 3853 507 3936 latissima,
529 3872 613 3936 quae
635 3854 813 3916 ostreata.
859 3850 920 3914 Cui
949 3859 1186 3932 consequenter
1210 3849 1369 3932 jungitur

149 3987 152 3994 ·
182 3957 306 4020 Arabia
330 3958 416 4040 felir,
435 3958 569 4041 grandis
591 3967 624 4020 et
644 3957 760 4020 nobilis
789 3958 912 4039 patria,
934 3958 966 4020 in
989 3973 1052 4038 qua
1074 3962 1123 4016 est
1145 3971 1247 4036 supra
1273 3955 1369 4018 dieta

182 4060 301 4123 eivitas
322 4062 526 4123 Maohometi.
566 4063 640 4124 Hae
662 4070 798 4144 quatuor
825 4061 966 4124 Arabiae
987 4059 1161 4122 latissimas
1183 4059 1370 4121 includunt

180 4162 331 4239 regiones
365 4171 397 4222 et
428 4164 496 4224 suis
524 4166 668 4226 terminis
695 4184 783 4226 mare
816 4183 966 4246 magnum
994 4173 1027 4226 et
1055 4165 1161 4224 sinum
1190 4163 1368 4226 arabicum

179 4259 251 4318 sive
277 4281 364 4323 mare
393 4265 520 4325 rubrum
553 4275 585 4326 et
607 4267 712 4328 sinum
744 4271 906 4348 persionm
938 4269 1145 4348 contingunt,
1167 4283 1207 4328 ao
1229 4267 1369 4347 Nilum,

70 4431 75 4438 ,
178 4355 386 4442 Euphratem,
399 4365 518 4444 'l'igrim
536 4375 568 4428 et
582 4367 726 4450 Phyaon,
740 4379 876 4451 quatuor
891 4370 1031 4453 paradisi
1047 4371 1188 4451 flumina,
1202 4376 1368 4453 tangunt.
