2842 4882
634 305 698 374 885

72 509 160 559 onus
180 509 200 554 ι
221 507 259 554 se
281 489 384 573 rejicit
406 496 438 552 ot
458 489 522 553 boc
541 483 758 572 laotomaguo
779 505 876 556 eursu
899 492 1028 576 aufugit
1050 500 1082 560 et
1096 491 1154 558 vix
1175 494 1248 576 capi

72 617 115 662 so
137 597 301 680 permittit.
334 595 457 678 blegne
478 611 555 657 cura
577 595 657 658 boec
678 595 782 657 bcstia
803 594 932 658 videtur
953 598 1118 663 custodire
1139 617 1247 678 onero,

73 723 119 765 ne
151 701 321 783 decidant,
344 701 531 764 cautissime
559 701 642 763 enim
676 699 777 782 pedes
809 702 915 784 ponit,
939 720 981 764 ne
1008 703 1109 784 pedes
1140 701 1249 766 laedat
1381 699 1384 704 '

75 819 109 872 et
132 826 174 868 ne
193 825 292 869 onera
312 803 439 888 cadant,
456 823 530 870 narn
551 805 611 868 snb
634 803 719 888 peda
740 804 856 867 cameli
873 813 924 868 est
945 806 1045 869 multa
1059 812 1249 886 carnositas,

75 921 110 975 et
132 914 165 974 in
188 911 260 994 ejus
291 911 409 974 fissura
430 911 550 972 corium
572 908 679 984 similo
698 909 738 992 ei,
759 909 920 993 quod'est
940 909 973 971 iu
993 910 1130 993 pedibus
1152 931 1250 974 anse-

76 1035 168 1100 rum,
189 1017 275 1080 ideo.
291 1025 386 1079 caute
414 1014 570 1097 ambulat3
597 1013 700 1096 νὶιιιι,
730 1032 909 1096 perquam
938 1015 1040 1078 semel
1066 1016 1252 1101 ambulavit,
1341 1055 1357 1104 1

76 1140 208 1205 semper
229 1123 293 1206 soit
324 1125 398 1184 sine
431 1119 528 1202 duco,
551 1119 648 1185 etiam
676 1117 706 1179 si
737 1118 792 1180 via
815 1117 865 1180 ‘sit'
892 1126 1006 1200 operta
1037 1121 1183 1203 pulvere,
1197 1109 1280 1185 nel¹

78 1245 180 1289 arona
201 1236 411 1310 perventum
434 1224 570 1308 adjecta.
605 1225 649 1286 lllt
665 1223 728 1286 boo
750 1224 968 1292 necessarium
989 1233 1040 1287 est
1061 1243 1119 1307 per
1139 1223 1254 1309 deser·

78 1340 167 1414 tum,
202 1334 236 1393 in
268 1348 332 1414 qno
353 1330 461 1412 nullae
493 1331 568 1393 viae
599 1337 730 1392 manent
759 1336 891 1411 proptor
920 1345 1087 1392 arenarum
1119 1339 1251 1394 motum.
1295 1339 1300 1346 '
1342 1351 1345 1358 ·

65 1436 157 1498 'Non
178 1444 301 1498 tantum
316 1444 468 1517 parantur
489 1435 551 1499 bae
571 1435 695 1498 bestiae
716 1432 758 1495 ad
779 1450 878 1508 onera
894 1432 1054 1518 vehenda,
1070 1435 1131 1498 sed
1151 1439 1251 1501 etiarn

79 1538 122 1601 ad
144 1539 229 1601 bella
253 1538 423 1616 ducuntur,
445 1537 485 1601 ad
507 1555 591 1621 quae
611 1547 719 1600 tamon
732 1537 900 1601 'foeminae
920 1537 975 1600 vel
997 1540 1142 1603 camelae
1162 1542 1251 1604 vali-

81 1643 188 1707 diores
202 1651 277 1705 sunt
295 1662 389 1730 quam
407 1644 530 1706 cameli.
560 1639 753 1706 Caetrantu'r
772 1640 1031 1727 autem,quando
1045 1641 1119 1708 duci
1130 1645 1251 1708 babent

80 1747 123 1811 ad
144 1748 308 1831 proelium.
350 1751 392 1812 Et
415 1757 536 1812 tantum
559 1746 601 1810 de
621 1746 686 1810 illo.
736 1797 739 1806 ι
1252 1755 1260 1766 “

504 2095 507 2102 λ
570 2015 775 2094 Comelorii.
862 2133 865 2140 A

53 2320 57 2326 .
86 2273 89 2278 ·
170 2246 342 2312 Camelarii
362 2247 415 2320 vel
437 2246 627 2313 dromedarii
648 2253 726 2320 sunt
749 2245 900 2329 magistri-
915 2247 1117 2312 camelorum.
1155 2245 1260 2309 Porro*

84 2354 187 2418 nostri
219 2353 382 2416 camelarii
417 2373 476 2436 per
515 2353 677 2416 desertum
710 2361 800 2420 erant
835 2349 986 2418 conducti
1017 2371 1076 2435 per
1109 2359 1255 2417 nostrum

86 2457 407 2522 'frotschelmannum
430 2458 471 2521 de
497 2458 620 2521 villulis
640 2457 847 2521 Palaestinae
874 2458 915 2518 in
936 2458 1081 2520 terminis
1102 2456 1255 2520 Arabiae.
1285 2475 1287 2480 ·
1325 2489 1328 2494 ·

4 2617 28 2646 ,Ι
85 2565 186 2636 Erant
207 2573 313 2627 autem
335 2563 499 2646 rusticelli,
523 2563 663 2646 nigri'ut
684 2563 823 2643 Arabes,
838 2561 1027 2625 Sarraoanis
1049 2562 1257 2644 etArabibus
1284 2553 1287 2558 ’

84 2669 284 2766 servientes,
306 2686 380 2731 curn
400 2669 566 2732 Arabibus
596 2641 923 2730 confoederationem
932 2666 1108 2750 habentes,
1132 2667 1173 2730 de
1193 2669 1258 2730 ritu
1294 2667 1298 2676 '
1347 2731 1351 2739 ,

85 2772 249 2837 maledicti
270 2767 495 2849 Macbometi.,
521 2771 597 2834 Non
621 2773 710 2836 enim
725 2769 963 2866 sustinuissent
983 2771 1111 2833 Arabes
1131 2765 1258 2834 incolae
1318 2764 1320 2769 ’

7 2946 8 2956 ¹
87 2875 207 2971 deserti
227 2872 377 2936 ductores
398 2875 452 2938 uel
470 2875 665 2938 camelarios
686 2893 784 2956 puros
805 2873 1038 2958 Sarracenos,
1047 2872 1125 2936 sed·
1119 2873 1258 2938 ·illos·in

88 2977 170 3063 poce
193 2977 393 3060 dimiserunt,
414 2979 491 3061 qnia
512 2981 574 3040 ais
584 2961 804 3060 conloederati
831 2986 864 3040 et
880 2979 965 3059 ritu,
983 2987 1111 3060 veste,
1117 2947 1259 3042 moribus

89 3086 138 3146 eis
160 3065 353 3146 conformes
383 3076 445 3148 lla
467 3081 507 3144 do
528 3099 628 3145 causa
650 3081 781 3145 asinarii
811 3082 930 3165 nostri,
960 3083 1017 3165 qui
1044 3090 1138 3144 erant
1159 3071 1260 3146 clnt-
1372 3135 1377 3145 .

8 3223 9 3226 =
90 3186 186 3249 stiaui
224 3184 413 3269 orientales,
443 3205 501 3268 per
533 3185 697 3250 desertum
727 3188 844 3249 euntes
860 3186 1108 3262 conformabant
1130 3204 1168 3250 se
1197 3205 1260 3251 ve-
1367 3229 1393 3240 ,.

8 3241 36 3358 l
91 3291 196 3354 stibus
219 3297 252 3351 et
275 3291 414 3357 moribus
436 3291 617 3358 camelario
624 3337 634 3374 ,
658 3299 703 3354 ut
716 3271 756 3354 ab
778 3291 942 3354 Arabibns
952 3290 1077 3361 minus·
1104 3292 1260 3382 molesta-

10 3403 13 3464 ι
80 3402 216 3458 rentur
206 3439 217 3492 ἶ
238 3395 295 3457 isti
321 3397 483 3460 camelarii
505 3405 538 3460 et
558 3397 690 3460 aunarii
709 3397 742 3468 in
756 3403 867 3460 nostro
888 3396 1003 3460 iduare
1020 3397 1173 3461 continue
1191 3398 1261 3463 lili-

11 3529 13 3568 t
90 3500 209 3583 gabant
236 3498 343 3583 simul,
357 3519 421 3566 non
434 3510 543 3567 tamon
566 3519 604 3564 se
607 3501 850 3584 percutiebant,
862 3501 1029 3565 nobiscum
1045 3521 1125 3566 vero
1146 3520 1261 3586 paoem
1366 3541 1369 3548 ι

12 3633 14 3674 t
91 3603 260 3684 habebant
278 3605 459 3673 simulatam
489 3615 619 3690 propter
645 3605 831 3689 pecuniam,
852 3623 948 3690 quam
981 3608 1118 3674 anobis
1141 3606 1262 3726 habere
1348 3665 1351 3672 .

13 3739 15 3775 ι
93 3710 272 3790 sperabant.
393 3749 396 3756 ι
1292 3717 1295 3722 “

168 3859 227 3920 lle
247 3860 298 3923 his
318 3848 499 3925 camelariis
520 3871 552 3925 et
583 3861 732 3924 asinariis
758 3861 791 3925 in
820 3829 977 3944 processu
999 3837 1099 3926 multa
1127 3833 1263 3922 uenient

18 4021 31 4052 ,Δ
58 4019 61 4024 .
97 3959 240 4044 dicenda,
262 3982 348 4066 nunc
368 3966 501 4030 adaliu
516 3965 739 4049 procedamus.
805 3957 811 3976 ''
831 3962 985 4048 Sequitur
1006 3966 1047 4048 de
1078 3957 1260 4029 solitudine.
1338 3967 1363 4026 .'
