3030 4872
625 263 780 332 ‘tta

164 445 237 510 ideo
260 445 428 527 oportebat
445 459 503 508 eos
526 461 644 526 cogere
664 446 708 506 vi.
732 441 999 534 Successuergo
1012 444 1166 528 temporis
1187 443 1337 508 diuersae
1408 425 1411 434 ’

164 551 389 615 dissensiones
410 550 444 612 in
465 549 647 614 Jerusalem
678 557 754 611 sunt
773 559 865 612 ortae
889 551 974 613 inter
1009 549 1208 614 Sarracenos
1237 549 1335 614 Chri-

163 656 372 739 stianosque,
395 663 427 716 et
448 654 630 737 gravabant
654 652 827 718 sarraceni
849 654 1052 718 Christianos
1078 655 1198 737 miritis,
1220 657 1241 719 'a
1261 657 1336 740 qui-

164 762 238 841 bus¹
263 761 510 842 gravaminibus
546 777 647 841 saepe
692 758 816 824 liberati
852 760 980 822 inerunt
1020 779 1078 842 per
1114 760 1334 842 imperatores.

165 863 262 928 Unde
284 882 369 926 anno
391 863 468 934 670.
491 861 725 926 Constarainus
748 865 871 948 tertius,
884 864 959 926 licet
981 863 1033 926 vir
1053 872 1140 925 esset
1163 865 1336 946 pessimus,

163 955 273 1034 tamen
295 970 417 1052 septies
453 969 602 1030 liberavit
629 967 797 1030 civitatem
830 977 977 1032 sanctam
1000 977 1032 1030 et
1066 968 1259 1030 dominicum
1279 987 1337 1030 se-

164 1074 336 1156 pulchrum
360 1076 399 1135 ab
434 1072 646 1153 oppressione
667 1069 931 1156 sarracenorum.
975 1075 1018 1136 llt
1039 1081 1112 1155 post
1140 1091 1212 1137 eum
1245 1070 1337 1135 Cou-

164 1181 325 1242 stantinns
347 1177 404 1240 lV.
428 1176 547 1238 multas
569 1175 735 1260 molestias
753 1177 864 1255 intulit
886 1177 1076 1240 Sarracenis
1097 1179 1130 1240 in
1151 1176 1335 1240 Jerusalem

163 1292 197 1344 et
235 1282 350 1362 elibi‚,
381 1281 436 1342 ubi
480 1277 678 1342 Christianis
730 1281 841 1344 iuibsti
888 1293 987 1346 erant.
1051 1283 1172 1346 Verum
1225 1291 1333 1345 tamen

163 1387 338 1450 dominium
363 1401 462 1466 super
482 1384 667 1473 Jerusalem
687 1395 858 1452 tenuerunt
879 1387 1069 1469 Sarraceni‚
1105 1405 1169 1450 nec
1188 1394 1336 1471 poterant

160 1491 275 1574 jugum
306 1506 459 1572 graecum
493 1492 704 1573 imperatores
721 1481 828 1556 'nostri
857 1494 1011 1556 tollerea
1040 1493 1174 1557 civitate
1208 1501 1333 1554 sancta.

163 1596 260 1658 Arrno
282 1595 413 1658 Domini
433 1597 705 1678 octingentesimo
728 1599 840 1683 tertio,
868 1605 1000 1669 tenente
1022 1599 1192 1680 imperium
1214 1596 1333 1661 Carelo

162 1701 285 1784 Magno
307 1708 340 1762 et
364 1699 651 1783 christianissimo,
679 1712 769 1764 erant
788 1700 967 1767 Christiani
989 1706 1022 1764 in
1042 1702 1226 1768 Jerusalem
1247 1711 1280 1763 ct
1299 1701 1339 1772 irr'
1364 1728 1370 1742 =

164 1786 233 1869 teto
265 1806 389 1868 oriente
418 1805 453 1866 in
485 1804 689 1868 tribulatione
725 1825 843 1888 magna
874 1811 935 1870 sub
963 1826 1160 1890 paganorum
1193 1805 1273 1890 jugo
1301 1813 1335 1867 et

163 1910 418 1992 ingemiscentes
449 1908 657 1990 postulabant
685 1909 838 1972 auxilium
866 1929 887 1973 a
913 1911 1130 1974 Constantino
1156 1911 1215 1974 vt.
1237 1909 1334 1990 buJus
1373 1935 1384 1951 ο

163 2014 313 2093 nominis,
358 2013 554 2093 imperatore
587 2013 952 2097 corastantinopolitano,
985 2025 1016 2077 et
1050 2017 1091 2078 ab
1120 2018 1232 2095 irene,
1262 2013 1334 2093 ejus

162 2125 273 2181 matre.
324 2114 394 2178 Sed,
424 2115 500 2196 qnia
533 2115 731 2178 Graecorum
775 2118 880 2179 virtus
918 2126 950 2180 ct
985 2128 1131 2200 potestas
1170 2117 1334 2179 debilitata

122 2263 128 2272 ·
165 2222 263 2286 nimis
286 2220 410 2301 fuerat,
443 2218 597 2281 arixilium
620 2219 781 2284 tribulatis
818 2223 888 2286 suis
920 2223 1044 2285 viribus
1074 2229 1240 2304 praestare
1269 2237 1334 2282 nou

49 2314 57 2328 ⁸
132 2405 133 2412 ἵ
164 2332 323 2410 poterant
365 2325 413 2416 Eo
444 2333 590 2407 tempore
611 2323 697 2404 lieo,
726 2325 815 2410 Papa
837 2329 970 2406 tertius,
995 2326 1144 2392 Carolum
1165 2326 1332 2408 Magnum,

163 2433 361 2496 Francorum
383 2447 514 2512 regern,
555 2447 613 2512 pro
642 2431 710 2492 suis
740 2434 862 2496 meritis
885 2433 1027 2516 egregiis
1047 2433 1187 2496 Romani
1208 2427 1333 2512 im'perii

165 2536 338 2621 dignitate,
369 2553 453 2620 quae
485 2535 671 2619 quingentis
702 2537 775 2601 fere
804 2540 899 2600 annis
925 2557 945 2616 a
968 2537 1182 2625 Constantino
1211 2536 1333 2618 Magno

165 2642 269 2706 morat
291 2643 413 2706 amisso
451 2649 484 2702 et
516 2643 578 2704 iam
611 2643 710 2704 nimia
731 2651 898 2707 vetustate
926 2636 1129 2724 obliterata,
1161 2639 1334 2726 magnifice
1394 2667 1405 2682 ·

165 2747 352 2811 sublimavit
385 2753 416 2806 et
437 2745 605 2826 imperium
627 2747 786 2810 occidenti
807 2749 956 2812 restituit.

252 2947 394 3013 Carolus
414 2956 534 3031 autem,
555 2948 727 3030 Augustus
748 2954 946 3035 appellatus,
968 2955 1195 3036 imperatorum
1218 2969 1334 3014 nomen

167 3054 423 3137 dignitatemque
444 3053 590 3133 suscepit
618 3061 651 3113 et
671 3055 841 3135 imperavit
863 3058 958 3120 annis
981 3058 1041 3137 14,
1064 3058 1160 3117 mira
1175 3056 1279 3138 gessit
1300 3056 1334 3118 in

166 3167 234 3223 toto
255 3164 413 3220 terraram
436 3155 512 3217 orbe
539 3173 685 3238 suaeque
707 3159 817 3242 genti,
847 3161 1034 3241 Germanis,
1063 3161 1198 3242 gloriam
1220 3168 1252 3223 et
1273 3161 1335 3222 ho-

167 3281 277 3326 norem
313 3260 427 3324 attulit.
481 3260 559 3322 iurat
588 3261 688 3326 etiam
726 3261 867 3326 Carolus
895 3267 958 3327 iste
990 3265 1212 3347 theutonicus,
1250 3265 1335 3327 sicul

165 3366 339 3430 manifeste
360 3371 451 3447 patet
472 3383 530 3446 per
550 3383 620 3428 eam
652 3368 873 3432 venerabilem
897 3369 1147 3449 declarationem
1175 3379 1208 3433 et
1229 3415 1238 3431 .
1260 3415 1268 3432 .
1293 3411 1301 3431 .
1325 3413 1332 3431 .

235 3516 276 3535 ..
308 3470 547 3554 Decretalium,
579 3473 634 3534 ubi
667 3472 783 3535 dicitur
803 3475 836 3535 in
869 3482 975 3538 textu:
1013 3474 1207 3557 Apostolica
1238 3473 1336 3548 sedes

126 3625 129 3634 .
166 3577 350 3640 Romanum
374 3577 542 3658 imperium
572 3576 618 3638 in.
635 3595 805 3658 personam
827 3579 990 3663 magnifici
1018 3579 1168 3642 Corolia
1200 3577 1336 3642 Graecis

167 3681 332 3746 transtulit
343 3682 377 3742 in
389 3667 637 3745 Germanostt
654 3682 800 3764 inAppa.
813 3685 843 3746 ἓ.
855 3684 1080 3753 idemdicitur.
1089 3685 1227 3768 Legitur
1237 3687 1336 3748 etiam

168 3787 202 3848 in
224 3786 404 3866 chronicis,
424 3785 509 3867 qnod
531 3803 603 3849 cum
636 3786 776 3850 ecclesia
786 3787 934 3852 Romana
955 3790 1185 3872 opprimeretur
1206 3807 1225 3852 a
1246 3789 1337 3852 Lon·

166 3889 334 3972 gobardis,
372 3890 466 3970 petiit
496 3889 585 3973 Papa
613 3891 765 3954 auxilium
786 3892 1042 3958 a·Constantino
1065 3903 1098 3956 et
1119 3895 1241 3976 Leone,
1265 3893 1343 3974 ejns'

168 3992 244 4075 lilio,
267 3995 514 4076 imperatoribus
545 3997 916 4080 constantinopolitanis
956 3999 1093 4062 Etcum
1132 3997 1254 4062 nollent
1275 4015 1337 4079 pa-

170 4097 322 4160 trocinari
344 4097 509 4192 ecclesiae,
527 4099 706 4182 Romanae,
729 4101 891 4163 transtulit
912 4103 1077 4185 imperium
1099 4097 1280 4164 Romanum
1303 4103 1337 4161 in

171 4199 321 4262 Carolam
339 4201 518 4286 'Magaum,
552 4205 651 4268 lilium
673 4206 796 4289 Pipini,
817 4195 917 4292 ⁴¹quem
939 4209 1012 4291 ipse
1036 4207 1246 4274 substituerat
1268 4205 1340 4267 bu-

170 4305 286 4369 dovico
309 4307 379 4386 regi
401 4306 617 4389 Francorum,
640 4327 734 4392 quem
758 4309 961 4393 deposuerat.
1027 4333 1032 4336 ·
1328 4327 1331 4334 ⁴

949 4403 951 4410 ⁴
1068 4410 1129 4469 to*
