<?xml version="1.0" encoding="UTF-8"?>
<!DOCTYPE html PUBLIC "-//W3C//DTD XHTML 1.0 Transitional//EN"
    "http://www.w3.org/TR/xhtml1/DTD/xhtml1-transitional.dtd">
<html xmlns="http://www.w3.org/1999/xhtml" xml:lang="en" lang="en">
 <head>
  <title>
</title>
<meta http-equiv="Content-Type" content="text/html;charset=utf-8" />
  <meta name='ocr-system' content='tesseract 3.04.00' />
  <meta name='ocr-capabilities' content='ocr_page ocr_carea ocr_par ocr_line ocrx_word'/>
</head>
<body>
  <div class='ocr_page' id='page_1' title='image "./fratrisfelicisf02fabrgoog_0221.png"; bbox 0 0 2948 4876; ppageno 0'>
   <div class='ocr_carea' id='block_1_1' title="bbox 196 451 1377 1374">
    <p class='ocr_par' dir='ltr' id='par_1_1' title="bbox 196 451 1377 1374">
     <span class='ocr_line' id='line_1_1' title="bbox 196 451 1377 541; baseline -0.005 -17"><span class='ocrx_word' id='word_1_1' title='bbox 196 458 379 524; x_wconf 85' lang='lat' dir='ltr'><strong>Jerusalem</strong></span> <span class='ocrx_word' id='word_1_2' title='bbox 392 456 605 541; x_wconf 76' lang='lat' dir='ltr'><strong>aequissimae</strong></span> <span class='ocrx_word' id='word_1_3' title='bbox 615 457 649 516; x_wconf 91' lang='lat' dir='ltr'><strong>iu</strong></span> <span class='ocrx_word' id='word_1_4' title='bbox 660 455 825 520; x_wconf 66' lang='lat' dir='ltr'><strong>naculum</strong></span> <span class='ocrx_word' id='word_1_5' title='bbox 838 451 1204 537; x_wconf 64' lang='lat' dir='ltr'><strong>mamistanensem,</strong></span> <span class='ocrx_word' id='word_1_6' title='bbox 1216 455 1377 539; x_wconf 80' lang='lat' dir='ltr'><strong>queniam</strong></span> 
     </span>
     <span class='ocr_line' id='line_1_2' title="bbox 198 557 1376 647; baseline -0.002 -21"><span class='ocrx_word' id='word_1_7' title='bbox 198 565 285 647; x_wconf 76' lang='lat' dir='ltr'><strong>elegi</strong></span> <span class='ocrx_word' id='word_1_8' title='bbox 306 581 391 625; x_wconf 84' lang='lat' dir='ltr'><strong>eam.</strong></span> <span class='ocrx_word' id='word_1_9' title='bbox 433 561 476 624; x_wconf 82' lang='lat' dir='ltr'><strong>Dt</strong></span> <span class='ocrx_word' id='word_1_10' title='bbox 497 561 530 623; x_wconf 89' lang='lat' dir='ltr'><strong>in</strong></span> <span class='ocrx_word' id='word_1_11' title='bbox 554 561 577 624; x_wconf 63' lang='grc' dir='ltr'>ἱ</span> <span class='ocrx_word' id='word_1_12' title='bbox 597 559 736 643; x_wconf 85' lang='lat' dir='ltr'><strong>Paralip.</strong></span> <span class='ocrx_word' id='word_1_13' title='bbox 758 561 836 622; x_wconf 76' lang='lat' dir='ltr'><strong>Vb:</strong></span> <span class='ocrx_word' id='word_1_14' title='bbox 868 559 902 624; x_wconf 88' lang='lat' dir='ltr'>A</span> <span class='ocrx_word' id='word_1_15' title='bbox 925 557 989 641; x_wconf 85' lang='lat' dir='ltr'><strong>die,</strong></span> <span class='ocrx_word' id='word_1_16' title='bbox 1010 577 1075 643; x_wconf 82' lang='lat' dir='ltr'><strong>qna</strong></span> <span class='ocrx_word' id='word_1_17' title='bbox 1097 559 1195 622; x_wconf 80' lang='lat' dir='ltr'>eduxi</span> <span class='ocrx_word' id='word_1_18' title='bbox 1216 561 1376 642; x_wconf 88' lang='lat' dir='ltr'><strong>populum</strong></span> 
     </span>
     <span class='ocr_line' id='line_1_3' title="bbox 198 663 1374 748; baseline -0.003 -17"><span class='ocrx_word' id='word_1_19' title='bbox 198 687 304 731; x_wconf 87' lang='lat' dir='ltr'><strong>meum</strong></span> <span class='ocrx_word' id='word_1_20' title='bbox 325 666 474 730; x_wconf 76' lang='lat' dir='ltr'><strong>deterre</strong></span> <span class='ocrx_word' id='word_1_21' title='bbox 494 663 655 748; x_wconf 82' lang='lat' dir='ltr'><strong>Aegypti,</strong></span> <span class='ocrx_word' id='word_1_22' title='bbox 688 681 752 726; x_wconf 89' lang='lat' dir='ltr'><strong>nou</strong></span> <span class='ocrx_word' id='word_1_23' title='bbox 784 663 870 746; x_wconf 81' lang='lat' dir='ltr'><strong>elegi</strong></span> <span class='ocrx_word' id='word_1_24' title='bbox 894 665 1058 727; x_wconf 87' lang='lat' dir='ltr'><strong>civitatem</strong></span> <span class='ocrx_word' id='word_1_25' title='bbox 1081 664 1122 727; x_wconf 91' lang='lat' dir='ltr'><strong>de</strong></span> <span class='ocrx_word' id='word_1_26' title='bbox 1148 668 1279 727; x_wconf 89' lang='lat' dir='ltr'><strong>cunctis</strong></span> <span class='ocrx_word' id='word_1_27' title='bbox 1310 669 1374 728; x_wconf 88' lang='lat' dir='ltr'><strong>tri-</strong></span> 
     </span>
     <span class='ocr_line' id='line_1_4' title="bbox 196 767 1372 854; baseline -0.003 -19"><span class='ocrx_word' id='word_1_28' title='bbox 196 772 302 836; x_wconf 89' lang='lat' dir='ltr'><strong>bubus</strong></span> <span class='ocrx_word' id='word_1_29' title='bbox 322 769 444 846; x_wconf 87' lang='lat' dir='ltr'><strong>lsrael,</strong></span> <span class='ocrx_word' id='word_1_30' title='bbox 477 769 656 832; x_wconf 78' lang='lat' dir='ltr'><strong>nisibeno</strong></span> <span class='ocrx_word' id='word_1_31' title='bbox 698 767 741 829; x_wconf 80' lang='lat' dir='ltr'><strong>Et</strong></span> <span class='ocrx_word' id='word_1_32' title='bbox 762 768 840 830; x_wconf 90' lang='lat' dir='ltr'><strong>alibi</strong></span> <span class='ocrx_word' id='word_1_33' title='bbox 849 789 865 854; x_wconf 20' lang='grc' dir='ltr'><strong>εἰ</strong></span> <span class='ocrx_word' id='word_1_34' title='bbox 880 769 976 850; x_wconf 82' lang='lat' dir='ltr'><strong>Dlegi</strong></span> <span class='ocrx_word' id='word_1_35' title='bbox 1002 769 1107 831; x_wconf 87' lang='lat' dir='ltr'><strong>locum</strong></span> <span class='ocrx_word' id='word_1_36' title='bbox 1129 769 1246 851; x_wconf 90' lang='lat' dir='ltr'><strong>istum,</strong></span> <span class='ocrx_word' id='word_1_37' title='bbox 1273 779 1312 832; x_wconf 87' lang='lat' dir='ltr'><strong>ut</strong></span> <span class='ocrx_word' id='word_1_38' title='bbox 1329 771 1372 832; x_wconf 89' lang='lat' dir='ltr'><strong>sit</strong></span> 
     </span>
     <span class='ocr_line' id='line_1_5' title="bbox 197 863 1371 956; baseline -0.003 -16"><span class='ocrx_word' id='word_1_39' title='bbox 197 895 316 942; x_wconf 90' lang='lat' dir='ltr'><strong>nomen</strong></span> <span class='ocrx_word' id='word_1_40' title='bbox 337 891 443 938; x_wconf 86' lang='lat' dir='ltr'><strong>meum</strong></span> <span class='ocrx_word' id='word_1_41' title='bbox 465 863 510 936; x_wconf 81' lang='lat' dir='ltr'><strong>ibi</strong></span> <span class='ocrx_word' id='word_1_42' title='bbox 537 891 642 955; x_wconf 82' lang='lat' dir='ltr'><strong>usqne</strong></span> <span class='ocrx_word' id='word_1_43' title='bbox 667 873 702 933; x_wconf 88' lang='lat' dir='ltr'><strong>iu</strong></span> <span class='ocrx_word' id='word_1_44' title='bbox 721 873 962 953; x_wconf 80' lang='lat' dir='ltr'><strong>sempiternum.</strong></span> <span class='ocrx_word' id='word_1_45' title='bbox 998 871 1066 936; x_wconf 83' lang='lat' dir='ltr'><strong>Sed</strong></span> <span class='ocrx_word' id='word_1_46' title='bbox 1088 872 1211 935; x_wconf 86' lang='lat' dir='ltr'><strong>diceret</strong></span> <span class='ocrx_word' id='word_1_47' title='bbox 1232 873 1371 956; x_wconf 81' lang='lat' dir='ltr'><strong>aliqtris:</strong></span> 
     </span>
     <span class='ocr_line' id='line_1_6' title="bbox 196 975 1371 1064; baseline -0.004 -19"><span class='ocrx_word' id='word_1_48' title='bbox 196 980 337 1064; x_wconf 78' lang='lat' dir='ltr'><strong>Fateor,</strong></span> <span class='ocrx_word' id='word_1_49' title='bbox 357 978 542 1042; x_wconf 73' lang='lat' dir='ltr'><strong>Jerusalem</strong></span> <span class='ocrx_word' id='word_1_50' title='bbox 576 975 679 1038; x_wconf 81' lang='lat' dir='ltr'><strong>luisse</strong></span> <span class='ocrx_word' id='word_1_51' title='bbox 703 976 872 1038; x_wconf 88' lang='lat' dir='ltr'><strong>civitatem</strong></span> <span class='ocrx_word' id='word_1_52' title='bbox 894 976 1031 1040; x_wconf 84' lang='lat' dir='ltr'><strong>electam</strong></span> <span class='ocrx_word' id='word_1_53' title='bbox 1061 986 1094 1039; x_wconf 91' lang='lat' dir='ltr'><strong>et</strong></span> <span class='ocrx_word' id='word_1_54' title='bbox 1113 986 1262 1040; x_wconf 85' lang='lat' dir='ltr'><strong>sanctam</strong></span> <span class='ocrx_word' id='word_1_55' title='bbox 1295 989 1371 1042; x_wconf 89' lang='lat' dir='ltr'><strong>ante</strong></span> 
     </span>
     <span class='ocr_line' id='line_1_7' title="bbox 197 1079 1369 1166; baseline -0.005 -16"><span class='ocrx_word' id='word_1_56' title='bbox 197 1085 327 1150; x_wconf 82' lang='lat' dir='ltr'><strong>Domini</strong></span> <span class='ocrx_word' id='word_1_57' title='bbox 360 1093 511 1162; x_wconf 87' lang='lat' dir='ltr'><strong>mortem,</strong></span> <span class='ocrx_word' id='word_1_58' title='bbox 542 1081 604 1162; x_wconf 82' lang='lat' dir='ltr'><strong>sed</strong></span> <span class='ocrx_word' id='word_1_59' title='bbox 634 1089 723 1144; x_wconf 89' lang='lat' dir='ltr'><strong>tanto</strong></span> <span class='ocrx_word' id='word_1_60' title='bbox 753 1079 880 1144; x_wconf 86' lang='lat' dir='ltr'><strong>scelere</strong></span> <span class='ocrx_word' id='word_1_61' title='bbox 909 1081 954 1145; x_wconf 86' lang='lat' dir='ltr'><strong>ibi</strong></span> <span class='ocrx_word' id='word_1_62' title='bbox 990 1091 1174 1164; x_wconf 83' lang='lat' dir='ltr'><strong>perpetrato</strong></span> <span class='ocrx_word' id='word_1_63' title='bbox 1199 1081 1369 1166; x_wconf 85' lang='lat' dir='ltr'><strong>indignum</strong></span> 
     </span>
     <span class='ocr_line' id='line_1_8' title="bbox 197 1184 1369 1270; baseline -0.004 -15"><span class='ocrx_word' id='word_1_64' title='bbox 197 1191 344 1270; x_wconf 86' lang='lat' dir='ltr'><strong>videtur,</strong></span> <span class='ocrx_word' id='word_1_65' title='bbox 366 1188 522 1252; x_wconf 87' lang='lat' dir='ltr'><strong>nominari</strong></span> <span class='ocrx_word' id='word_1_66' title='bbox 551 1193 713 1267; x_wconf 80' lang='lat' dir='ltr'><strong>sanctam,</strong></span> <span class='ocrx_word' id='word_1_67' title='bbox 741 1184 802 1247; x_wconf 92' lang='lat' dir='ltr'><strong>sed</strong></span> <span class='ocrx_word' id='word_1_68' title='bbox 829 1187 996 1268; x_wconf 79' lang='lat' dir='ltr'><strong>profanam</strong></span> <span class='ocrx_word' id='word_1_69' title='bbox 1027 1197 1059 1248; x_wconf 85' lang='lat' dir='ltr'><strong>et</strong></span> <span class='ocrx_word' id='word_1_70' title='bbox 1085 1186 1286 1250; x_wconf 73' lang='lat' dir='ltr'><strong>immundam</strong></span> <span class='ocrx_word' id='word_1_71' title='bbox 1308 1198 1369 1250; x_wconf 86' lang='lat' dir='ltr'><strong>etc.</strong></span> 
     </span>
     <span class='ocr_line' id='line_1_9' title="bbox 196 1290 1371 1374; baseline -0.004 -16"><span class='ocrx_word' id='word_1_72' title='bbox 196 1294 251 1358; x_wconf 82' lang='lat' dir='ltr'><strong>Ad</strong></span> <span class='ocrx_word' id='word_1_73' title='bbox 280 1295 343 1357; x_wconf 89' lang='lat' dir='ltr'><strong>boc</strong></span> <span class='ocrx_word' id='word_1_74' title='bbox 374 1292 551 1374; x_wconf 80' lang='lat' dir='ltr'><strong>respondet</strong></span> <span class='ocrx_word' id='word_1_75' title='bbox 582 1290 782 1372; x_wconf 86' lang='lat' dir='ltr'><strong>Jeronymns</strong></span> <span class='ocrx_word' id='word_1_76' title='bbox 814 1290 855 1352; x_wconf 87' lang='lat' dir='ltr'><strong>ad</strong></span> <span class='ocrx_word' id='word_1_77' title='bbox 889 1291 1080 1354; x_wconf 89' lang='lat' dir='ltr'><strong>Haedibiam</strong></span> <span class='ocrx_word' id='word_1_78' title='bbox 1107 1292 1140 1352; x_wconf 92' lang='lat' dir='ltr'><strong>in</strong></span> <span class='ocrx_word' id='word_1_79' title='bbox 1169 1300 1300 1373; x_wconf 89' lang='lat' dir='ltr'><strong>quaest.</strong></span> <span class='ocrx_word' id='word_1_80' title='bbox 1330 1291 1371 1354; x_wconf 91' lang='lat' dir='ltr'><strong>de</strong></span> 
     </span>
    </p>
   </div>
   <div class='ocr_carea' id='block_1_2' title="bbox 199 1379 1462 1462">
    <p class='ocr_par' dir='ltr' id='par_1_2' title="bbox 199 1379 1462 1462">
     <span class='ocr_line' id='line_1_10' title="bbox 199 1379 1462 1462; baseline -0.002 -1"><span class='ocrx_word' id='word_1_81' title='bbox 199 1399 339 1462; x_wconf 89' lang='lat' dir='ltr'><strong>clamore</strong></span> <span class='ocrx_word' id='word_1_82' title='bbox 366 1397 495 1458; x_wconf 86' lang='lat' dir='ltr'><strong>Domini</strong></span> <span class='ocrx_word' id='word_1_83' title='bbox 521 1396 555 1458; x_wconf 92' lang='lat' dir='ltr'><strong>in</strong></span> <span class='ocrx_word' id='word_1_84' title='bbox 579 1385 678 1457; x_wconf 80' lang='lat' dir='ltr'><strong>cruce</strong></span> <span class='ocrx_word' id='word_1_85' title='bbox 698 1393 825 1456; x_wconf 87' lang='lat' dir='ltr'><strong>dicens:</strong></span> <span class='ocrx_word' id='word_1_86' title='bbox 848 1395 939 1458; x_wconf 84' lang='lat' dir='ltr'><strong>Nulli</strong></span> <span class='ocrx_word' id='word_1_87' title='bbox 961 1395 1135 1458; x_wconf 89' lang='lat' dir='ltr'><strong>violentum</strong></span> <span class='ocrx_word' id='word_1_88' title='bbox 1158 1413 1236 1458; x_wconf 90' lang='lat' dir='ltr'><strong>esse</strong></span> <span class='ocrx_word' id='word_1_89' title='bbox 1254 1397 1371 1460; x_wconf 83' lang='lat' dir='ltr'><strong>videa·</strong></span> <span class='ocrx_word' id='word_1_90' title='bbox 1461 1379 1462 1390; x_wconf 36' lang='lat'><strong>³</strong></span> 
     </span>
    </p>
   </div>
   <div class='ocr_carea' id='block_1_3' title="bbox 198 1497 1372 2410">
    <p class='ocr_par' dir='ltr' id='par_1_3' title="bbox 198 1497 1372 2410">
     <span class='ocr_line' id='line_1_11' title="bbox 198 1497 1370 1585; baseline -0.003 -20"><span class='ocrx_word' id='word_1_91' title='bbox 198 1511 268 1585; x_wconf 93' lang='lat' dir='ltr'><strong>tnr,</strong></span> <span class='ocrx_word' id='word_1_92' title='bbox 296 1509 422 1564; x_wconf 89' lang='lat' dir='ltr'><strong>mortuo</strong></span> <span class='ocrx_word' id='word_1_93' title='bbox 450 1499 623 1562; x_wconf 85' lang='lat' dir='ltr'><strong>Salvatore</strong></span> <span class='ocrx_word' id='word_1_94' title='bbox 644 1497 799 1581; x_wconf 85' lang='lat' dir='ltr'><strong>appellari</strong></span> <span class='ocrx_word' id='word_1_95' title='bbox 818 1499 1002 1574; x_wconf 82' lang='lat' dir='ltr'><strong>Jerusalem</strong></span> <span class='ocrx_word' id='word_1_96' title='bbox 1024 1509 1168 1562; x_wconf 85' lang='lat' dir='ltr'><strong>sanctam</strong></span> <span class='ocrx_word' id='word_1_97' title='bbox 1191 1501 1370 1578; x_wconf 86' lang='lat' dir='ltr'><strong>civitatem,</strong></span> 
     </span>
     <span class='ocr_line' id='line_1_12' title="bbox 198 1603 1371 1689; baseline -0.001 -20"><span class='ocrx_word' id='word_1_98' title='bbox 198 1625 272 1670; x_wconf 88' lang='lat' dir='ltr'><strong>enm</strong></span> <span class='ocrx_word' id='word_1_99' title='bbox 305 1603 473 1688; x_wconf 82' lang='lat' dir='ltr'><strong>usquead</strong></span> <span class='ocrx_word' id='word_1_100' title='bbox 501 1603 753 1668; x_wconf 74' lang='lat' dir='ltr'><strong>destructionem</strong></span> <span class='ocrx_word' id='word_1_101' title='bbox 775 1603 846 1686; x_wconf 89' lang='lat' dir='ltr'><strong>ejus</strong></span> <span class='ocrx_word' id='word_1_102' title='bbox 880 1622 1010 1687; x_wconf 80' lang='lat' dir='ltr'><strong>semper</strong></span> <span class='ocrx_word' id='word_1_103' title='bbox 1041 1605 1179 1686; x_wconf 86' lang='lat' dir='ltr'><strong>apostoli</strong></span> <span class='ocrx_word' id='word_1_104' title='bbox 1211 1607 1371 1689; x_wconf 88' lang='lat' dir='ltr'><strong>templum</strong></span> 
     </span>
     <span class='ocr_line' id='line_1_13' title="bbox 198 1707 1372 1794; baseline -0.003 -18"><span class='ocrx_word' id='word_1_105' title='bbox 198 1711 340 1794; x_wconf 83' lang='lat' dir='ltr'><strong>ingressi</strong></span> <span class='ocrx_word' id='word_1_106' title='bbox 368 1710 450 1792; x_wconf 89' lang='lat' dir='ltr'><strong>sint,</strong></span> <span class='ocrx_word' id='word_1_107' title='bbox 479 1708 519 1772; x_wconf 91' lang='lat' dir='ltr'><strong>cb</strong></span> <span class='ocrx_word' id='word_1_108' title='bbox 541 1707 729 1772; x_wconf 81' lang='lat' dir='ltr'><strong>scandalum</strong></span> <span class='ocrx_word' id='word_1_109' title='bbox 757 1727 882 1791; x_wconf 89' lang='lat' dir='ltr'><strong>eorum,</strong></span> <span class='ocrx_word' id='word_1_110' title='bbox 910 1710 966 1791; x_wconf 84' lang='lat' dir='ltr'><strong>qui</strong></span> <span class='ocrx_word' id='word_1_111' title='bbox 987 1708 1029 1771; x_wconf 91' lang='lat' dir='ltr'><strong>de</strong></span> <span class='ocrx_word' id='word_1_112' title='bbox 1048 1708 1186 1772; x_wconf 85' lang='lat' dir='ltr'><strong>Judaeis</strong></span> <span class='ocrx_word' id='word_1_113' title='bbox 1216 1710 1372 1774; x_wconf 85' lang='lat' dir='ltr'><strong>credide-</strong></span> 
     </span>
     <span class='ocr_line' id='line_1_14' title="bbox 199 1795 1371 1900; baseline -0.003 -21"><span class='ocrx_word' id='word_1_114' title='bbox 199 1825 282 1900; x_wconf 88' lang='lat' dir='ltr'><strong>rant,</strong></span> <span class='ocrx_word' id='word_1_115' title='bbox 311 1814 396 1898; x_wconf 81' lang='lat' dir='ltr'><strong>legis</strong></span> <span class='ocrx_word' id='word_1_116' title='bbox 417 1815 622 1878; x_wconf 81' lang='lat' dir='ltr'><strong>exercuerint</strong></span> <span class='ocrx_word' id='word_1_117' title='bbox 642 1795 852 1877; x_wconf 83' lang='lat' dir='ltr'><strong>ceremonias.</strong></span> <span class='ocrx_word' id='word_1_118' title='bbox 896 1816 934 1876; x_wconf 89' lang='lat' dir='ltr'><strong>ln</strong></span> <span class='ocrx_word' id='word_1_119' title='bbox 956 1817 1077 1876; x_wconf 90' lang='lat' dir='ltr'><strong>tantum</strong></span> <span class='ocrx_word' id='word_1_120' title='bbox 1099 1823 1205 1876; x_wconf 88' lang='lat' dir='ltr'><strong>autem</strong></span> <span class='ocrx_word' id='word_1_121' title='bbox 1224 1814 1371 1876; x_wconf 81' lang='lat' dir='ltr'><strong>Jerusa-</strong></span> 
     </span>
     <span class='ocr_line' id='line_1_15' title="bbox 200 1917 1371 2000; baseline -0.002 -16"><span class='ocrx_word' id='word_1_122' title='bbox 200 1922 263 1984; x_wconf 84' lang='lat' dir='ltr'><strong>lem</strong></span> <span class='ocrx_word' id='word_1_123' title='bbox 281 1921 401 1984; x_wconf 85' lang='lat' dir='ltr'><strong>amavit</strong></span> <span class='ocrx_word' id='word_1_124' title='bbox 431 1919 610 2000; x_wconf 80' lang='lat' dir='ltr'><strong>Dominus,</strong></span> <span class='ocrx_word' id='word_1_125' title='bbox 632 1925 669 1979; x_wconf 91' lang='lat' dir='ltr'><strong>ut</strong></span> <span class='ocrx_word' id='word_1_126' title='bbox 690 1917 782 1980; x_wconf 88' lang='lat' dir='ltr'><strong>fleret</strong></span> <span class='ocrx_word' id='word_1_127' title='bbox 802 1937 873 1980; x_wconf 68' lang='lat' dir='ltr'><strong>mm</strong></span> <span class='ocrx_word' id='word_1_128' title='bbox 895 1936 935 1980; x_wconf 89' lang='lat' dir='ltr'><strong>ac</strong></span> <span class='ocrx_word' id='word_1_129' title='bbox 955 1917 1138 2000; x_wconf 78' lang='lat' dir='ltr'><strong>plangeret,</strong></span> <span class='ocrx_word' id='word_1_130' title='bbox 1167 1927 1198 1979; x_wconf 89' lang='lat' dir='ltr'><strong>et</strong></span> <span class='ocrx_word' id='word_1_131' title='bbox 1217 1917 1371 1998; x_wconf 85' lang='lat' dir='ltr'><strong>pendens</strong></span> 
     </span>
     <span class='ocr_line' id='line_1_16' title="bbox 198 2021 1369 2106; baseline -0.006 -15"><span class='ocrx_word' id='word_1_132' title='bbox 198 2029 233 2092; x_wconf 92' lang='lat' dir='ltr'><strong>in</strong></span> <span class='ocrx_word' id='word_1_133' title='bbox 262 2045 359 2091; x_wconf 84' lang='lat' dir='ltr'><strong>cruce</strong></span> <span class='ocrx_word' id='word_1_134' title='bbox 391 2027 529 2089; x_wconf 81' lang='lat' dir='ltr'><strong>diceret:</strong></span> <span class='ocrx_word' id='word_1_135' title='bbox 554 2021 681 2103; x_wconf 76' lang='lat' dir='ltr'><strong>Pater,</strong></span> <span class='ocrx_word' id='word_1_136' title='bbox 706 2025 843 2106; x_wconf 82' lang='lat' dir='ltr'><strong>ignosce</strong></span> <span class='ocrx_word' id='word_1_137' title='bbox 873 2021 938 2084; x_wconf 89' lang='lat' dir='ltr'><strong>illis</strong></span> <span class='ocrx_word' id='word_1_138' title='bbox 970 2031 1031 2084; x_wconf 89' lang='lat' dir='ltr'><strong>etc.</strong></span> <span class='ocrx_word' id='word_1_139' title='bbox 1079 2025 1173 2084; x_wconf 88' lang='lat' dir='ltr'><strong>Haec</strong></span> <span class='ocrx_word' id='word_1_140' title='bbox 1200 2024 1369 2106; x_wconf 87' lang='lat' dir='ltr'><strong>Hierony-</strong></span> 
     </span>
     <span class='ocr_line' id='line_1_17' title="bbox 198 2125 1368 2212; baseline -0.006 -15"><span class='ocrx_word' id='word_1_141' title='bbox 198 2149 279 2198; x_wconf 87' lang='lat' dir='ltr'><strong>mns.</strong></span> <span class='ocrx_word' id='word_1_142' title='bbox 313 2131 381 2196; x_wconf 84' lang='lat' dir='ltr'><strong>Sed</strong></span> <span class='ocrx_word' id='word_1_143' title='bbox 401 2131 435 2192; x_wconf 91' lang='lat' dir='ltr'><strong>in</strong></span> <span class='ocrx_word' id='word_1_144' title='bbox 455 2128 601 2212; x_wconf 89' lang='lat' dir='ltr'><strong>epistola.</strong></span> <span class='ocrx_word' id='word_1_145' title='bbox 610 2127 734 2190; x_wconf 82' lang='lat' dir='ltr'><strong>Paulae</strong></span> <span class='ocrx_word' id='word_1_146' title='bbox 755 2136 787 2189; x_wconf 90' lang='lat' dir='ltr'><strong>et</strong></span> <span class='ocrx_word' id='word_1_147' title='bbox 807 2125 977 2189; x_wconf 75' lang='lat' dir='ltr'><strong>Eustachii</strong></span> <span class='ocrx_word' id='word_1_148' title='bbox 997 2126 1037 2187; x_wconf 89' lang='lat' dir='ltr'><strong>od</strong></span> <span class='ocrx_word' id='word_1_149' title='bbox 1058 2126 1247 2190; x_wconf 85' lang='lat' dir='ltr'><strong>Marcellam</strong></span> <span class='ocrx_word' id='word_1_150' title='bbox 1268 2128 1368 2192; x_wconf 86' lang='lat' dir='ltr'><strong>valde</strong></span> 
     </span>
     <span class='ocr_line' id='line_1_18' title="bbox 199 2228 1368 2315; baseline -0.003 -15"><span class='ocrx_word' id='word_1_151' title='bbox 199 2237 265 2300; x_wconf 88' lang='lat' dir='ltr'><strong>late</strong></span> <span class='ocrx_word' id='word_1_152' title='bbox 297 2236 338 2298; x_wconf 88' lang='lat' dir='ltr'><strong>de</strong></span> <span class='ocrx_word' id='word_1_153' title='bbox 363 2233 428 2298; x_wconf 89' lang='lat' dir='ltr'><strong>hec</strong></span> <span class='ocrx_word' id='word_1_154' title='bbox 459 2232 619 2315; x_wconf 86' lang='lat' dir='ltr'><strong>disputat,</strong></span> <span class='ocrx_word' id='word_1_155' title='bbox 647 2238 682 2294; x_wconf 87' lang='lat' dir='ltr'><strong>et</strong></span> <span class='ocrx_word' id='word_1_156' title='bbox 708 2231 809 2296; x_wconf 89' lang='lat' dir='ltr'><strong>multa</strong></span> <span class='ocrx_word' id='word_1_157' title='bbox 838 2231 879 2294; x_wconf 89' lang='lat' dir='ltr'><strong>de</strong></span> <span class='ocrx_word' id='word_1_158' title='bbox 907 2228 1002 2292; x_wconf 84' lang='lat' dir='ltr'><strong>lauda</strong></span> <span class='ocrx_word' id='word_1_159' title='bbox 1034 2238 1140 2293; x_wconf 87' lang='lat' dir='ltr'><strong>terrae</strong></span> <span class='ocrx_word' id='word_1_160' title='bbox 1170 2240 1306 2294; x_wconf 90' lang='lat' dir='ltr'><strong>sanctae</strong></span> <span class='ocrx_word' id='word_1_161' title='bbox 1335 2243 1368 2296; x_wconf 87' lang='lat' dir='ltr'><strong>et</strong></span> 
     </span>
     <span class='ocr_line' id='line_1_19' title="bbox 199 2334 710 2410; baseline -0.014 -7"><span class='ocrx_word' id='word_1_162' title='bbox 199 2339 384 2403; x_wconf 82' lang='lat' dir='ltr'><strong>Jerusalem</strong></span> <span class='ocrx_word' id='word_1_163' title='bbox 404 2335 523 2398; x_wconf 86' lang='lat' dir='ltr'><strong>ibidem</strong></span> <span class='ocrx_word' id='word_1_164' title='bbox 545 2334 630 2399; x_wconf 91' lang='lat' dir='ltr'><strong>dicit.</strong></span> <span class='ocrx_word' id='word_1_165' title='bbox 708 2403 710 2410; x_wconf 55' lang='grc'>,</span> 
     </span>
    </p>
   </div>
   <div class='ocr_carea' id='block_1_4' title="bbox 196 2543 1369 4404">
    <p class='ocr_par' dir='ltr' id='par_1_4' title="bbox 196 2543 1369 4404">
     <span class='ocr_line' id='line_1_20' title="bbox 283 2543 1366 2630; baseline -0.001 -24"><span class='ocrx_word' id='word_1_166' title='bbox 283 2544 336 2606; x_wconf 92' lang='lat' dir='ltr'><strong>De</strong></span> <span class='ocrx_word' id='word_1_167' title='bbox 356 2544 452 2608; x_wconf 90' lang='lat' dir='ltr'><strong>lande</strong></span> <span class='ocrx_word' id='word_1_168' title='bbox 472 2546 614 2610; x_wconf 88' lang='lat' dir='ltr'><strong>civitatis</strong></span> <span class='ocrx_word' id='word_1_169' title='bbox 634 2557 786 2630; x_wconf 87' lang='lat' dir='ltr'><strong>sauctae,</strong></span> <span class='ocrx_word' id='word_1_170' title='bbox 808 2557 843 2610; x_wconf 92' lang='lat' dir='ltr'><strong>ut</strong></span> <span class='ocrx_word' id='word_1_171' title='bbox 864 2543 951 2610; x_wconf 89' lang='lat' dir='ltr'><strong>illam</strong></span> <span class='ocrx_word' id='word_1_172' title='bbox 973 2547 1141 2629; x_wconf 71' lang='lat' dir='ltr'><strong>eutollant,</strong></span> <span class='ocrx_word' id='word_1_173' title='bbox 1163 2543 1366 2608; x_wconf 87' lang='lat' dir='ltr'><strong>tradiderunt</strong></span> 
     </span>
     <span class='ocr_line' id='line_1_21' title="bbox 199 2647 1365 2721; baseline 0 -9"><span class='ocrx_word' id='word_1_174' title='bbox 199 2647 397 2713; x_wconf 84' lang='lat' dir='ltr'><strong>Judaeornm</strong></span> <span class='ocrx_word' id='word_1_175' title='bbox 415 2649 521 2714; x_wconf 74' lang='lat' dir='ltr'><strong>natm</strong></span> <span class='ocrx_word' id='word_1_176' title='bbox 543 2651 622 2712; x_wconf 88' lang='lat' dir='ltr'><strong>mira</strong></span> <span class='ocrx_word' id='word_1_177' title='bbox 644 2652 824 2721; x_wconf 80' lang='lat' dir='ltr'><strong>mendacia.</strong></span> <span class='ocrx_word' id='word_1_178' title='bbox 867 2650 960 2716; x_wconf 90' lang='lat' dir='ltr'><strong>Unde</strong></span> <span class='ocrx_word' id='word_1_179' title='bbox 992 2651 1098 2716; x_wconf 84' lang='lat' dir='ltr'><strong>Rabbi</strong></span> <span class='ocrx_word' id='word_1_180' title='bbox 1118 2652 1249 2714; x_wconf 87' lang='lat' dir='ltr'><strong>Jcbann</strong></span> <span class='ocrx_word' id='word_1_181' title='bbox 1270 2650 1365 2712; x_wconf 86' lang='lat' dir='ltr'><strong>dicit:</strong></span> 
     </span>
     <span class='ocr_line' id='line_1_22' title="bbox 201 2753 1364 2821; baseline 0 -5"><span class='ocrx_word' id='word_1_182' title='bbox 201 2773 272 2816; x_wconf 90' lang='lat' dir='ltr'><strong>eam</strong></span> <span class='ocrx_word' id='word_1_183' title='bbox 295 2753 392 2818; x_wconf 87' lang='lat' dir='ltr'><strong>altius</strong></span> <span class='ocrx_word' id='word_1_184' title='bbox 414 2753 605 2819; x_wconf 84' lang='lat' dir='ltr'><strong>elevandam</strong></span> <span class='ocrx_word' id='word_1_185' title='bbox 637 2758 742 2819; x_wconf 89' lang='lat' dir='ltr'><strong>tribus</strong></span> <span class='ocrx_word' id='word_1_186' title='bbox 762 2757 873 2820; x_wconf 87' lang='lat' dir='ltr'><strong>leucis.</strong></span> <span class='ocrx_word' id='word_1_187' title='bbox 917 2756 985 2819; x_wconf 82' lang='lat' dir='ltr'><strong>Sed</strong></span> <span class='ocrx_word' id='word_1_188' title='bbox 1006 2757 1112 2821; x_wconf 77' lang='lat' dir='ltr'><strong>natm</strong></span> <span class='ocrx_word' id='word_1_189' title='bbox 1142 2756 1237 2818; x_wconf 78' lang='lat' dir='ltr'><strong>Baua</strong></span> <span class='ocrx_word' id='word_1_190' title='bbox 1268 2755 1364 2818; x_wconf 66' lang='lat' dir='ltr'><strong>dieite</strong></span> 
     </span>
     <span class='ocr_line' id='line_1_23' title="bbox 204 2856 1369 2944; baseline -0.001 -23"><span class='ocrx_word' id='word_1_191' title='bbox 204 2856 301 2937; x_wconf 77' lang='lat' dir='ltr'><strong>Quod</strong></span> <span class='ocrx_word' id='word_1_192' title='bbox 329 2863 432 2944; x_wconf 83' lang='lat' dir='ltr'><strong>prima</strong></span> <span class='ocrx_word' id='word_1_193' title='bbox 461 2860 645 2926; x_wconf 80' lang='lat' dir='ltr'><strong>Jerusalem</strong></span> <span class='ocrx_word' id='word_1_194' title='bbox 676 2861 789 2925; x_wconf 88' lang='lat' dir='ltr'><strong>babuit</strong></span> <span class='ocrx_word' id='word_1_195' title='bbox 821 2871 888 2924; x_wconf 87' lang='lat' dir='ltr'><strong>tres</strong></span> <span class='ocrx_word' id='word_1_196' title='bbox 915 2862 1025 2926; x_wconf 84' lang='lat' dir='ltr'><strong>leucas</strong></span> <span class='ocrx_word' id='word_1_197' title='bbox 1046 2863 1080 2924; x_wconf 92' lang='lat' dir='ltr'><strong>in</strong></span> <span class='ocrx_word' id='word_1_198' title='bbox 1109 2856 1286 2922; x_wconf 87' lang='lat' dir='ltr'><strong>altitudine.</strong></span> <span class='ocrx_word' id='word_1_199' title='bbox 1322 2861 1369 2920; x_wconf 79' lang='lat' dir='ltr'><strong>Et</strong></span> 
     </span>
     <span class='ocr_line' id='line_1_24' title="bbox 201 2955 1366 3051; baseline -0.003 -22"><span class='ocrx_word' id='word_1_200' title='bbox 201 2965 329 3050; x_wconf 89' lang='lat' dir='ltr'><strong>qnando</strong></span> <span class='ocrx_word' id='word_1_201' title='bbox 352 2965 520 3030; x_wconf 82' lang='lat' dir='ltr'><strong>dicebatur</strong></span> <span class='ocrx_word' id='word_1_202' title='bbox 540 2968 586 3049; x_wconf 93' lang='lat' dir='ltr'><strong>ei,</strong></span> <span class='ocrx_word' id='word_1_203' title='bbox 609 2965 695 3051; x_wconf 89' lang='lat' dir='ltr'><strong>quod</strong></span> <span class='ocrx_word' id='word_1_204' title='bbox 723 2966 814 3028; x_wconf 87' lang='lat' dir='ltr'><strong>labor</strong></span> <span class='ocrx_word' id='word_1_205' title='bbox 835 2975 905 3028; x_wconf 90' lang='lat' dir='ltr'><strong>erat</strong></span> <span class='ocrx_word' id='word_1_206' title='bbox 926 2955 1201 3046; x_wconf 85' lang='lat' dir='ltr'><strong>ascendentibus,¹</strong></span> <span class='ocrx_word' id='word_1_207' title='bbox 1226 2983 1366 3049; x_wconf 81' lang='lat' dir='ltr'><strong>respon-</strong></span> 
     </span>
     <span class='ocr_line' id='line_1_25' title="bbox 200 3061 1367 3154; baseline -0.003 -20"><span class='ocrx_word' id='word_1_208' title='bbox 200 3071 263 3134; x_wconf 90' lang='lat' dir='ltr'><strong>dit:</strong></span> <span class='ocrx_word' id='word_1_209' title='bbox 284 3090 348 3134; x_wconf 90' lang='lat' dir='ltr'><strong>non</strong></span> <span class='ocrx_word' id='word_1_210' title='bbox 368 3072 475 3154; x_wconf 89' lang='lat' dir='ltr'><strong>ibant,</strong></span> <span class='ocrx_word' id='word_1_211' title='bbox 496 3071 557 3134; x_wconf 87' lang='lat' dir='ltr'><strong>sed</strong></span> <span class='ocrx_word' id='word_1_212' title='bbox 578 3070 753 3151; x_wconf 85' lang='lat' dir='ltr'><strong>volabant,</strong></span> <span class='ocrx_word' id='word_1_213' title='bbox 775 3070 870 3151; x_wconf 86' lang='lat' dir='ltr'><strong>juxta</strong></span> <span class='ocrx_word' id='word_1_214' title='bbox 899 3061 947 3132; x_wconf 91' lang='lat' dir='ltr'><strong>id:</strong></span> <span class='ocrx_word' id='word_1_215' title='bbox 969 3070 1026 3152; x_wconf 88' lang='lat' dir='ltr'><strong>qbi</strong></span> <span class='ocrx_word' id='word_1_216' title='bbox 1046 3078 1123 3132; x_wconf 87' lang='lat' dir='ltr'><strong>sunt</strong></span> <span class='ocrx_word' id='word_1_217' title='bbox 1150 3071 1222 3152; x_wconf 91' lang='lat' dir='ltr'><strong>isti,</strong></span> <span class='ocrx_word' id='word_1_218' title='bbox 1250 3071 1305 3152; x_wconf 90' lang='lat' dir='ltr'><strong>qui</strong></span> <span class='ocrx_word' id='word_1_219' title='bbox 1328 3076 1367 3131; x_wconf 87' lang='lat' dir='ltr'><strong>ut</strong></span> 
     </span>
     <span class='ocr_line' id='line_1_26' title="bbox 200 3171 1367 3257; baseline -0.001 -20"><span class='ocrx_word' id='word_1_220' title='bbox 200 3177 304 3240; x_wconf 90' lang='lat' dir='ltr'><strong>nubes</strong></span> <span class='ocrx_word' id='word_1_221' title='bbox 330 3171 466 3238; x_wconf 83' lang='lat' dir='ltr'><strong>volant&#39;l</strong></span> <span class='ocrx_word' id='word_1_222' title='bbox 494 3175 600 3239; x_wconf 80' lang='lat' dir='ltr'><strong>llabbi</strong></span> <span class='ocrx_word' id='word_1_223' title='bbox 634 3176 788 3238; x_wconf 83' lang='lat' dir='ltr'><strong>Relachis</strong></span> <span class='ocrx_word' id='word_1_224' title='bbox 816 3175 971 3257; x_wconf 89' lang='lat' dir='ltr'><strong>ampliora</strong></span> <span class='ocrx_word' id='word_1_225' title='bbox 997 3174 1164 3236; x_wconf 89' lang='lat' dir='ltr'><strong>mendacia</strong></span> <span class='ocrx_word' id='word_1_226' title='bbox 1185 3173 1289 3256; x_wconf 86' lang='lat' dir='ltr'><strong>addit,</strong></span> <span class='ocrx_word' id='word_1_227' title='bbox 1312 3173 1367 3236; x_wconf 87' lang='lat' dir='ltr'><strong>di-</strong></span> 
     </span>
     <span class='ocr_line' id='line_1_27' title="bbox 200 3276 1367 3353; baseline 0 -13"><span class='ocrx_word' id='word_1_228' title='bbox 200 3297 294 3340; x_wconf 88' lang='lat' dir='ltr'><strong>cens:</strong></span> <span class='ocrx_word' id='word_1_229' title='bbox 318 3276 412 3353; x_wconf 83' lang='lat' dir='ltr'><strong>Quod</strong></span> <span class='ocrx_word' id='word_1_230' title='bbox 433 3278 525 3340; x_wconf 87' lang='lat' dir='ltr'><strong>Deus</strong></span> <span class='ocrx_word' id='word_1_231' title='bbox 546 3278 642 3341; x_wconf 89' lang='lat' dir='ltr'><strong>addet</strong></span> <span class='ocrx_word' id='word_1_232' title='bbox 663 3297 778 3343; x_wconf 84' lang='lat' dir='ltr'><strong>sacrae</strong></span> <span class='ocrx_word' id='word_1_233' title='bbox 797 3279 979 3343; x_wconf 86' lang='lat' dir='ltr'><strong>Jerusalem</strong></span> <span class='ocrx_word' id='word_1_234' title='bbox 996 3279 1060 3342; x_wconf 77' lang='lat' dir='ltr'><strong>aba</strong></span> <span class='ocrx_word' id='word_1_235' title='bbox 1082 3278 1259 3340; x_wconf 84' lang='lat' dir='ltr'><strong>milliarium</strong></span> <span class='ocrx_word' id='word_1_236' title='bbox 1280 3279 1367 3340; x_wconf 88' lang='lat' dir='ltr'><strong>viri·</strong></span> 
     </span>
     <span class='ocr_line' id='line_1_28' title="bbox 201 3381 1365 3465; baseline 0.002 -23"><span class='ocrx_word' id='word_1_237' title='bbox 201 3382 376 3462; x_wconf 83' lang='lat' dir='ltr'><strong>duriorum,</strong></span> <span class='ocrx_word' id='word_1_238' title='bbox 399 3387 434 3441; x_wconf 89' lang='lat' dir='ltr'><strong>et</strong></span> <span class='ocrx_word' id='word_1_239' title='bbox 453 3381 517 3443; x_wconf 72' lang='lat'><strong>210</strong></span> <span class='ocrx_word' id='word_1_240' title='bbox 538 3381 716 3446; x_wconf 88' lang='lat' dir='ltr'><strong>milliarium</strong></span> <span class='ocrx_word' id='word_1_241' title='bbox 738 3384 887 3465; x_wconf 87' lang='lat' dir='ltr'><strong>turrium,</strong></span> <span class='ocrx_word' id='word_1_242' title='bbox 916 3392 949 3444; x_wconf 90' lang='lat' dir='ltr'><strong>et</strong></span> <span class='ocrx_word' id='word_1_243' title='bbox 972 3382 1033 3446; x_wconf 78' lang='lat' dir='ltr'><strong>tte</strong></span> <span class='ocrx_word' id='word_1_244' title='bbox 1053 3382 1155 3450; x_wconf 83' lang='lat' dir='ltr'><strong>millia</strong></span> <span class='ocrx_word' id='word_1_245' title='bbox 1176 3394 1365 3463; x_wconf 81' lang='lat' dir='ltr'><strong>magnarum</strong></span> 
     </span>
     <span class='ocr_line' id='line_1_29' title="bbox 200 3483 1366 3571; baseline 0.001 -24"><span class='ocrx_word' id='word_1_246' title='bbox 200 3485 346 3566; x_wconf 85' lang='lat' dir='ltr'><strong>navium,</strong></span> <span class='ocrx_word' id='word_1_247' title='bbox 368 3491 401 3546; x_wconf 89' lang='lat' dir='ltr'><strong>et</strong></span> <span class='ocrx_word' id='word_1_248' title='bbox 420 3483 486 3548; x_wconf 80' lang='grc'><strong>300</strong></span> <span class='ocrx_word' id='word_1_249' title='bbox 506 3485 602 3548; x_wconf 82' lang='lat' dir='ltr'><strong>millia</strong></span> <span class='ocrx_word' id='word_1_250' title='bbox 630 3505 802 3570; x_wconf 88' lang='lat' dir='ltr'><strong>parvarum</strong></span> <span class='ocrx_word' id='word_1_251' title='bbox 829 3489 978 3570; x_wconf 85' lang='lat' dir='ltr'><strong>navium,</strong></span> <span class='ocrx_word' id='word_1_252' title='bbox 1006 3503 1088 3571; x_wconf 88' lang='lat' dir='ltr'><strong>quas</strong></span> <span class='ocrx_word' id='word_1_253' title='bbox 1110 3489 1228 3569; x_wconf 82' lang='lat' dir='ltr'><strong>bor‘gae</strong></span> <span class='ocrx_word' id='word_1_254' title='bbox 1257 3488 1366 3551; x_wconf 76' lang='grc' dir='ltr'>ιιιιιιιί-</span> 
     </span>
     <span class='ocr_line' id='line_1_30' title="bbox 200 3589 1364 3674; baseline 0.001 -24"><span class='ocrx_word' id='word_1_255' title='bbox 200 3595 297 3669; x_wconf 89' lang='lat' dir='ltr'><strong>nant,</strong></span> <span class='ocrx_word' id='word_1_256' title='bbox 330 3595 362 3650; x_wconf 93' lang='lat' dir='ltr'><strong>et</strong></span> <span class='ocrx_word' id='word_1_257' title='bbox 383 3589 416 3650; x_wconf 94' lang='lat' dir='ltr'><strong>in</strong></span> <span class='ocrx_word' id='word_1_258' title='bbox 437 3589 578 3672; x_wconf 88' lang='lat' dir='ltr'><strong>qualibet</strong></span> <span class='ocrx_word' id='word_1_259' title='bbox 611 3602 703 3655; x_wconf 88' lang='lat' dir='ltr'><strong>erant</strong></span> <span class='ocrx_word' id='word_1_260' title='bbox 725 3599 773 3655; x_wconf 86' lang='lat' dir='ltr'><strong>tot</strong></span> <span class='ocrx_word' id='word_1_261' title='bbox 795 3591 881 3674; x_wconf 84' lang='lat' dir='ltr'><strong>fora,</strong></span> <span class='ocrx_word' id='word_1_262' title='bbox 923 3600 1001 3674; x_wconf 89' lang='lat' dir='ltr'><strong>quot</strong></span> <span class='ocrx_word' id='word_1_263' title='bbox 1031 3592 1160 3654; x_wconf 88' lang='lat' dir='ltr'><strong>suerunt</strong></span> <span class='ocrx_word' id='word_1_264' title='bbox 1186 3593 1220 3654; x_wconf 88' lang='lat' dir='ltr'><strong>in</strong></span> <span class='ocrx_word' id='word_1_265' title='bbox 1241 3589 1364 3672; x_wconf 79' lang='lat' dir='ltr'><strong>&#39;l&#39;ripcli</strong></span> 
     </span>
     <span class='ocr_line' id='line_1_31' title="bbox 199 3692 1365 3777; baseline 0.001 -22"><span class='ocrx_word' id='word_1_266' title='bbox 199 3702 343 3776; x_wconf 86' lang='lat' dir='ltr'><strong>tempore</strong></span> <span class='ocrx_word' id='word_1_267' title='bbox 364 3711 442 3757; x_wconf 87' lang='lat' dir='ltr'><strong>suae</strong></span> <span class='ocrx_word' id='word_1_268' title='bbox 463 3697 564 3777; x_wconf 89' lang='lat' dir='ltr'><strong>pacis.</strong></span> <span class='ocrx_word' id='word_1_269' title='bbox 609 3695 704 3758; x_wconf 82' lang='lat' dir='ltr'><strong>Alius</strong></span> <span class='ocrx_word' id='word_1_270' title='bbox 730 3695 870 3760; x_wconf 84' lang='lat' dir='ltr'><strong>mendax</strong></span> <span class='ocrx_word' id='word_1_271' title='bbox 898 3692 1003 3760; x_wconf 77' lang='lat' dir='ltr'><strong>Rabiri</strong></span> <span class='ocrx_word' id='word_1_272' title='bbox 1023 3696 1107 3758; x_wconf 87' lang='lat' dir='ltr'><strong>Joce</strong></span> <span class='ocrx_word' id='word_1_273' title='bbox 1135 3697 1234 3760; x_wconf 79' lang='lat' dir='ltr'><strong>dixit:</strong></span> <span class='ocrx_word' id='word_1_274' title='bbox 1268 3693 1365 3772; x_wconf 81' lang='lat' dir='ltr'><strong>Quod</strong></span> 
     </span>
     <span class='ocr_line' id='line_1_32' title="bbox 198 3794 1365 3884; baseline 0.002 -24"><span class='ocrx_word' id='word_1_275' title='bbox 198 3794 381 3870; x_wconf 81' lang='lat' dir='ltr'><strong>Jerusalem</strong></span> <span class='ocrx_word' id='word_1_276' title='bbox 403 3800 549 3864; x_wconf 87' lang='lat' dir='ltr'><strong>babuerit</strong></span> <span class='ocrx_word' id='word_1_277' title='bbox 572 3800 635 3864; x_wconf 81' lang='lat' dir='ltr'><strong>lto</strong></span> <span class='ocrx_word' id='word_1_278' title='bbox 656 3801 755 3864; x_wconf 88' lang='lat' dir='ltr'><strong>millia</strong></span> <span class='ocrx_word' id='word_1_279' title='bbox 777 3801 933 3883; x_wconf 84' lang='lat' dir='ltr'><strong>fororum,</strong></span> <span class='ocrx_word' id='word_1_280' title='bbox 955 3802 988 3863; x_wconf 89' lang='lat' dir='ltr'><strong>in</strong></span> <span class='ocrx_word' id='word_1_281' title='bbox 1010 3803 1127 3884; x_wconf 75' lang='lat' dir='ltr'><strong>quibus</strong></span> <span class='ocrx_word' id='word_1_282' title='bbox 1151 3801 1256 3862; x_wconf 87' lang='lat' dir='ltr'><strong>selum</strong></span> <span class='ocrx_word' id='word_1_283' title='bbox 1277 3817 1365 3862; x_wconf 88' lang='lat' dir='ltr'><strong>ven·</strong></span> 
     </span>
     <span class='ocr_line' id='line_1_33' title="bbox 198 3901 1366 3970; baseline 0.002 -6"><span class='ocrx_word' id='word_1_284' title='bbox 198 3901 333 3966; x_wconf 87' lang='lat' dir='ltr'><strong>debatur</strong></span> <span class='ocrx_word' id='word_1_285' title='bbox 352 3905 494 3968; x_wconf 85' lang='lat' dir='ltr'><strong>ciborum</strong></span> <span class='ocrx_word' id='word_1_286' title='bbox 516 3906 677 3968; x_wconf 88' lang='lat' dir='ltr'><strong>variorum</strong></span> <span class='ocrx_word' id='word_1_287' title='bbox 700 3905 877 3968; x_wconf 88' lang='lat' dir='ltr'><strong>delectatio.</strong></span> <span class='ocrx_word' id='word_1_288' title='bbox 922 3903 1008 3968; x_wconf 89' lang='lat' dir='ltr'><strong>Nam</strong></span> <span class='ocrx_word' id='word_1_289' title='bbox 1029 3924 1139 3970; x_wconf 87' lang='lat' dir='ltr'><strong>corum</strong></span> <span class='ocrx_word' id='word_1_290' title='bbox 1160 3905 1267 3968; x_wconf 80' lang='lat' dir='ltr'><strong>llabbi</strong></span> <span class='ocrx_word' id='word_1_291' title='bbox 1288 3922 1366 3967; x_wconf 85' lang='lat' dir='ltr'><strong>cra-</strong></span> 
     </span>
     <span class='ocr_line' id='line_1_34' title="bbox 197 4005 1367 4093; baseline 0.002 -23"><span class='ocrx_word' id='word_1_292' title='bbox 197 4005 396 4090; x_wconf 87' lang='lat' dir='ltr'><strong>pulosissimi</strong></span> <span class='ocrx_word' id='word_1_293' title='bbox 416 4020 525 4092; x_wconf 83' lang='lat' dir='ltr'><strong>arant,</strong></span> <span class='ocrx_word' id='word_1_294' title='bbox 546 4011 627 4074; x_wconf 85' lang='lat' dir='ltr'><strong>adeo</strong></span> <span class='ocrx_word' id='word_1_295' title='bbox 648 4012 752 4074; x_wconf 88' lang='lat' dir='ltr'><strong>crassi</strong></span> <span class='ocrx_word' id='word_1_296' title='bbox 774 4019 807 4072; x_wconf 88' lang='lat' dir='ltr'><strong>et</strong></span> <span class='ocrx_word' id='word_1_297' title='bbox 824 4011 1056 4093; x_wconf 79' lang='lat' dir='ltr'><strong>praepingues,</strong></span> <span class='ocrx_word' id='word_1_298' title='bbox 1088 4019 1124 4073; x_wconf 92' lang='lat' dir='ltr'><strong>ut</strong></span> <span class='ocrx_word' id='word_1_299' title='bbox 1146 4027 1258 4073; x_wconf 83' lang='lat' dir='ltr'><strong>musca</strong></span> <span class='ocrx_word' id='word_1_300' title='bbox 1277 4010 1367 4072; x_wconf 90' lang='lat' dir='ltr'><strong>insi-</strong></span> 
     </span>
     <span class='ocr_line' id='line_1_35' title="bbox 197 4111 1366 4199; baseline 0.001 -24"><span class='ocrx_word' id='word_1_301' title='bbox 197 4111 287 4176; x_wconf 82' lang='lat' dir='ltr'><strong>dens.</strong></span> <span class='ocrx_word' id='word_1_302' title='bbox 312 4114 427 4197; x_wconf 77' lang='lat' dir='ltr'><strong>sicuti,</strong></span> <span class='ocrx_word' id='word_1_303' title='bbox 460 4133 532 4179; x_wconf 90' lang='lat' dir='ltr'><strong>cum</strong></span> <span class='ocrx_word' id='word_1_304' title='bbox 560 4116 662 4199; x_wconf 73' lang='lat' dir='ltr'><strong>ligere</strong></span> <span class='ocrx_word' id='word_1_305' title='bbox 690 4132 728 4177; x_wconf 86' lang='lat' dir='ltr'><strong>se</strong></span> <span class='ocrx_word' id='word_1_306' title='bbox 755 4133 821 4177; x_wconf 91' lang='lat' dir='ltr'><strong>uon</strong></span> <span class='ocrx_word' id='word_1_307' title='bbox 849 4122 977 4196; x_wconf 86' lang='lat' dir='ltr'><strong>posset,</strong></span> <span class='ocrx_word' id='word_1_308' title='bbox 1011 4123 1044 4176; x_wconf 91' lang='lat' dir='ltr'><strong>et</strong></span> <span class='ocrx_word' id='word_1_309' title='bbox 1066 4114 1227 4197; x_wconf 87' lang='lat' dir='ltr'><strong>aliquibus</strong></span> <span class='ocrx_word' id='word_1_310' title='bbox 1253 4114 1366 4196; x_wconf 81' lang='lat' dir='ltr'><strong>capilli</strong></span> 
     </span>
     <span class='ocr_line' id='line_1_36' title="bbox 196 4217 1366 4301; baseline 0 -21"><span class='ocrx_word' id='word_1_311' title='bbox 196 4221 374 4301; x_wconf 85' lang='lat' dir='ltr'><strong>percrassi,</strong></span> <span class='ocrx_word' id='word_1_312' title='bbox 397 4238 440 4281; x_wconf 92' lang='lat' dir='ltr'><strong>ne</strong></span> <span class='ocrx_word' id='word_1_313' title='bbox 459 4219 628 4283; x_wconf 80' lang='lat' dir='ltr'><strong>cadebant.</strong></span> <span class='ocrx_word' id='word_1_314' title='bbox 669 4218 747 4282; x_wconf 88' lang='lat' dir='ltr'><strong>Ideo</strong></span> <span class='ocrx_word' id='word_1_315' title='bbox 768 4219 881 4301; x_wconf 83' lang='lat' dir='ltr'><strong>glossa</strong></span> <span class='ocrx_word' id='word_1_316' title='bbox 902 4219 997 4286; x_wconf 67' lang='lat' dir='ltr'><strong>dicito</strong></span> <span class='ocrx_word' id='word_1_317' title='bbox 1022 4219 1207 4282; x_wconf 88' lang='lat' dir='ltr'><strong>Jerusalem</strong></span> <span class='ocrx_word' id='word_1_318' title='bbox 1232 4217 1366 4300; x_wconf 81' lang='lat' dir='ltr'><strong>praedi·</strong></span> 
     </span>
     <span class='ocr_line' id='line_1_37' title="bbox 198 4321 1365 4404; baseline 0.005 -22"><span class='ocrx_word' id='word_1_319' title='bbox 198 4323 314 4386; x_wconf 86' lang='lat' dir='ltr'><strong>cabant</strong></span> <span class='ocrx_word' id='word_1_320' title='bbox 345 4341 402 4404; x_wconf 89' lang='lat' dir='ltr'><strong>pro</strong></span> <span class='ocrx_word' id='word_1_321' title='bbox 424 4322 538 4386; x_wconf 86' lang='lat' dir='ltr'><strong>solatio</strong></span> <span class='ocrx_word' id='word_1_322' title='bbox 570 4323 808 4404; x_wconf 85' lang='lat' dir='ltr'><strong>crapulositotis</strong></span> <span class='ocrx_word' id='word_1_323' title='bbox 840 4341 958 4387; x_wconf 86' lang='lat' dir='ltr'><strong>eorum.</strong></span> <span class='ocrx_word' id='word_1_324' title='bbox 1002 4325 1094 4388; x_wconf 82' lang='lat' dir='ltr'><strong>llaec</strong></span> <span class='ocrx_word' id='word_1_325' title='bbox 1115 4343 1158 4388; x_wconf 86' lang='lat' dir='ltr'><strong>ex</strong></span> <span class='ocrx_word' id='word_1_326' title='bbox 1178 4321 1365 4388; x_wconf 81' lang='lat' dir='ltr'><strong>talmodicio</strong></span> 
     </span>
    </p>
   </div>
   <div class='ocr_carea' id='block_1_5' title="bbox 0 0 1478 4876">
    <p class='ocr_par' dir='ltr' id='par_1_5' title="bbox 0 0 1478 4876">
     <span class='ocr_line' id='line_1_38' title="bbox 0 0 1478 4876; baseline 0 0"><span class='ocrx_word' id='word_1_327' title='bbox 0 0 1478 4876; x_wconf 95' lang='lat' dir='ltr'><strong> </strong></span> 
     </span>
    </p>
   </div>
  </div>
 </body>
</html>
