2842 4882
73 513 77 525 .
136 517 140 524 .
194 467 358 534 meridiem
380 474 414 528 et
434 465 475 529 ab
496 461 562 528 atta
581 441 971 546 pattedesee'ndimusiu
993 463 1090 534 dmm
1111 472 1322 550 torrentem,
1338 466 1389 550 qui

193 574 349 656 vergebat
369 568 489 634 contra
507 567 669 634 'orientem
690 587 712 632 a
732 569 878 652 meridie,
903 588 962 652 per
992 585 1088 652 quam
1116 561 1293 651 aquarum
1332 571 1387 634 do-

193 693 308 742 oursus
330 676 498 758 domest,
521 675 633 740 dodnit
663 675 703 736 in
717 691 806 736 mare
826 677 994 739 mortuum.
1038 671 1076 736 st
1100 677 1175 756 qens
1199 694 1268 758 por
1296 675 1384 738 illnn

195 791 368 846 torrentem
389 781 605 862 ascendisset,
618 779 728 843 forsan
752 779 794 842 ad
807 781 841 841 X
862 781 1010 845 milliaria
1030 779 1078 844 ad‘
1093 798 1187 844 mare
1213 790 1383 843 mortuum

147 897 153 907 ’
194 889 351 970 venisset,
374 886 460 970 quod
480 905 573 950 snam
593 884 736 968 linguam
757 885 935 950 extendite
953 885 1229 968 Sodoma'nsqne
1248 885 1290 946 in
1307 884 1384 948 soli·

194 991 337 1057 tudinem
356 991 448 1054 hanc
476 991 576 1054 Porro
588 999 714 1076 torrens
724 990 779 1052 ille
789 999 942 1072 petrosus
953 999 1033 1073 erat,
1044 999 1246 1072 montesque
1256 991 1382 1052 utrius·

198 1115 262 1182 que
283 1097 396 1182 lateris
425 1113 496 1159 oum
520 1095 622 1177 petris
643 1103 677 1156 et
699 1095 833 1177 rupibus
851 1105 943 1158 eraut
963 1096 1131 1182 amissioni,
1150 1111 1193 1157 ac
1217 1096 1252 1166 si
1277 1095 1384 1157 omnia

193 1211 307 1268 essem
328 1203 404 1265 nive
424 1209 553 1290 operta.
582 1198 716 1262 Directe
736 1206 845 1262 autom
864 1201 950 1264 huuc
971 1208 1145 1268 torrentem
1167 1203 1380 1282 transgressi

195 1327 319 1392 snmus,
341 1325 403 1370 nec
423 1325 481 1389 per
501 1325 573 1369 eum
595 1304 804 1368 ascendimus
820 1323 881 1368 nec
902 1304 1142 1386 descendimus,
1165 1305 1233 1369 sed
1252 1309 1299 1368 ab
1319 1323 1379 1368 me

139 1421 141 1426 '
196 1416 342 1496 margine
369 1411 596 1476 descendimus
617 1417 662 1473 et'
680 1430 739 1493 per
758 1411 854 1474 alium
880 1411 1013 1474 limbum
1034 1395 1262 1478 ascendimus.
1295 1412 1375 1474 Ilnn

194 1529 303 1582 autem
324 1520 357 1580 in
381 1517 479 1580 altum
501 1517 667 1596 venimus,
687 1517 720 1578 in
740 1516 820 1598 jugo
842 1517 1007 1599 paululum
1032 1515 1281 1599 processimus,
1305 1514 1375 1595 qnia

195 1643 253 1706 por
267 1624 402 1704 abrupta
416 1621 614 1702 descendere
635 1624 823 1684 constatior
839 1623 1009 1705 potuimus,
1024 1620 1169 1703 seopulis
1187 1621 1227 1682 in
1246 1618 1372 1680 modun

162 1763 166 1766 ·
194 1729 336 1792 dentium
359 1728 399 1789 ab
420 1729 565 1791 interiori
585 1728 1021 1812 porrectis3nppcrtunitata
1040 1744 1119 1789 vero
1148 1720 1371 1787 descendendi

131 1907 135 1914 ,
183 1821 367 1915 'nacta'per
387 1827 739 1914 prona-descendimus,
755 1837 787 1896 e't
807 1834 840 1894 in
854 1833 950 1916 alium
965 1840 1135 1908 torrentem
1159 1827 1367 1911 profundum,

123 1931 126 1936 ’
196 1937 277 2022 (82
290 1943 334 2015 a)
356 1953 520 2015 saxosum,
552 1938 761 2018 asperrimum
790 1947 821 2000 et
843 1923 975 2020 penitus
995 1935 1158 2015 sterilem,
1179 1934 1274 1996 omni
1295 1932 1366 1994 viri-

164 2101 166 2106 .
194 2047 296 2110 ditate
315 2051 489 2121 carentem,
511 2040 702 2124 incidimus,
725 2044 781 2125 qui
812 2043 979 2106 dicebatur
998 2040 1193 2123 Magdabee.
1253 2041 1293 2101 ln
1319 2035 1364 2099 ille

194 2158 338 2215 torrente
371 2149 405 2210 iu
435 2145 507 2208 loco
539 2145 677 2229 quodam
709 2149 791 2210 satis
823 2146 928 2230 rigido
960 2147 1128 2229 prostratis
1169 2143 1310 2206 camelis
1338 2147 1362 2200 et

196 2255 347 2318 oneribus
369 2253 485 2316 solutis
499 2252 638 2313 tentoria
654 2251 783 2314 fiximus
811 2261 844 2314 et
864 2253 909 2334 ad
924 2250 1116 2342 mouendum
1134 2249 1182 2312 ibi
1200 2247 1262 2338 illa
1278 2253 1361 2309 nocte

192 2379 252 2420 nos
275 2359 492 2441 disposuimus,
527 2365 559 2418 et
588 2357 747 2419 asinarius
761 2360 904 2438 'irnstros
932 2376 991 2439 pro
1022 2373 1107 2438 aqua
1133 2353 1178 2418 ad
1194 2353 1359 2438 'quandam

194 2463 343 2547 paludem
366 2463 522 2544 misimus,
538 2453 884 2545 quam-dicebantnon
906 2461 1004 2544 longe
1024 2460 1154 2523 distare.
1186 2458 1268 2522 Non
1284 2456 1359 2520 enin

194 2584 267 2628 cum
287 2567 434 2628 exercitu
454 2575 564 2629 nostro
586 2566 657 2632 ausi
685 2564 804 2628 luimus
825 2568 962 2630 tentoria
988 2567 1090 2648 ngare
1107 2563 1204 2646 juxta
1232 2561 1359 2647 paludes

194 2678 251 2732 ant
283 2672 442 2755 cisternas
472 2671 611 2752 deserti,
640 2670 732 2753 quia,
760 2680 796 2733 ut
823 2672 1051 2748 communiter,
1077 2670 1125 2732 ibi
1145 2669 1278 2732 Arabes
1306 2679 1360 2728 sut

194 2759 402 2838 tabernacula
423 2776 545 2858 figunt,
567 2776 684 2860 quibus
706 2775 891 2840 cohabitare
923 2783 994 2838 erat
1022 2791 1134 2858 grave.
1176 2772 1255 2836 Nos
1272 2769 1358 2833 etiam

194 2899 253 2965 por
273 2889 444 2944 torrentem
467 2901 525 2963 pro
547 2881 719 2944 sarmentis
741 2881 931 2964 colligendis
958 2879 999 2942 ad
1031 2881 1140 2962 ignem
1161 2873 1357 2940 nutriendum

196 2987 335 3069 dispersi
353 3003 476 3068 sumus,
499 3001 669 3069 quousque
691 2986 824 3048 asinarii
845 3005 919 3050 cum
940 3004 1024 3069 aqua
1047 2977 1210 3060 venirent,
1233 2996 1356 3063 quorun

195 3091 370 3154 adveutum
403 3107 477 3152 cum
509 3089 670 3154 desiderio
703 3092 965 3173 exspectavimus
1002 3079 1133 3173 propter
1163 3105 1284 3172 aquam
1312 3101 1357 3146 re·

194 3207 320 3260 cerotem
342 3205 519 3278 speratam3
542 3194 735 3258 laboriosum
768 3197 854 3258 enim
886 3196 971 3260 diem
993 3196 1161 3259 habuimus
1194 3202 1228 3255 et
1260 3191 1356 3256 calore

193 3303 322 3364 incensi
343 3299 496 3366 sitibundi
523 3317 660 3362 eramus.
704 3299 787 3363 Cum
819 3309 928 3366 autern
948 3301 1081 3364 asinarii
1101 3297 1275 3364 venissent
1295 3311 1354 3360 cn·

194 3423 279 3486 aqua
307 3412 343 3467 et
362 3423 432 3467 eam
455 3401 496 3464 de
515 3404 638 3466 utribus
651 3405 684 3467 in
706 3407 856 3469 utensilia
876 3407 1034 3490 coquinae
1053 3403 1354 3480 transiundenemm,

191 3527 256 3572 non
278 3512 422 3592 apparuit
440 3502 543 3592 aquae
563 3510 703 3592 species,
727 3509 787 3572 sed
809 3512 917 3594 potius
938 3511 1042 3574 lactis
1071 3511 1150 3572 hirst
1170 3511 1263 3572 enlm
1284 3523 1354 3592 aqtu

193 3613 303 3678 albida
323 3625 355 3678 et
377 3631 490 3679 crassa
521 3623 554 3676 et
579 3615 682 3697 magis
703 3617 860 3698 appetitui
882 3618 1054 3700 contraria,
1075 3631 1169 3698 quam
1185 3613 1262 3697 illa,
1283 3629 1355 3698 quar

192 3719 226 3782 in
258 3721 382 3784 utribus
412 3727 483 3782 eret
507 3720 688 3783 inveterata
720 3729 753 3783 et
779 3720 882 3797 rubra!
903 3740 942 3784 ac
974 3738 1084 3784 amara
1116 3719 1206 3782 laeta
1236 3729 1355 3802 propter

195 3825 326 3889 corium.
370 3825 567 3906 Accepimus
588 3843 666 3908 ergo
694 3825 780 3888 illam
803 3845 920 3909 equam
948 3825 1085 3889 albidum
1111 3832 1143 3886 et
1174 3823 1270 3887 cibos
1294 3841 1357 3887 eun

193 3949 233 3994 aa
254 3933 417 4011 commus,
440 3931 566 3994 rubram
599 3938 704 3994 autem
734 3940 899 4014 propotu
930 3930 1078 3993 bibimus.
1120 3927 1228 3992 Attuli
1259 3938 1357 3992 auten

191 4034 307 4099 Galim
328 4036 481 4120 cyathum
503 4054 576 4099 cum
598 4054 681 4119 aqua
703 4036 812 4099 albida
842 4045 875 4099 et
896 4035 994 4098 alium
1015 4034 1169 4118 cyathum
1190 4051 1266 4096 curn
1282 4047 1357 4116 aqut

191 4140 286 4203 rubra
307 4141 621 4223 interrogans'eum
656 4159 740 4224 quae
770 4143 880 4204 sanior
901 4148 991 4204 esset
1022 4138 1065 4203 ad
1086 4135 1289 4222 potandum?
1320 4137 1357 4200 nt

191 4243 374 4324 respondit,
402 4243 488 4326 quod
509 4263 594 4327 aqua
615 4245 690 4308 olba
721 4255 810 4310 esset
835 4246 921 4309 mala
949 4253 983 4307 et
1003 4244 1136 4327 insana,
1157 4243 1253 4306 rubra
1284 4259 1357 4308 vero

191 4357 233 4402 ex
253 4346 340 4442 corio¹
359 4354 392 4406 et
414 4354 511 4408 acute
532 4357 622 4410 esset
642 4367 707 4411 nou
728 4349 834 4412 solum
856 4369 921 4414 non
941 4349 1045 4429 mala,
1074 4347 1135 4414 sed
1161 4345 1356 4413 merlieinalie
