2926 5050
558 185 562 190 .
831 105 938 193 sta·

554 299 561 314 .
681 247 725 312 47

113 431 216 514 qnasi
237 445 356 514 greges
377 431 487 494 oviam
505 425 684 511 procedunt
702 429 745 492 ad
778 437 907 514 aquam·
923 449 981 514 pro
1008 438 1098 515 potu,
1124 431 1158 493 in
1190 437 1283 494 aestu
1319 447 1327 458 ’

114 537 208 598 enim
237 535 308 598 diei·
333 533 488 608 habitant·
507 533 541 595 in
573 532 723 603 carente
751 541 926 617 patrarum.
977 537 1025 598 lbi
1053 545 1129 600 sont
1161 535 1283 619 leones,

9 675 10 712 2
114 640 206 721 ursi,
227 638 362 722 vulpes,
380 637 527 720 caprioli,
550 637 657 720 cervi,
697 636 842 721 lepores,
865 640 993 723 onagri,
1025 649 1057 703 et
1090 639 1285 725 hujusmodi,

9 807 11 818 ,
115 731 206 826 quae
220 743 264 805 ibi
277 741 431 807 incedunt
451 743 535 804 sicut
547 741 695 806 animalia
706 741 894 826 domestici,
914 745 1132 808 necbcrnines
1143 746 1282 830 fugiunt,

9 871 10 880 ¹
116 848 184 931 nisi
202 846 330 929 quando
351 847 400 910 eis
421 847 516 909 nimis
539 847 795 930 appropinquare
810 846 1018 910 contendunt.
1059 847 1148 910 Ante
1161 849 1283 932 aliquot

116 968 223 1018 aornos
245 951 296 1024 lec
316 951 433 1035 ingens
454 951 499 1013 ibi
523 951 715 1033 morabatur,
748 959 781 1012 et
802 967 864 1012 nec
885 950 1151 1014 hominibusnec
1167 947 1283 1016 bestiis

116 1055 276 1128 molestus
296 1064 378 1136 erat,
400 1053 459 1116 scd
481 1052 522 1116 ad
541 1053 702 1116 hominem
724 1054 769 1116 ibi
791 1062 1011 1117 transeuntem
1028 1057 1221 1139 aspiciebat,
1250 1065 1284 1120 et

116 1166 208 1222 motu
230 1157 354 1221 caudae
379 1175 460 1221 snae
491 1156 767 1221 mansuetudinem
790 1157 999 1221 ostendebat:
1025 1159 1154 1242 qnidam
1176 1169 1281 1223 autern

117 1263 327 1327 Christianus
350 1279 423 1324 cum
445 1279 523 1325 arcu
544 1263 607 1325 iter
628 1281 732 1346 agens
754 1269 868 1326 contra
895 1262 1022 1327 leonem
1045 1265 1197 1346 sagittam
1218 1261 1283 1328 rni-

116 1368 179 1449 sit,
206 1367 259 1430 leo
288 1386 367 1430 vero
388 1366 431 1430 ad
451 1368 602 1451 sagittam
624 1370 785 1450 cucurrit,
815 1375 847 1430 et
876 1385 947 1428 carn
969 1366 1140 1451 odoraba13
1168 1371 1282 1433 iterum

117 1470 175 1532 ille
196 1469 290 1532 aliam
312 1472 464 1554 sagittam
486 1479 604 1534 contro·
617 1491 690 1534 eum
712 1472 817 1554 misit,
850 1471 891 1534 ad
921 1471 992 1554 ejus
1013 1483 1153 1535 ‘cursum
1174 1490 1212 1536 se
1230 1475 1282 1564 leo

117 1574 233 1656 erexit,
256 1575 349 1656 qnasi
372 1592 441 1637 eam
460 1577 629 1662 petiturus,
659 1584 786 1658 etpost
815 1576 878 1638 boe
906 1577 1026 1650 facturn
1058 1581 1092 1640 in
1122 1577 1193 1642 lccc
1221 1597 1282 1644 suo

112 1687 274 1742 consueto
294 1698 363 1750 non
381 1665 583 1763 estamplius
599 1681 705 1762 visus,
727 1679 786 1742 sed
803 1681 1003 1762 evagabatur
1017 1699 1076 1765 per
1089 1685 1282 1767 campestria

116 1793 152 1847 et
173 1802 232 1868 per
251 1769 441 1847 solitudines
457 1783 627 1866 Jordanis,
659 1791 694 1845 et
722 1800 794 1846 cum
816 1786 924 1866 rugitu
955 1787 1086 1868 circuit,
1121 1805 1281 1870 quaerens

118 1905 213 1971 quem
236 1886 416 1968 devoraret,
439 1895 471 1949 et
492 1896 556 1949 tam
570 1885 752 1951 hominibus
771 1904 866 1968 qnam
885 1881 1039 1968 jumentis
1057 1889 1156 1955 multe
1173 1891 1281 1956 intulit

119 1991 274 2074 deinceps
292 1988 416 2052 damna.
486 2049 489 2054 ,

255 2233 427 2332 Dignitas
455 2244 494 2311 et
522 2233 783 2312 commendatio
807 2235 925 2344 sancti
948 2235 1134 2320 Jordanis.

9 2489 10 2516 ἢ
200 2415 351 2499 Dlgnitas
372 2417 476 2479 saneti
497 2414 650 2480 Jordanis
679 2424 733 2480 est
762 2419 1018 2502 inaestimabilis,
1041 2428 1172 2502 separat
1197 2423 1282 2486 enim

118 2523 282 2604 regionem
303 2520 487 2587 lidelinma
514 2521 650 2604 regione¹
665 2515 863 2587 infidelium:
894 2542 968 2586 narn
999 2523 1086 2586 ultra
1105 2525 1282 2588 Jordan'em

119 2635 209 2687 erant
223 2626 440 2707 Ammonitae,
454 2625 620 2688 Moabitae
645 2633 677 2687 ct
693 2626 796 2690 Edom
819 2638 851 2690 et
872 2629 1017 2712 Arabes3
1039 2629 1073 2690 in
1097 2630 1160 2692 hac
1174 2637 1281 2692 autem

9 2715 10 2722 '
118 2737 210 2810 parte
232 2729 417 2792 habitabant
436 2728 494 2792 lilii
514 2729 625 2790 lsrael.
668 2731 762 2794 Filiis
790 2731 891 2794 lsrael
911 2733 974 2795 iter
994 2735 1157 2817 praebuit,
1180 2751 1282 2818 seque
1386 2809 1389 2816 ¹

12 2827 22 2837 “
119 2832 303 2895 mirabiliter
332 2835 366 2895 in
400 2831 500 2895 altum
522 2832 680 2916 elevavit,
709 2843 745 2896 ut
772 2835 908 2900 habetur
928 2837 1052 2899 Josuae
1069 2837 1101 2901 3.
1143 2838 1282 2921 Lepram

118 2934 283 3016 Naaman,
313 2936 467 3018 principis
498 2935 630 2998 militiae
661 2936 871 3018 Assyriorum
911 2941 1056 3022 sanavit,
1087 2939 1110 3003 3
1139 2938 1223 3023 Reg.
1249 2941 1280 3004 5.

119 3036 247 3120 Helyae
266 3056 305 3100 ac
329 3038 474 3100 Helisaei
496 3040 677 3121 praeceptis
698 3040 812 3121 paruit,
834 3051 866 3104 et
885 3043 972 3114 viam
993 3060 1052 3124 per
1073 3043 1212 3106 medinm
1233 3044 1282 3107 cis

120 3142 280 3224 praebuit,
301 3143 322 3204 4
343 3139 425 3224 aeg.
448 3144 478 3207 2.
518 3142 653 3203 Ferrum
675 3143 799 3205 securis
818 3143 851 3206 in
872 3144 927 3207 illa
947 3163 1032 3228 aqua
1056 3151 1283 3231 supernatavit

118 3246 321 3326 mirabiliter,
346 3247 368 3308 4
398 3247 484 3329 Reg.
514 3246 573 3310 Vl.
597 3243 717 3328 (2⁰0
741 3246 795 3330 Δ)
848 3246 1085 3313 Sanctissimus
1113 3251 1281 3316 Johannes

116 3351 263 3433 Baptista
283 3349 436 3432 populum
456 3352 489 3413 in
510 3351 572 3415 hcc
593 3351 725 3413 llumine
745 3351 943 3435 baptizavit,
958 3361 994 3416 ut
1013 3355 1148 3418 habetur
1170 3357 1282 3420 Lucae

115 3456 145 3520 a
169 3462 202 3518 ot
222 3453 297 3517 Joh.
320 3453 351 3522 1.
373 3462 406 3515 et
425 3453 532 3520 Marci
555 3457 583 3519 t.
612 3511 614 3516 .
635 3453 701 3518 Sed
723 3455 810 3538 quod
831 3457 979 3520 omnibus
1003 3447 1062 3521 'his
1086 3456 1281 3526 eminentius

115 3566 177 3642 est,
193 3557 344 3622 Christus
358 3556 470 3642 Jesns,
491 3559 577 3623 lilius
597 3561 671 3643 Dei,
694 3562 727 3622 in
749 3563 812 3624 hcc
831 3561 965 3668 flumine
987 3562 1145 3645 baptizari
1165 3565 1278 3643 voluit,

113 3672 148 3728 nt
167 3669 257 3727 tactu
278 3679 358 3726 suaa
379 3662 609 3727 mundissimae
630 3667 738 3728 carnis
759 3666 825 3728 vim
844 3669 1101 3748 regenerativam
1119 3669 1280 3734 conterret

21 3809 23 3814 -
116 3770 218 3850 aquis.
260 3768 355 3832 Unde
374 3769 457 3848 haec
477 3785 562 3852 aque
582 3776 635 3830 ost
654 3776 758 3830 mater
779 3770 919 3832 omnium
940 3772 973 3832 in
989 3769 1120 3836 Christo
1141 3791 1279 3856 regene-

115 3879 263 3937 ratorum.
305 3871 383 3935 Ideo
421 3872 501 3936 dicit
525 3871 752 3935 Bernhardus:
782 3873 868 3937 laeto
889 3875 964 3937 sinu
982 3876 1097 3960 recipit
1116 3877 1279 3942 Jordoncs

115 3973 332 4058 Christianos,
355 3977 411 4060 qui
433 3975 557 4040 Christi
578 3995 623 4040 se
636 3977 816 4060 gloriantur
844 3988 1055 4043 consecratos
1076 3980 1277 4064 baptismate.

116 4077 218 4144 rtem:
249 4077 336 4157 Quid
368 4081 401 4144 in
438 4081 624 4148 fluminibus
656 4083 719 4146 isto
743 4083 953 4169 eminentius,
986 4084 1072 4167 quod
1093 4086 1165 4169 ipso
1185 4102 1280 4148 sacra

117 4183 256 4246 'l'rinttas
293 4185 356 4249 sibi
393 4186 534 4269 quadam
568 4186 711 4250 evidenti
741 4192 924 4270 praesentio
955 4185 1147 4254 dedicarint
1181 4187 1279 4250 Pater

116 4285 252 4371 audltus,
271 4289 367 4353 visus
389 4285 530 4368 Spiritus
551 4285 708 4374 sanans,
730 4291 833 4356 Filius
855 4294 1048 4375 baptisatus.
1091 4295 1141 4358 De
1163 4293 1279 4378 quibus
