3030 4864
736 269 800 334 ltu

186 473 291 542 grege
319 451 360 514 ad
392 449 542 512 interiora
569 447 692 512 deserti
723 448 887 532 pervenit:
919 467 978 531 per
1014 447 1099 511 illam
1130 449 1353 515 arctitudinem

188 559 247 622 vix·
266 563 409 640 poterant
433 553 555 615 onerati
577 551 693 614 cameli
720 547 855 634 iirgredi.
897 549 1048 638 Cumque
1076 556 1234 620 introrsus
1261 575 1355 620 esse-

189 679 279 741 mus,
301 661 334 720 in
356 657 452 719 aliam
473 657 636 739 pisonem
657 657 821 739 venimus,
854 656 987 720 multum
1017 677 1200 744 amoenam,
1234 663 1357 749 inqua
1455 738 1458 742 ¹

188 767 280 828 erant
301 762 465 845 gramina,
485 763 606 826 herbae
623 771 655 824 et
680 761 844 844 virgultas
867 761 1148 842 Refrigerovimus
1167 776 1272 828 autem
1295 787 1355 832 uos

186 851 260 933 cum
284 886 356 931 rore
376 865 563 950 decidente,
586 865 671 949 quod
698 867 809 947 utique
831 859 957 929 dulcius
980 876 1048 928 erat
1080 867 1191 954 melle,
1212 869 1354 938 'omniuo

188 972 344 1038 dissimile
365 971 412 1034 illi
429 973 519 1055 rori,
542 990 638 1055 quem
659 971 864 1053 gustavimus
886 970 939 1032 dle
959 971 1154 1058 xv111.,uo
1170 992 1273 1057 supra
1292 996 1355 1059 pa-

187 1080 255 1148 tuit.
298 1077 385 1142 Nam
418 1079 508 1140 ror'es
530 1078 617 1138 circa
637 1075 719 1139 baec
748 1084 862 1139 sancte
889 1075 962 1139 loca
991 1075 1152 1140 cadentes
1172 1079 1353 1163 ostendunt,

189 1203 284 1270 quam
312 1182 420 1246 dulcis
442 1181 537 1244 buerit
558 1197 675 1242 manna
701 1179 745 1242 ibi
774 1178 849 1242 data
880 1182 1033 1262 patribus.
1050 1183 1242 1248 ·'Et'·l·rodie
1270 1184 1356 1250 cadit

190 1305 307 1351 manua
329 1286 383 1350 vel
410 1303 464 1348 ros
495 1300 633 1346 mannae
651 1301 713 1365 per
732 1284 901 1346 circuitum
931 1287 1036 1347 sancti
1058 1288 1176 1350 montis
1198 1287 1301 1372 Synai
1322 1291 1356 1353 iu

188 1392 312 1455 duobus
345 1390 527 1470 mensibus,
559 1389 592 1450 in
615 1387 767 1467 Augusto
788 1396 820 1449 et
852 1387 1053 1473 Septembri,
1089 1391 1174 1472 quod
1196 1377 1355 1476 colligunt

186 1487 314 1560 Arabes
337 1501 369 1555 et
392 1491 536 1554 vendunt
557 1489 764 1572 peregrinis.›
785 1491 837 1574 De
858 1490 920 1552 hoc
939 1510 1055 1554 manna
1078 1495 1211 1557 multum
1233 1499 1302 1561 vidi
1323 1507 1357 1560 et

187 1596 322 1666 comedi.
366 1595 563 1658 Vincentius
590 1593 623 1654 iu
655 1591 796 1675 Speculo
824 1594 962 1656 traturali
979 1591 1031 1656 'la
1054 1595 1097 1657 V.
1125 1595 1166 1670 C.
1188 1600 1232 1664 85
1262 1600 1356 1669 diota

187 1723 304 1770 manna
334 1709 388 1764 est
408 1718 462 1763 ros
482 1697 603 1761 cadens
625 1715 724 1781 super
743 1698 861 1761 herbas
883 1707 937 1760 aut
958 1699 1082 1782 lapides
1112 1709 1146 1763 et
1168 1704 1358 1785 coagulatur

188 1812 272 1874 sicut
295 1807 357 1870 mel
379 1817 412 1870 et
430 1803 615 1866 exsiccatur
635 1804 719 1865 sicut
750 1805 873 1886 gummi
912 1811 943 1866 et
975 1806 1155 1867 inviscatur
1182 1815 1215 1868 et
1242 1817 1357 1890 postea

188 1893 359 1997 colligitur,
381 1906 550 1975 descendit
571 1916 676 1969 autem
700 1901 865 1970 nocturnis
886 1908 973 1970 horis
995 1909 1029 1970 in
1050 1909 1259 1974 orientalibus
1280 1931 1358 1997 par-

188 2017 292 2096 tibus,
314 2013 374 2076 sed
400 2031 497 2095 quum
518 2011 701 2074 inmodica
732 2012 910 2094 quantitate
937 2014 1110 2096 reperitur,
1143 2017 1276 2081 multum
1300 2037 1358 2082 so-

188 2119 390 2203 phisticatur‚
405 2137 518 2201 purum
541 2124 648 2179 autem
672 2125 705 2178 et
725 2136 789 2178 uon
811 2117 943 2180 mixtum
967 2119 1173 2184 aromaticum
1192 2132 1242 2185 est
1261 2109 1365 2187 valde

189 2231 223 2287 et
244 2223 430 2305 pretiosum,
453 2219 665 2301 subalbidum,
688 2221 830 2304 nihilque
852 2233 899 2283 eo'
913 2220 1039 2286 dulcius
1064 2232 1098 2287 et
1117 2226 1201 2288 ultra
1224 2227 1352 2290 modum
1375 2233 1378 2238 '

187 2309 318 2409 jocundi
339 2327 464 2408 saporis
486 2317 520 2386 et
541 2324 628 2387 illius
653 2325 783 2406 generis
806 2341 881 2386 esse
912 2325 1043 2409 dicitur,
1066 2327 1107 2390 de
1128 2347 1191 2410 quo
1212 2332 1355 2394 Hebraei

190 2432 343 2496 vixerunt
371 2431 403 2492 in
425 2431 553 2493 deserto
575 2430 636 2490 XL
667 2429 775 2511 annis,
809 2427 895 2511 quod
923 2429 1041 2492 ibidem
1064 2442 1269 2514 concreatum
1306 2444 1358 2499 est

191 2527 539 2615 divino·miraoulo‚‘in
559 2533 676 2596 melius
698 2540 829 2594 mutato*
842 2533 953 2614 specie
974 2542 1007 2594 et
1028 2551 1154 2616 sapore.
1188 2537 1272 2599 Nam
1297 2540 1359 2604 hoc

191 2611 339 2702 nuturald
366 2656 483 2700 manna
503 2635 638 2715 multum
661 2635 768 2699 delicit
793 2657 812 2698 a
839 2634 1049 2720 miraculoso,
1078 2643 1249 2704 nonenim
1272 2645 1359 2707 omni

177 2752 292 2806 -uocte
327 2742 506 2818 invenitur,
538 2760 600 2805 uec
621 2741 707 2805 omni
733 2741 815 2814 *anni
832 2747 997 2822 tempore,
1031 2741 1090 2804 sed
1124 2742 1203 2809 illud
1231 2765 1360 2832 semper

194 2865 290 2912 mane
321 2847 555 2929 reperiebatur,
588 2845 642 2907 ubi
666 2844 804 2927 populus
825 2843 888 2906 Dei
909 2847 1109 2929 morabatur,
1143 2850 1223 2917 illud
1253 2864 1360 2919 autem

193 2933 354 3036 reperitur
374 2953 470 3012 etiam
493 2951 526 3012 iu
549 2948 737 3031 quibusdam
761 2949 907 3032 partibus
928 2949 1095 3013 Graeciae.

277 3058 329 3117 De
348 3073 465 3118 manna
486 3053 562 3117 liliis
583 3054 685 3117 lsrael
706 3052 782 3116 dato
806 3050 924 3116 dicitnr
949 3053 1054 3117 ltxooi
1077 3055 1147 3125 itt:
1179 3077 1251 3123 cum
1279 3079 1362 3145 ope-

194 3159 315 3248 ruisset
343 3177 397 3222 ros
418 3159 624 3241 superficiem
646 3166 770 3238 terrae,
792 3158 941 3241 apparuit
960 3160 993 3242 in
1017 3159 1190 3224 solitudine
1206 3165 1359 3228 minutum

193 3272 227 3324 et
248 3264 341 3350 quasi
358 3260 533 3343 pilotusum
551 3265 584 3326 iu
604 3261 811 3326 similitudine
838 3263 972 3344 pruinae
993 3280 1091 3345 super
1113 3273 1238 3330 terram.
1270 3269 1360 3332 'l'ex-

194 3375 247 3428 tns
269 3364 324 3426 ille
344 3366 430 3429 hunc
451 3367 547 3430 habet
568 3366 782 3430 intellectumt
817 3367 951 3448 primum
975 3368 1060 3431 enim
1091 3368 1226 3433 cadebat
1247 3374 1362 3453 pruina

195 3477 432 3550 superterram
454 3480 486 3534 et
507 3481 621 3554 postea
641 3470 920 3552 mannardesuper
947 3453 979 3532 et
1001 3480 1115 3553 postea
1136 3459 1363 3555 rosaliquan-

15 3613 17 3626 »
72 3635 80 3657 x
195 3579 263 3634 tum
290 3574 478 3656 congelatus
509 3572 665 3657 desuper,
694 3575 757 3654 ita,
784 3572 871 3656 quod
894 3590 1013 3635 manna
1041 3580 1109 3634 erat
1137 3573 1362 3641 intermedium

195 3677 308 3760 quasi,
340 3679 459 3740 munde
489 3679 685 3742 custoditum
707 3684 741 3738 et
772 3676 945 3758 repositum
974 3672 1141 3737 interduo
1170 3683 1361 3763 stramenta,

196 3781 323 3846 seilicet
344 3785 477 3866 pruinae
497 3791 531 3850 et
552 3784 644 3844 roris.
686 3783 759 3842 Hoc
780 3787 886 3840 autem
909 3795 1047 3859 manna,
1074 3776 1160 3858 quod
1180 3780 1276 3845 hodie
1307 3783 1361 3846 in·

194 3887 342 3970 verritur,
367 3905 432 3950 nou
454 3887 555 3969 operit
577 3885 779 3965 superficiem
801 3892 922 3966 terrac,
945 3879 1005 3945 sed
1033 3880 1193 3964 dependet
1221 3885 1254 3948 iu
1276 3886 1363 3951 loliis

195 3971 365 4056 herbarum
388 4000 421 4054 et
439 3993 473 4054 in
494 3989 696 4054 acuminibus
717 3989 872 4073 lapidum,
903 3989 988 4050 sicut
1017 4004 1088 4068 ros,
1118 3990 1297 4054 nechabet
1321 4006 1364 4055 ex

196 4113 235 4158 se
256 4097 383 4177 saporis
406 4095 617 4177 dulcedinem,
643 4093 702 4157 aed
721 4091 878 4155 contrahit
899 4111 973 4156 eum
992 4111 1034 4156 ex
1056 4092 1211 4176 qualitate
1226 4095 1363 4179 quadarn

195 4199 383 4284 herbarum,
405 4201 601 4283 graminum,
621 4200 673 4263 vel
688 4197 852 4288 lapidum,
867 4215 973 4282 ‘super
993 4216 1077 4282 quae
1098 4199 1192 4262 cadit.
1225 4199 1363 4284 Antiqui

196 4300 360 4388 dicebaut,
394 4304 481 4387 quod
513 4322 567 4370 ros
592 4311 654 4370 ,est
684 4305 770 4368 lilius
810 4303 905 4368 lunae
936 4312 969 4366 et
1003 4304 1099 4368 aeris.
1151 4303 1222 4369 llos
1254 4313 1362 4367 autem
