2896 4872
462 879 605 988 Incipit
628 887 823 966 metatus
850 887 996 967 sexais

137 1137 205 1214 per
240 1137 400 1221 mensem
425 1113 695 1216 Septembrem,
721 1117 910 1191 continens
934 1125 1019 1191 acta
1042 1115 1314 1217 peregrinorum

137 1233 174 1304 in
205 1231 272 1308 illo
308 1258 434 1312 mense
469 1247 508 1314 et
534 1235 622 1312 loca
653 1247 781 1312 sancta
804 1260 885 1312 cum
910 1258 1033 1312 eorum
1055 1235 1312 1340 descriptioni-

174 1354 253 1448 bus,
274 1356 312 1430 in
334 1356 461 1456 quibus
483 1357 667 1459 peregrini
687 1359 833 1433 fuerunt
855 1354 984 1432 diebus
1008 1355 1107 1432 illius
1129 1360 1275 1435 mensis.

221 1556 418 1640 September
446 1562 520 1626 dum
549 1561 681 1626 adesset
710 1581 783 1626 cum
804 1564 989 1646 primaeua
1010 1561 1081 1644 die,
1111 1561 1248 1626 Missam
1275 1564 1311 1628 iu

136 1672 248 1726 nostro
271 1664 342 1728 loco
362 1666 547 1730 audivimus
570 1675 601 1729 et
622 1676 696 1749 post
717 1668 826 1731 statim
847 1668 953 1731 cibum
975 1667 1160 1731 sumsimus.
1202 1670 1310 1732 Pran-

136 1768 190 1831 dio
213 1768 304 1832 finito
324 1769 558 1834 advocavimus
580 1771 740 1855 quendam
753 1771 969 1834 Semnonum
986 1780 1018 1834 et
1033 1790 1106 1834 eum
1122 1773 1309 1858 petivimus,

135 1885 171 1938 ut
192 1893 254 1938 nos
277 1875 318 1940 ad
341 1876 414 1939 loca
431 1876 573 1959 duceret,
596 1877 628 1938 in
651 1877 769 1958 qrribus
790 1875 931 1939 Samson
952 1886 1048 1958 gesta
1070 1875 1166 1940 sortia
1186 1885 1308 1962 agerat,

136 1998 221 2060 quae
250 1980 331 2042 liber
350 1963 507 2045 Judicum
533 1980 575 2043 de
597 1999 636 2043 eo
657 1981 691 2042 in
713 1980 775 2044 hac
796 1981 930 2044 civitate
955 1979 1044 2042 lacta
1072 1989 1307 2066 commemorat.

134 2082 373 2147 Descendimus
395 2104 473 2168 ergo
495 2086 705 2168 perlongum
727 2086 836 2148 vicum
860 2094 893 2147 et
914 2086 1000 2148 intra
1018 2085 1130 2148 urbem
1151 2104 1210 2169 per
1234 2085 1308 2168 pla-

135 2197 221 2250 team
242 2189 404 2271 quandam
423 2191 591 2274 venimus,
619 2192 653 2253 in
674 2189 768 2272 'cujus
792 2199 884 2273 parte
903 2190 1014 2254 ruinas
1035 2207 1173 2272 magnae
1194 2190 1308 2254 domus

135 2293 190 2356 vel
221 2295 333 2376 palatii
360 2295 520 2378 vidimus,
552 2315 713 2360 murorum
734 2295 894 2366 fracturas
914 2296 948 2358 iu
970 2312 1121 2358 acervum
1135 2295 1307 2379 ‘ingentem

134 2407 319 2481 congestas.
365 2398 548 2463 Credantur
575 2410 681 2464 autem
710 2401 773 2466 hae
804 2401 917 2462 ruinae
944 2415 1019 2462 esse
1046 2399 1157 2482 templi
1184 2401 1304 2483 Dagon

134 2502 366 2586 antiquissimi,
398 2505 484 2588 quod
511 2504 650 2578 Samson
678 2506 850 2569 concussis
878 2504 1035 2568 columnis
1064 2503 1180 2586 dejecit
1209 2513 1303 2570 etse

134 2624 205 2672 curn
235 2610 375 2692 satrapis
386 2609 636 2674 ‘Philistinorum
658 2620 691 2673 et
713 2601 812 2674 multo
834 2611 951 2695 populo
974 2609 1118 2694 peremit.
1161 2608 1213 2672 De
1239 2623 1305 2693 quo
1360 2630 1362 2636 ’

133 2711 231 2797 longa
258 2715 396 2778 habetur
422 2716 555 2780 historia
581 2715 733 2780 Judicum
758 2716 849 2778 XVI.
892 2718 981 2778 Inter
1009 2731 1171 2778 murorum
1194 2715 1303 2780 ruinas
1353 2755 1356 2762 -

132 2817 274 2880 vidimus
304 2817 385 2882 duas
412 2820 579 2882 columnas
600 2838 814 2903 marmoreas,
849 2823 1018 2904 ingentes,
1046 2819 1151 2899 grisei
1173 2819 1303 2901 coloris,

133 2939 217 3004 quae
240 2932 341 2986 totum
368 2926 478 3008 templi
510 2925 692 3014 aedificium
721 2933 1000 3006 sustentaverant3
1031 2923 1092 2986 has
1112 2923 1303 2986 concutiens

132 3025 271 3110 Samson
292 3031 446 3113 templum
469 3034 597 3115 evertit,
618 3041 652 3095 et
671 3033 819 3094 inimicos
842 3029 1025 3111 prostravit.
1070 3027 1121 3090 Ab
1143 3026 1299 3092 hocloco

131 3125 370 3219 consequenter
390 3117 555 3218 progressi
576 3136 673 3218 longa
693 3137 750 3198 via
767 3133 808 3198 ad
829 3134 973 3197 civitatis
993 3141 1119 3216 portam
1139 3133 1301 3216 venimus,

132 3235 232 3317 cujus·
244 3238 331 3301 fores
350 3257 421 3302 cum
444 3242 591 3324 postibus
613 3251 646 3304 et
666 3242 750 3303 seris
771 3245 869 3302 nocte
885 3237 990 3301 media
1005 3235 1137 3301 abstulit
1148 3234 1299 3321 Samson,

132 3359 256 3426 eosque
276 3343 309 3404 in
330 3354 469 3409 montom
500 3346 626 3409 civitati
651 3346 832 3428 oppositum
860 3345 1002 3426 portavit
1029 3349 1064 3406 et
1090 3359 1205 3406 manus
1235 3342 1302 3428 ini-

39 3448 43 3455 '
130 3447 302 3530 micorum,
336 3450 454 3532 quise
482 3452 516 3512 in
544 3452 679 3515 civitate
701 3449 941 3533 concluserant,
974 3451 1089 3514 evasit.
1132 3446 1196 3524 Per
1216 3447 1301 3522 hanc

130 3560 254 3633 portam
285 3551 326 3615 de
353 3556 433 3618 urba
464 3558 625 3621 exivimus
658 3564 691 3617 et
712 3564 852 3618 montem
873 3554 1071 3637 praedictum
1095 3553 1301 3622 escendimus

128 3655 169 3718 ad
191 3657 315 3742 locum',
337 3659 371 3723 in
393 3679 488 3744 quem
510 3661 652 3748 Samson!
670 3669 780 3742 portas
803 3657 918 3724 Gazae
939 3659 1118 3741 transtulit,
1142 3666 1175 3722 at
1193 3661 1299 3742 ipsum

127 3761 234 3825 locum
261 3773 295 3828 et
323 3771 423 3828 totam
446 3767 737 3844 circumferentiam
760 3763 1047 3829 consideravimus.
1093 3764 1141 3828 lbi
1159 3762 1299 3842 vidimus

127 3868 334 3950 lamentata,
380 3869 531 3952 oppidum
564 3871 827 3950 Philistinorum,
873 3868 913 3932 da
954 3887 1018 3953 quo
1056 3869 1120 3932 sibl
1159 3865 1299 3941 Samson

117 3989 260 4033 uxorem
281 3973 492 4038 Philistaeam
515 3977 670 4038 assumsit
692 3983 724 4037 et
746 3973 845 4037 multa
865 3957 910 4038 ibi
931 3974 1018 4057 lecit,
1039 3983 1075 4036 ut
1099 3971 1215 4035 dicitur
1235 3970 1313 4049 ,Ιιι-ι

128 4072 234 4138 dicum
267 4076 317 4140 13..
371 4077 523 4162 Vidimus
560 4081 656 4142 etiam
685 4079 803 4143 vallem
836 4075 973 4141 fertilem
1002 4073 1142 4158 Soreclr,
1173 4076 1206 4138 in
1235 4091 1299 4159 qna

126 4181 225 4242 vinea
245 4179 301 4242 illa
323 4179 430 4245 electa
449 4183 511 4250 suit
531 4184 694 4267 plantata,
717 4182 758 4247 de
779 4200 844 4265 qua
864 4181 1000 4246 habetur
1020 4179 1139 4244 Esaiae
1158 4179 1216 4244 Xl.
1259 4182 1298 4244 ln

125 4284 189 4347 lrac
210 4283 298 4347 valle
310 4285 526 4352 residentiam
547 4289 658 4354 habuit
677 4287 735 4353 illa
749 4286 849 4354 fallax
859 4285 986 4369 Dalida,
1008 4302 1094 4369 quae
1103 4283 1295 4372 samsonem
