2896 4872
131 463 140 472 ·
176 418 330 484 blaximia
363 415 567 480 abstinentiis
594 431 635 480 aa
669 425 834 480 macerant
865 419 900 480 in
934 425 1078 502 tantam,
1108 427 1147 484 nt
1179 439 1286 504 saepo
1312 439 1341 484 aa
1414 397 1415 406 ἵ

178 525 263 588 fama
284 521 450 606 perimant.

217 689 220 696 ¹
324 719 328 726 -
611 655 676 749 Vl.
700 651 900 755 Nesioriaui.

260 837 346 902 Sunt
388 839 423 898 in
460 835 645 926 Jerusalem
695 837 891 921 Christiani,
938 837 1145 922 Nestoriani,
1200 841 1349 921 paemms

178 945 341 1009 erroribus
363 935 547 1024 depravati,
590 941 678 1006 ciram
698 937 761 1005 liei
778 939 978 1026 genitricem.
992 951 1024 1004 at
1045 923 1121 1022 ejus
1139 944 1251 1020 filium
1273 943 1350 1006 mul-

178 1049 335 1133 tiplieiter
365 1054 520 1117 errantes.
565 1045 711 1135 Credunt
732 1049 766 1110 in
791 1046 923 1112 Christo
954 1046 1035 1110 duas
1054 1057 1192 1112 naturas
1215 1057 1255 1114 et
1279 1046 1351 1110 unu

178 1171 355 1237 personas,
377 1154 417 1212 'et
440 1151 566 1214 beatam
588 1151 755 1233 Virginem
777 1154 914 1216 Mariam
937 1151 1049 1215 dieunt
1069 1161 1210 1216 matrem
1235 1151 1353 1216 Christi

178 1259 334 1338 bominis,
365 1253 423 1317 sed
446 1275 511 1318 non
531 1255 589 1319 lilii
610 1257 683 1326 Dei.
725 1255 892 1320 Chaldaea
920 1256 1031 1340 lingua
1060 1264 1200 1322 utuntur
1230 1258 1269 1322 in
1292 1256 1352 1318 suis

91 1367 121 1394 ’·
178 1362 299 1427 divinis
326 1359 412 1423 etin
434 1359 591 1424 fermento
611 1364 796 1428 aoniioiunt.
858 1419 863 1428 .

613 1493 686 1590 Vll.
709 1527 908 1595 Armeniani.

116 1689 120 1696 '
157 1710 174 1756 χ
261 1675 346 1740 Sunt
377 1676 410 1737 in
440 1676 625 1742 Jerusalem¹
663 1679 861 1758 Christiani,
883 1676 961 1740 dicti
996 1676 1161 1772 Armenii,
1213 1677 1351 1740 involuti

179 1781 289 1846 multia
321 1781 498 1844 erroribus:
530 1783 616 1846 inter
646 1785 719 1862 hosv
736 1793 769 1846 et
792 1779 939 1846 Graecos
970 1789 1020 1846 ast
1051 1782 1207 1844 maxima·
1224 1799 1351 1862 semper
1416 1781 1417 1792 *

91 1895 94 1900 '
180 1885 341 1950 discordia
383 1895 513 1968 propter
546 1889 664 1950 rituum
706 1889 912 1969 varietatem;
946 1886 1087 1968 liugnam
1120 1886 1292 1967 propriam
1322 1895 1349 1944 et

159 2079 163 2084 Ι
180 1990 305 2054 litteras
316 1989 511 2072 singulares
533 1990 662 2055 habent.
691 1991 839 2054 Natalem
859 1991 988 2055 Domini
1006 1988 1155 2071 jejunant
1176 2007 1243 2052 nee
1263 1989 1350 2050 eele-

180 2097 289 2178 brant,
311 2095 370 2158 sed
391 2097 601 2178 Epiphaniam
625 2106 755 2180 proptor
777 2095 899 2160 Christi
921 2097 1111 2177 baptismum
1134 2113 1267 2156 summo
1291 2093 1342 2156 ho
1416 2091 1417 2094 ’

179 2219 258 2293 nore
289 2211 500 2283 venerantur,
534 2203 717 2269 arctissima
743 2202 805 2266 Xlr
839 2199 1030 2280 observant,
1064 2200 1098 2262 in
1128 2207 1279 2279 tantum,
1317 2207 1348 2260 ut

180 2323 252 2402 uec·
273 2308 382 2387 pisces
420 2325 482 2369 neo
513 2307 585 2370 oleo
616 2325 679 2372 neo
709 2309 786 2371 vino
818 2300 965 2387 artantur,
997 2304 1160 2387 legumina
1186 2311 1300 2364 tamen
1321 2309 1349 2362 at

183 2407 308 2470 fruetus
330 2411 538 2495 marrducarrt,
563 2414 712 2496 quotiens
738 2413 857 2495 placet,
879 2411 1026 2498 omnibus
1047 2409 1150 2490 horis,
1183 2407 1263 2490 quia
1286 2425 1348 2468 non

180 2520 295 2596 putant
327 2514 401 2576 istis
424 2515 529 2600 frangi
555 2517 722 2600 jejunium.
777 2517 905 2600 Aquam
921 2535 991 2580 *non
1012 2520 1135 2596 ponunt
1156 2512 1191 2574 in
1213 2497 1350 2574 ὠιιΐοο-

180 2618 267 2679 tione
289 2621 491 2680 sacramenti.
535 2621 642 2684 lleriis
670 2623 774 2684 sextis
806 2638 921 2682 earnes
957 2618 1159 2690 marrduaant.
1201 2614 1349 2678 lniantas

181 2723 426 2786 communicant.
461 2723 593 2788 Nullam
616 2725 761 2808 vigiliam
783 2744 844 2788 uec
866 2733 1004 2814 quatuor
1024 2730 1169 2802 tempora
1188 2718 1347 2800 jejunant,

181 2845 243 2895 nee
264 2827 527 2913 quadragesima,
551 2831 584 2892 in
607 2847 671 2914 qua
692 2831 786 2892 etiam
810 2829 970 2893 dominica
990 2826 1053 2888 die·
1072 2825 1257 2886 arctissime
1289 2824 1349 2883 ab·

158 2997 159 3002 ,
181 2937 311 2998 atinent.
353 2937 406 2997 Da
426 2936 610 3019 purgatorio
631 2931 710 2996 nibil
731 2941 843 2997 tenant
864 2943 896 2996 et
926 2931 967 2996 tle
988 2931 1117 2994 Christo
1137 2931 1228 2992 sicut
1248 2928 1350 2991 Jaco-

79 3090 82 3096 .
181 3039 248 3104 bini
269 3047 386 3106 errant.

435 3271 437 3276 ,
474 3201 562 3266 vm.
587 3199 787 3286 Gregoriani.
831 3200 1054 3286 [Georgicum]

162 3365 166 3368 ·
263 3353 348 3416 Sunt
378 3353 412 3415 in
453 3353 637 3419 Jerusalem
681 3352 902 3439 Gregoriarri,
935 3352 1016 3416 dieti
1056 3351 1251 3426 Christiani,
1300 3348 1350 3410 da

182 3459 332 3541 genitura
352 3460 414 3520 viri
437 3459 591 3540 bellicosi,
612 3460 645 3520 in
664 3466 798 3542 tanturn,
819 3461 910 3522 utin
930 3464 999 3522 toto
1021 3458 1144 3522 oriente
1165 3459 1353 3536 timeantur,

183 3571 215 3626 et
237 3563 343 3622 securi
365 3563 436 3622 sine
457 3562 605 3646 pedagiis
628 3573 805 3646 transeunt,
827 3582 890 3646 quo
911 3563 1034 3625 volunt.
1057 3562 1177 3624 Eorum
1197 3558 1352 3620 mulieres

182 3671 268 3730 sicut
287 3669 349 3731 viri
371 3670 469 3729 armis
491 3655 630 3732 utuntur.
653 3672 740 3732 luter
759 3686 817 3730 eos
836 3677 867 3729 et
887 3667 1059 3729 Armenios
1081 3676 1131 3729 est
1147 3663 1352 3748 implacabile

182 3771 310 3838 ballum.
333 3773 449 3836 iniecti
469 3780 547 3835 surrt
567 3793 672 3856 paene
694 3773 842 3837 omnibus
854 3773 1051 3836 Graecorum
1073 3771 1243 3844 erroribus.
1266 3768 1352 3830 Pro-

182 3877 267 3944 lixas
288 3877 395 3943 ferunt
415 3877 534 3943 barbas
560 3889 595 3942 ut
618 3880 739 3944 coateri
761 3877 944 3968 orientales.

627 4045 686 4108 tx.
707 4043 899 4107 Maronitas.

266 4193 421 4254 Habitant
455 4193 496 4252 in
542 4191 725 4256 Jerusalem
775 4191 971 4275 Christiani,
1026 4190 1104 4254 tlioti
1153 4187 1349 4268 Maronitas,

183 4287 407 4372 baeretici,‚tn
420 4291 550 4354 Christo
572 4301 695 4356 tautum
717 4314 812 4358 urtam
834 4297 1031 4362 voluntatem
1054 4303 1109 4358 aut
1131 4293 1351 4375 operationem
