2896 4872
1035 74 1048 102 ι

1012 149 1030 202 2

95 513 252 589 quartum
275 508 325 564 est
347 497 477 582 ostium,
490 499 524 564 iu
546 498 651 564 medio
673 507 724 564 est
745 507 967 582 temporatnrn.
994 497 1095 564 Porro
1115 495 1273 582 ipsebal·

101 617 218 672 neuter
245 605 478 672 humanissime
503 612 536 666 et
560 606 723 670 entialiter
743 599 974 669 balneantibus
1004 605 1165 674 ministrat
1203 592 1273 667 ire-

103 713 215 796 quenti
237 712 407 774 fricatione
426 718 459 772 et
479 709 601 773 lotione
622 716 654 771 at
676 709 828 772 unctione
844 689 922 773 ¹cnm
941 717 1121 794 smegmata
1133 708 1196 791 (Ιι)
1217 705 1273 772 vel

104 817 169 880 alio
191 815 396 879 convenienti
418 823 599 898 ungnento3
632 831 706 896 nam
726 815 956 880 invalitudines
975 815 1188 880 membrorum
1208 823 1273 876 nni

103 920 235 1006 guantis
265 929 379 983 entant
400 921 434 982 iu
464 920 599 983 balneis.
642 917 680 982 Si
707 920 781 1006 quis
808 919 950 1006 dolorem
977 921 1098 1003 patitur
1128 939 1171 986 ex
1192 937 1272 983 casn

104 1026 224 1110 aliquo,
251 1025 357 1088 locum
380 1024 499 1089 doloris
520 1025 622 1108 fricat,
643 1023 780 1108 inungit,
800 1026 931 1107 stringit
952 1034 984 1088 at
1006 1023 1118 1092 dilatat
1137 1024 1274 1089 belnam

105 1139 156 1193 tor
177 1138 211 1191 et
236 1128 378 1193 dolorem
399 1129 454 1192 vel
476 1136 567 1192 curat
587 1129 642 1192 vel
674 1133 810 1213 mitigat.
849 1127 1005 1193 Similiter
1041 1129 1167 1214 siquis
1192 1143 1274 1190 con·

106 1235 310 1317 queritnrse
331 1235 399 1318 pati
419 1234 453 1297 iu
475 1233 583 1317 aliquo
604 1237 747 1299 membro
770 1236 924 1318 dolorem,
934 1241 973 1297 nt
996 1232 1183 1310 inbracbio‚
1197 1248 1274 1294 cru-

107 1357 153 1420 ra,
169 1356 265 1401 mauu
296 1338 351 1402 nel
369 1337 453 1421 peda
484 1348 540 1402 aut
560 1337 654 1420 collo,
675 1339 755 1401 miro
776 1325 870 1404 modo
892 1339 1059 1403 medentur
1079 1333 1273 1421 hujusmodi,

107 1451 142 1506 ot
160 1445 412 1509 contractionem
434 1445 656 1525 membrorum,
670 1444 846 1528 podagram
869 1454 901 1508 et
921 1445 1114 1528 chiragram,
1132 1459 1273 1524 arenam,

105 1547 266 1611 calculum
288 1535 491 1632 maguaorte
512 1551 545 1612 in
564 1549 691 1614 balneis
710 1549 878 1633 repellunt.
912 1552 962 1614 lta
983 1551 1091 1632 etiam,
1112 1567 1184 1612 cnm
1199 1547 1273 1630 quis

107 1653 331 1737 conqueritur,
362 1673 401 1718 se
423 1657 510 1720 circa
536 1663 652 1738 pectus
674 1655 741 1737 pati
764 1656 1034 1732 constructionem
1057 1663 1090 1718 at
1109 1651 1273 1718 anhelitus

102 1745 397 1843 abbreviationem,
430 1758 576 1843 diligenti
605 1759 714 1824 labora
742 1769 900 1823 conantur
929 1777 1003 1822 eum
1033 1778 1158 1824 serrare.
1201 1756 1275 1820 Nee

107 1873 207 1947 agunt
229 1865 291 1929 boc
311 1865 501 1948 simpliciter
519 1864 719 1929 considendo
737 1865 833 1929 alicui
850 1863 892 1927 ad
908 1864 1006 1942 latus,
1026 1863 1085 1927 sed
1097 1864 1274 1947 patientem

107 1969 271 2061 accipiunt
292 1979 323 2032 et
343 1968 383 2033 ad
405 1970 544 2034 medium
565 1969 672 2033 balnei
693 1965 793 2052 super
813 1969 1031 2050 pavimentum
1053 1969 1159 2050 ipsum
1181 1966 1275 2048 supi·

107 2091 184 2135 unm
205 2081 422 2159 prosternunt,
443 2075 498 2137 val
519 2093 667 2158 pronum,
686 2075 741 2137 vel
762 2063 916 2156 adlatus,
938 2071 1116 2138 secundnm
1137 2071 1276 2152 exigen-

107 2178 185 2240 tiam
209 2176 338 2262 doloris,
367 2187 400 2242 at
430 2179 599 2244 balneator
629 2197 728 2263 super
762 2197 837 2242 eum
867 2177 988 2242 sedens
1018 2178 1123 2242 locum
1156 2173 1276 2239 doloris

108 2289 305 2366 contrectat,
324 2269 488 2347 brachium
509 2284 622 2349 dolena
645 2284 760 2348 leniter
780 2293 894 2348 curvat
915 2292 948 2348 et
969 2291 1137 2366 recurvat,
1158 2279 1275 2345 collum

108 2389 241 2470 stringit
272 2395 307 2450 et
337 2391 511 2474 restringit.
555 2389 633 2453 Vidi
653 2390 766 2473 semel,
798 2391 885 2478 quod
915 2389 1044 2474 qnidam
1066 2387 1222 2470 Aethiops
1242 2386 1276 2450 in

108 2492 225 2556 balneo
244 2501 353 2557 curam
370 2495 470 2577 petiit,
485 2493 607 2579 dicens,
622 2505 788 2579 sepontus
801 2496 1162 2581 constructnmbabore,
1181 2511 1277 2576 qnam

107 2598 278 2660 balneator
297 2599 331 2660 in
350 2585 610 2683 dorsnm'posuit
631 2619 730 2684 super
740 2603 960 2685 pavimentum
973 2610 1005 2665 et
1017 2619 1117 2685 snper
1127 2607 1277 2663 ventrem

109 2703 180 2785 ejus
203 2701 288 2764 sedit
309 2711 340 2767 et
360 2705 517 2768 ambobus
533 2706 683 2770 manibus
701 2707 817 2771 collum
838 2709 909 2792 ejus
926 2707 1008 2772 adeo
1026 2705 1176 2787 strinxit,
1191 2702 1280 2788 qnod

109 2809 143 2869 in
164 2808 258 2870 vnltn
279 2808 495 2874 intumescere
515 2813 637 2895 eoepit,
659 2813 734 2897 quia
755 2813 900 2876 totaliter
919 2813 983 2876 sibi
1001 2810 1176 2876 anhelitum
1198 2810 1279 2872 roti-

109 2912 180 2975 nnit
205 2919 238 2973 et
265 2920 331 2974 tam
368 2913 423 2977 diu
449 2915 499 2978 aie
526 2935 600 2979 cum
627 2897 748 3000 terruit,
782 2917 867 3003 quod
890 2935 953 3002 ego
977 2917 1084 3000 timui,
1117 2915 1306 2979 bominem*

110 3012 188 3079 es'sc
210 3016 418 3100 suffocatum,
438 3038 535 3083 aures
557 3022 652 3084 etiarn
674 3023 736 3086 sibi
756 3023 915 3106 bombyce
936 3021 1166 3108 obstruxerat„
1190 3019 1280 3080 Tan·

112 3120 186 3184 dem
221 3131 329 3186 antem
362 3140 446 3186 cnm·
468 3145 541 3188 euru
578 3125 772 3191 dimississet
806 3133 841 3188 et
877 3127 1026 3209 spiritum
1063 3123 1280 3206 resumsissat,

111 3226 275 3307 gaudebat
306 3227 371 3311 illa,
392 3229 521 3314 dicens,
544 3249 583 3294 se
605 3232 674 3294 fora
695 3241 849 3298 curatum.
879 3215 1151 3294 Delectabileest
1167 3227 1280 3292 nidere

110 3330 176 3391 illa.
218 3331 323 3394 Multa
344 3345 458 3399 curant
486 3338 537 3399 sic
565 3338 599 3399 in
619 3337 754 3421 balneis,
775 3357 858 3422 qnae
879 3335 965 3422 apud
985 3325 1055 3400 nos¹
1068 3335 1279 3400 aestimantur

111 3433 345 3517 quodammodo
366 3441 567 3525 incurabilia,
580 3441 634 3504 vel
655 3452 784 3527 propter
803 3463 887 3528 quoe
900 3460 962 3507 nos
979 3441 1104 3505 adimus
1126 3421 1279 3522 thermas,
1377 3461 1381 3475 ¹

110 3540 272 3608 et*multis
291 3546 445 3626 expensis
467 3554 500 3609 et
521 3548 665 3631 pluribus
687 3547 801 3613 diebus
822 3549 868 3612 ibi
888 3549 1087 3627 laboramus,
1109 3539 1195 3624 qnod
1215 3537 1280 3623 ipsi

110 3644 145 3704 in
165 3661 230 3706 uua
246 3645 389 3711 'dimidie
415 3649 496 3713 hora
529 3645 716 3735 expediunt.
758 3655 883 3718 Varum
918 3653 1045 3717 videtur
1072 3649 1165 3731 mihi,
1193 3641 1280 3729 qnod

109 3747 160 3810 sic
173 3749 322 3815 curando
343 3761 474 3817 utantur
497 3758 592 3819 etiam
615 3760 903 3842 incantationibus,
924 3776 999 3822 nam
1020 3776 1091 3821 cum
1114 3752 1280 3838 praedicto

110 3851 206 3916 modo
239 3847 336 3919 curce
367 3858 541 3944 insistunt,
576 3867 727 3930 contione
758 3866 930 3949 loquuntur
962 3883 1036 3928 cum
1067 3879 1105 3924 se
1134 3858 1218 3941 ipsis
1247 3861 1281 3916 et

109 3953 223 4021 nomio
244 3979 334 4044 qnae.
349 3965 450 4027 verba
469 3966 502 4028 in
524 3983 620 4032 aures
641 3971 794 4051 patientis
816 3967 925 4032 dicunt
947 3977 981 4033 et
1000 3987 1059 4051 per
1080 3964 1186 4028 omnia
1207 3979 1280 4023 rno-

110 4064 414 4130 resiucbntantinm
434 4070 566 4135 habant.
614 4097 617 4102 ·
806 4077 809 4082 '

194 4169 232 4230 lu
258 4170 375 4234 balneb
403 4174 492 4238 nullo
518 4175 611 4239 modo
640 4176 838 4240 conveniunt
865 4176 928 4239 viti
956 4184 989 4238 et
1006 4137 1193 4250 'foeminam
1220 4163 1280 4228 scd

109 4273 270 4336 foeminae
299 4277 420 4376 babent
441 4283 575 4364 propria,
597 4281 714 4343 balnea
734 4300 792 4363 pro
813 4299 867 4364 se,
889 4283 923 4343 e't
951 4281 1013 4344 viri
1033 4273 1197 4355 similiter3
1220 4287 1281 4336 nec

108 4379 172 4444 viri
192 4373 532 4467 baberet-lucatrices,
553 4375 616 4447 uec
644 4381 796 4451 umeros
822 4384 1012 4468 iricatores,
1027 4382 1096 4444 sad
1118 4380 1180 4448 viri
1201 4381 1283 4446 viris

1019 4489 1022 4496 ’
1033 4483 1069 4541 24
