3030 4872
165 436 222 518 qui
252 433 380 516 ueunt,
417 449 488 497 earu
521 431 664 516 reginam
693 431 838 514 Aegypti
871 439 904 493 et
935 431 1077 496 Arabiae
1109 431 1229 514 titisse,
1260 433 1337 515 quia
1401 477 1404 482 -

144 539 388 612 'ffieienbbna
412 537 635 602 Pharaouibus
663 537 796 616 regibus
825 536 968 619 Aegypti
999 545 1231 600 successerunt
1245 536 1337 600 Gan-

165 643 275 722 daons,
294 652 330 705 ut
356 643 454 706 babet
475 641 654 711 Buccacius
676 639 718 702 de
738 638 835 702 elaris
857 640 1043 704 mulieribus
1064 641 1143 724 Cap.
1166 643 1218 704 41.
1257 642 1337 704 Erat

161 757 272 811 'antem
295 749 406 831 regina
426 748 484 812 illa
507 745 650 809 foemina
673 743 818 826 devota,
844 752 878 806 et
908 744 997 806 misit
1026 763 1121 807 suum
1154 747 1336 808 eunuchum

164 852 358 936 aethiopem,
377 851 544 918 custodem
566 851 706 915 omnium
728 850 951 912 thesaurorum
972 867 1114 932 suorum,
1137 861 1211 912 curu
1227 850 1335 912 multis

165 959 352 1027 munoribus
373 963 408 1019 et
429 956 570 1018 donariis
593 953 634 1016 ad
656 953 810 1035 templum
832 955 865 1016 in
886 952 1089 1035 Jerusalem,
1118 962 1154 1016 ut
1181 955 1226 1016 ibi
1254 953 1335 1016 ado-

166 1071 251 1125 raret
287 1042 429 1124 et'doua
449 1057 588 1124 offerret.
630 1053 703 1133 uuo
735 1057 824 1132 sacto
846 1058 878 1118 iu
911 1075 1039 1123 currum
1071 1058 1258 1140 descendit,
1297 1067 1335 1122 ut

166 1165 207 1230 ad
228 1167 358 1248 propria
378 1173 546 1246 remearet,
567 1170 601 1224 et
622 1167 687 1222 tam
710 1160 846 1224 sedulus
868 1161 909 1224 ad
931 1162 1043 1226 divina
1065 1163 1144 1245 init,
1175 1169 1212 1224 nt
1238 1162 1335 1226 otiam

166 1271 287 1334 rodens
318 1271 352 1331 iu
384 1285 479 1331 curru
514 1266 700 1349 prophetias
740 1265 874 1348 legeret.
925 1265 1029 1345 Quem
1067 1268 1163 1351 jussu
1193 1266 1334 1350 Spiritus

144 1361 146 1366 ⁸
165 1377 200 1440 S.
224 1375 364 1438 accessit
384 1373 561 1455 Philippus·
571 1389 713 1458 eumque
733 1373 887 1442 instruxit
918 1380 952 1434 et
979 1373 1012 1434 in
1043 1372 1114 1436 loco
1137 1374 1200 1436 boe
1227 1375 1334 1456 bapti-

165 1483 266 1550 aaut.
308 1483 346 1542 Iu
364 1481 427 1542 boo
448 1495 528 1559 orgo
548 1477 619 1539 loco
640 1494 728 1558 genn
748 1477 914 1559 fleximus,
947 1483 981 1538 et
1008 1479 1206 1541 orationibus
1239 1478 1334 1542 dictis

163 1585 382 1669 imhrlgentias
393 1581 648 1665 recepimusffi.
672 1580 797 1643 Deinde
810 1581 850 1644 ad
863 1581 982 1643 iontem
995 1581 1139 1645 sedimus
1151 1592 1181 1644 et
1190 1602 1240 1668 ea,
1250 1603 1335 1668 quae

161 1687 406 1750 'de'Betblehem
430 1688 618 1767 tuleramus,
630 1685 671 1748 de
686 1685 829 1749 sacculis
844 1686 1064 1770 produximus,
1086 1695 1120 1750 et
1135 1689 1333 1753 comedimus

166 1810 268 1874 panes
291 1799 326 1853 et
347 1793 487 1855 bibimus
511 1811 637 1875 aquam,
660 1809 746 1872 quaa
767 1791 866 1872 clara,
889 1790 1016 1874 frigida,
1048 1810 1163 1855 recens
1189 1803 1223 1855 et
1253 1811 1334 1856 rana

166 1905 243 1957 erat.
287 1897 349 1958 uer
371 1905 477 1958 autem
499 1896 574 1958 fons
595 1893 675 1956 adeo
694 1895 847 1977 celebris,
871 1895 956 1977 quod
979 1913 1081 1979 usquo
1112 1895 1152 1958 ad
1181 1916 1252 1959 eum
1281 1887 1334 1962 di-

166 2003 254 2072 vites
275 2008 309 2060 et
329 2000 458 2061 honesti
480 2000 521 2059 tle
531 1996 715 2058 Jerusalem
739 1999 883 2079 equitent
903 2018 961 2081 pro
980 1999 1097 2061 solatio
1110 2007 1143 2061 et
1155 2001 1333 2083 relrigerio.
1378 1991 1383 1997 ’

81 2133 88 2152 =
166 2103 224 2164 Sic
247 2119 324 2182 crgo
346 2101 439 2163 nobis
461 2098 650 2162 sedentibus
674 2100 770 2181 juxte
798 2100 919 2163 forrtem
948 2101 1038 2162 multi
1059 2101 1231 2164 sarraceni
1257 2123 1335 2187 per-

164 2209 372 2285 transierunt,
395 2205 475 2287 quia,
491 2206 546 2267 via
565 2204 696 2288 public'a
715 2202 881 2286 ibium
894 2205 946 2283 Δ)
969 2203 1137 2268 descendit
1153 2207 1334 2291 iuGauam,

164 2313 185 2376 i.
210 2331 238 2374 e.
259 2311 292 2374 in
313 2310 468 2394 Africam,
491 2320 527 2372 ut
548 2310 627 2373 dicit
647 2307 769 2375 Gloasa
789 2319 821 2372 et
842 2311 1001 2395 Magister
1018 2313 1067 2373 'in
1090 2309 1186 2393 Speo.
1209 2312 1332 2376 Hister.

164 2417 237 2481 Nec
269 2427 375 2481 tamen
417 2416 524 2506 aliqua
553 2416 670 2499 injuria
705 2423 759 2478 aut
792 2416 939 2504 molestia
979 2417 1073 2480 nobis
1104 2417 1167 2480 fuit
1198 2418 1286 2482 illata
1315 2438 1335 2481 a

166 2541 376 2608 quocumque.
421 2522 491 2584 lllis
511 2531 634 2603 antem,
657 2523 711 2613 qni
729 2522 824 2605 juxta
846 2522 965 2586 iontem
988 2523 1201 2590 substiterunt
1228 2533 1262 2587 et
1282 2525 1334 2588 bi-

164 2629 290 2707 berunt,
311 2626 457 2690 dedimus
468 2627 509 2688 de
529 2629 651 2693 uostris
662 2629 811 2708 panibus,
829 2637 862 2691 et
873 2627 1026 2690 sederunt
1049 2630 1215 2694 uobiscum
1237 2649 1334 2714 quam

165 2731 275 2812 plnres
288 2729 468 2792 Sarraceul.
509 2730 657 2792 *Tandem
680 2733 770 2793 venit
791 2731 920 2816 quidam
942 2750 1016 2796 curu
1037 2743 1148 2816 sporta
1167 2735 1335 2817 plenaop-

167 2836 255 2896 timis
276 2840 310 2894 et
332 2830 528 2894 dulcissimis
550 2833 661 2912 botris,
684 2843 715 2894 et
735 2851 795 2896 nos
822 2837 851 2897 ei
864 2838 1067 2900 exhibuimus
1078 2854 1195 2900 saccus
1205 2846 1334 2898 nostros

166 2954 238 2998 oum
269 2937 436 3017 panibus,
454 2951 538 3014 quae
560 2939 766 2999 commutatio
798 2938 859 3001 fnit
887 2942 950 3003 ribi
984 2942 1191 3022 gratissima,
1225 2948 1258 3000 et
1289 2942 1336 3001 ita

167 3038 434 3102 manducavimus
453 3045 486 3098 et
507 3037 645 3112 bibimus
677 3039 772 3098 simul
804 3041 836 3100 in
867 3042 938 3105 loco
983 3050 1018 3103 et
1047 3059 1151 3124 nsque
1180 3041 1221 3103 ad
1254 3042 1335 3104 solis

168 3141 416 3207 declinationem
445 3140 540 3203 simul
565 3141 608 3202 ibi
636 3145 821 3206 mansimus.
873 3142 924 3204 De
955 3145 1017 3206 hoc
1046 3144 1117 3206 loco
1146 3143 1223 3207 dicit
1245 3144 1336 3208 Beda

167 3267 266 3331 super
294 3248 399 3310 Actus
429 3247 676 3329 Apostolorum:
714 3245 874 3311 Bethsaro
909 3249 964 3311 vel
994 3251 1155 3312 Bethsura
1183 3251 1218 3311 iu
1250 3259 1336 3312 terra

162 3333 257 3426 'unde
284 3353 434 3415 euntibus
467 3351 506 3413 ab
529 3349 627 3414 Helia
647 3350 790 3434 Hebron,
817 3353 837 3414 i.
860 3372 890 3421 e.
912 3372 933 3416 a
952 3353 1133 3417 Jerusalem
1162 3356 1196 3418 in
1216 3355 1335 3437 hibrou,

166 3461 241 3524 XX.
264 3457 381 3542 lapide,
400 3456 494 3538 juxta
515 3471 611 3538 quem
634 3462 684 3519 est
706 3457 779 3528 iona
801 3455 842 3520 ad
864 3457 991 3522 radices
1018 3461 1146 3541 montis,
1178 3459 1335 3523 ebulliens
1379 3476 1388 3488 ·

168 3567 208 3628 ab
231 3564 355 3644 eodem,
376 3563 410 3626 in
432 3561 675 3646 quo‘giguitur,
697 3563 888 3626 absorbetur
906 3564 1016 3648 burno,
1038 3567 1072 3625 in
1095 3582 1157 3647 quo
1168 3565 1336 3648 Philippus

166 3671 345 3753 baptizavit
375 3668 565 3730 eunuchum.
617 3665 699 3728 Cum
731 3685 809 3750 ergo
843 3668 926 3729 bene
955 3670 988 3730 iu
1017 3669 1073 3731 illo
1107 3669 1177 3732 loco
1199 3672 1335 3733 recreati

168 3776 362 3857 brissemns,
392 3773 515 3835 bestias
544 3770 781 3852 adscendimns,
815 3779 849 3834 et
882 3772 991 3834 festini
1021 3781 1132 3836 eontra
1151 3774 1335 3837 Jerusalem

166 3876 428 3960 properavimus,
452 3877 528 3960 quia
553 3875 775 3958 sperabamus,
805 3875 920 3940 eodem
949 3895 1022 3940 raro
1050 3893 1112 3940 uus
1132 3881 1339 3962 ingressuros

167 3981 205 4042 iu
223 3980 417 4044 dominicum
439 3981 659 4065 sepulchrum,
680 3980 744 4042 nisi
767 3981 850 4044 enim
872 3980 931 4044 illa
951 3999 1033 4064 spes
1046 3981 1172 4067 luisset,
1191 3983 1337 4046 iulletb-

169 4083 274 4148 labem
296 4099 369 4148 unm
392 4086 545 4150 fratribus
566 4105 626 4169 par
647 4084 768 4170 aliquot
789 4085 859 4148 dies
880 4088 1123 4170 mansissemus,
1136 4069 1337 4150 'uelnootem

169 4187 203 4252 iu
225 4187 354 4253 desorto
376 4190 412 4253 S.
434 4191 596 4255 Jobauuis
623 4191 791 4272 Baptistae
813 4193 1018 4260 fecissemus.
1060 4192 1110 4255 De
1133 4191 1197 4275 quo
1217 4190 1337 4252 dictum

168 4301 220 4358 est
247 4309 348 4377 supra
369 4294 424 4358 sol.
449 4295 510 4360 lib
531 4295 585 4377 A,
609 4295 696 4379 quod
723 4297 820 4360 valde
841 4297 979 4360 libenter
1006 4298 1209 4363 fecissemus.
1251 4293 1336 4356 Nam
