3016 4872
725 263 791 350 arri

191 471 245 556 qui
272 467 348 530 mibi
371 463 540 528 videbatur
566 465 678 530 inille
705 467 962 566 regiorrexmulto
989 463 1161 548 intensior,
1195 481 1290 548 quam
1323 467 1357 530 in

186 571 381 638 Jerusalem.
424 567 574 632 Sedimns
595 589 674 653 ergo
699 572 863 634 inumbra
885 581 918 634 et
946 571 988 635 de
1007 569 1198 653 paximaciis
1231 573 1356 634 nestris

187 675 455 742 manducavimus
491 676 563 738 sino
590 683 670 758 potu
703 677 945 760 refrigerativo,
981 676 1057 758 quia
1085 683 1150 748 tarn
1182 676 1294 737 vinum
1323 675 1357 737 in

187 781 289 849 brillis
333 797 429 862 quam
464 797 548 861 aqua
578 781 613 842 in
644 782 769 844 utribus
799 791 866 845 erat
900 782 1038 845 omnino
1056 779 1215 843 calefacta
1253 788 1287 842 et
1314 777 1357 842 ad

116 915 118 920 ’
188 889 274 950 sitim
297 882 566 966 exstinguendam
599 884 760 949 inhabilia.
805 887 881 950 Non
912 886 1009 967 longe
1030 880 1149 972 alutem?
1165 901 1294 948 eramus
1316 886 1356 948 ab

185 993 313 1072 Ebron,
346 991 479 1052 civitate
508 996 638 1072 sancta,
670 983 767 1072 quam
795 1000 903 1054 tamen
930 991 1043 1054 videre
1078 1008 1143 1052 non
1171 997 1357 1071 poteramus

187 1105 319 1182 propter
340 1102 481 1158 montem
502 1093 642 1156 medium
674 1094 758 1157 inter
789 1113 850 1157 uos
872 1103 905 1158 et
926 1095 1106 1177 civitatem,
1138 1101 1232 1179 quem
1254 1113 1355 1175 parvo

186 1201 293 1283 spatio
316 1216 436 1281 gyrare
457 1199 730 1281 oportet'ingredi
753 1196 925 1262 volentem.
961 1200 1202 1263 'Verumtamen
1235 1199 1354 1282 llbron',

184 1307 241 1369 illa
263 1306 379 1368 civitas
401 1303 642 1387 antiquissima,
675 1304 715 1366 de
746 1323 811 1387 qua
832 1313 926 1368 sa'cra
947 1304 1114 1387 Scriptura
1142 1303 1298 1387 loquitur,
1320 1306 1354 1366 in

183 1429 223 1475 eo
245 1409 316 1472 loco
339 1409 473 1471 stetisse
494 1402 696 1490 perhibetur,
719 1409 773 1470 nbi
792 1427 937 1492 eramus,
958 1411 1005 1472 ita
1029 1409 1115 1492 qnod
1136 1427 1212 1491 pars
1232 1410 1353 1471 civita-

182 1516 226 1578 tis
249 1511 453 1594 dependebat
472 1513 507 1574 in
530 1512 615 1576 olivo
645 1513 761 1575 montis
794 1519 828 1573 et
854 1512 918 1575 alia
948 1513 1020 1594 ejus
1048 1532 1125 1595 pars
1157 1531 1215 1595 per
1243 1514 1352 1576 conti·

183 1620 374 1688 ouationem
397 1618 502 1679 stabat
523 1617 659 1680 inferius
685 1617 719 1678 in
740 1615 835 1697 plano
867 1616 902 1676 in
930 1616 1002 1678 loco
1034 1616 1206 1699 olivarum,
1237 1625 1353 1700 postea

187 1731 295 1788 autem
316 1729 447 1810 propter
464 1720 651 1802 speluncam
674 1719 845 1802 duplicem,
867 1719 1063 1802 sepulturam
1083 1720 1245 1804 Abrahae,
1268 1740 1353 1806 qnae

182 1828 215 1892 in
237 1827 301 1889 alio
322 1826 441 1889 montis
463 1826 563 1888 latere
585 1835 663 1908 erat,
685 1825 840 1904 translata
862 1826 921 1888 fuit
943 1826 1060 1890 civitas
1081 1825 1123 1888 ad
1144 1825 1250 1887 locum
1272 1842 1352 1907 spe-

183 1931 316 2008 luncae,
338 1938 374 1991 ut
394 1930 516 2012 patebit
536 1931 570 1992 in
593 1928 816 2012 descriptione.
859 1932 961 2013 Igitur
981 1934 1027 1992 ita
1047 1931 1141 1995 nobis
1163 1913 1352 1992 sedentibus

182 2035 430 2116 Sabatbitaneo,
462 2032 597 2096 Calinus
630 2035 797 2118 maguus,
822 2053 916 2100 suum
956 2055 1072 2120 equum
1112 2034 1281 2098 adscendit
1319 2043 1352 2097 et
1423 2013 1431 2028 ¹

182 2159 254 2204 cum
290 2137 409 2202 famulo
441 2139 474 2201 in
501 2140 667 2204 civilatem
698 2140 806 2204 Ebrcn
838 2144 1011 2225 equitavit,
1045 2142 1157 2205 dicens
1187 2140 1351 2223 praefecto

181 2247 271 2308 urbis
303 2253 336 2306 et
368 2243 510 2325 civibus,
541 2242 659 2307 adesse
691 2247 880 2326 peregrinos
916 2247 1035 2310 latinos
1075 2245 1279 2310 Christianos
1309 2241 1352 2305 de

165 2347 406 2412 ,transmarinis
427 2349 572 2430 partibus
604 2349 771 2431 cupientes
793 2367 866 2415 cum
888 2369 997 2413 eorum
1016 2350 1217 2432 beneplacito
1238 2349 1351 2412 videre

181 2455 345 2516 civitatem
386 2460 419 2514 et
458 2452 531 2515 loca
568 2454 830 2535 patriarcharum.
886 2456 959 2516 Hoc
994 2445 1129 2515 audiens
1166 2453 1351 2535 praefectus

179 2558 290 2621 llbron
327 2554 406 2620 dure
434 2543 583 2619 Calinum
611 2565 756 2618 nostrum
783 2558 965 2639 increpavit
1004 2577 1062 2639 pro
1090 2575 1147 2638 eo,
1182 2555 1267 2639 quod
1289 2575 1350 2620 nos

179 2663 215 2726 in
237 2679 350 2744 campo
374 2661 495 2724 dimisit
516 2664 549 2724 in
575 2669 670 2722 aestu
691 2660 787 2742 solis,
821 2662 876 2723 nbi
899 2677 960 2722 nec
981 2679 1066 2744 aqua
1086 2678 1148 2724 nec
1168 2660 1263 2743 panis
1285 2666 1348 2738 est,

181 2775 215 2830 et
236 2766 416 2850 praecepit,
448 2775 483 2828 ut
510 2765 663 2827 festinate
689 2764 731 2828 ad
763 2783 823 2828 nos
855 2773 1073 2829 reverteretur
1104 2774 1136 2827 et
1163 2783 1235 2828 cum
1264 2767 1351 2829 omni

179 2880 293 2935 nostra
314 2867 508 2953 supellectili
529 2870 563 2932 in
590 2871 753 2932 civitatem
786 2871 1003 2935 introduceret
1025 2873 1058 2934 in
1079 2871 1168 2934 urbis
1199 2868 1350 2932 diverso-

180 2978 273 3038 rium.
318 2974 454 3038 Calinus
475 2983 583 3038 autem
604 2981 715 3037 noster
735 2975 814 3038 dixit
837 2977 884 3059 ei,
907 2975 993 3059 quod
1015 2975 1130 3040 cameli
1149 2975 1215 3058 jam
1238 2983 1350 3038 essent

181 3082 348 3144 exonerati
391 3088 423 3142 et
454 3078 495 3141 ad
527 3097 651 3161 pascua
681 3079 793 3142 emissi
835 3087 868 3142 et
899 3063 964 3144 non
995 3082 1059 3145 nisi
1083 3065 1208 3165 'magno
1240 3080 1350 3142 labore

178 3194 314 3270 possent
334 3186 512 3268 reonerari,
546 3185 619 3248 ideo
641 3202 757 3246 servos
785 3202 864 3247 sues
892 3185 992 3248 vellet
1014 3184 1055 3247 ad
1076 3178 1276 3248 Sarracenos
1297 3181 1350 3246 di-

179 3290 306 3353 mittere
328 3299 361 3352 et
382 3290 571 3373 peregrinos
598 3287 802 3352 introducere
834 3289 875 3352 ad
907 3289 1103 3353 visitandum
1133 3289 1206 3352 loca
1234 3297 1349 3350 sancta

176 3402 210 3456 et
229 3394 293 3456 hcc
314 3394 399 3456 iacto
420 3393 463 3456 ad
480 3395 626 3456 sarcinas
648 3391 806 3458 reducere
837 3404 870 3457 et
894 3395 946 3457 ibi
977 3399 1169 3476 pernoctare
1200 3402 1232 3454 et
1254 3411 1349 3455 mane

176 3497 340 3563 recedere.
381 3500 455 3560 Hoc
485 3497 630 3560 andicns'
645 3498 830 3580 praefectus
851 3499 970 3561 exarsit
996 3499 1046 3561 ira
1072 3499 1106 3559 in
1136 3496 1285 3560 Calinnm
1315 3505 1350 3560 et

176 3621 249 3666 eum
268 3602 450 3666 traditorem
471 3601 712 3683 peregrinorum
735 3611 767 3666 et
788 3620 853 3664 non
876 3601 1038 3665 ductorem
1061 3619 1137 3664 esse
1159 3600 1250 3683 dixit,
1272 3601 1349 3685 quia

178 3724 251 3771 cum
274 3707 363 3788 regio
384 3706 440 3769 illa
472 3706 597 3788 repleta
617 3707 661 3767 sit
689 3705 879 3768 latrunculis
901 3705 1064 3786 Arabum,
1099 3723 1163 3768 non
1198 3714 1346 3790 possunt,

60 3809 63 3815 ’
174 3812 295 3895 iuquit,
317 3811 478 3894 peregrini
498 3809 545 3873 illi
575 3810 609 3872 in
636 3819 751 3891 campo
773 3818 981 3893 pernoctare,
1012 3811 1079 3872 nisi
1109 3829 1180 3873 cum
1202 3807 1346 3891 periculo
1382 3825 1387 3830 ·

177 3915 440 3999 exspoliationis,
461 3913 583 3978 idcirco
604 3912 751 3978 introduc
771 3932 839 3998 eos,
859 3925 891 3978 et
918 3915 947 3978 si
969 3921 1003 3979 tu
1025 3913 1177 3996 nolueris,
1201 3933 1263 3997 ago
1288 3930 1347 3977 ecs

177 4019 390 4084 introducam.
432 4019 574 4084 Bcvenit
602 4037 681 4102 ergo
703 4017 838 4084 culinus
866 4029 990 4082 etcum
1007 4018 1118 4082 multis
1138 4019 1347 4102 passionibus

173 4123 277 4205 jussit
304 4125 467 4188 reonerari
488 4124 629 4207 bestias,
660 4132 694 4186 et
724 4139 800 4190 cum
822 4124 944 4188 lactum
976 4122 1109 4206 luisset,
1139 4122 1347 4186 ascendimus

175 4229 288 4292 asinos
324 4235 359 4290 et
386 4246 459 4292 cum
487 4236 592 4292 turma
612 4237 724 4294 nostra
750 4237 890 4294 montem
911 4227 1102 4312 gyravimus
1138 4236 1174 4289 et
1203 4247 1262 4310 per
1283 4225 1347 4289 cli-

173 4347 253 4394 vum
289 4331 330 4398 ab
367 4333 431 4398 alia
470 4343 563 4420 parte
604 4335 638 4400 in
681 4333 846 4400 civitatem
887 4334 997 4400 llbron
1038 4333 1181 4418 ingressi
1220 4347 1343 4394 sumus.
