2896 4872
639 275 706 340 Μ

661 355 666 365 Ι

56 463 260 539 ponentes,
282 403 623 548 pulsantsscampanas,
643 465 678 520 ut
700 450 873 538 nos,³cam
894 457 1093 536 tamonalit.
1111 457 1255 520 orienta-
1321 431 1337 524 ,’

58 560 122 622 les
167 560 267 643 lignis
296 562 449 643 templum
482 568 675 630 convocent.
719 563 757 623 ln
779 562 939 625 locutione
955 557 1122 640 ¹communi
1143 562 1254 645 lingua

32 679 36 685 ·
58 666 288 733 sarracenica
308 667 497 748 loquuntur,
518 667 552 728 in
575 666 695 728 divinis
716 653 825 731 autem
847 665 1024 732 chaldaica.
1067 666 1253 748 Aliquando
1293 747 1295 750 Ι

29 768 35 777 ’
61 769 208 830 reversi
229 780 306 848 sunt
327 769 369 832 ad
402 770 563 849 ecelesiae
582 772 768 854 unitatem,
800 769 859 833 sed
888 771 950 833 iarn
982 769 1100 834 dudum
1134 771 1254 835 metti-s

63 871 252 935 naverunt.
359 871 362 876 '

214 973 218 978 ’
525 980 567 1044 X.
590 976 813 1042 'lurcomanniss
880 976 883 986 “

166 1127 252 1193 Sunt
292 1132 327 1193 in
368 1128 502 1193 civitate
541 1137 655 1192 sancta
699 1126 776 1190 dicti
822 1126 1055 1209 turcomanni,
1098 1129 1174 1211 vagl
1221 1137 1268 1205 et¹

69 1231 230 1318 feroces,
262 1235 316 1319 qui
337 1235 450 1297 Asiam
473 1236 625 1298 minorem
649 1241 681 1295 et
714 1241 836 1315 partem
859 1232 1163 1315 magrram'majoris
1181 1216 1252 1296 'ce-

69 1348 215 1427 perunt,
238 1349 271 1403 et
295 1322 372 1404 sunt
393 1340 499 1401 'l'uroi
553 1345 587 1382 Ν
674 1333 679 1343 “
727 1379 729 1384 -
1037 1338 1040 1346 ’
1115 1321 1116 1326 ¹

101 1439 105 1445 ’
542 1461 610 1523 ·xr.
635 1460 780 1522 nerum.

158 1595 256 1677 'Sunt
281 1617 324 1678 ibi
354 1595 509 1697 Beduini,
546 1632 588 1676 ex
620 1595 763 1675 Arabum
792 1597 909 1696 gente,
939 1613 981 1678 de
1013 1613 1131 1696 quihus
1163 1599 1250 1675 ¹lilius

73 1717 270 1798 perditionis
292 1721 409 1803 exivit,
431 1719 672 1782 Machometus:
695 1717 730 1780 hi
751 1725 871 1801 tenent,
891 1719 979 1801 'quod
1001 1718 1072 1796 dies
1094 1725 1126 1780 ot
1147 1731 1253 1799 genna

74 1825 196 1903 mortis
225 1825 336 1888 olleo
368 1826 435 1886 sint
464 1822 648 1901 constituti,
684 1839 745 1884 nec
776 1824 958 1904 praeveniri
990 1840 1052 1889 nee
1078 1821 1252 1912 ‚praeteriri
1282 1871 1295 1903 ,

75 1928 226 2008 possint:
248 1928 320 1990 ideo
340 1926 637 2009 periculosissimis·
649 1921 747 2011 rehns
765 1929 836 1988 sine
857 1936 944 1988 metu
977 1945 1015 1988 se
1036 1925 1188 2008 ingerunt
1219 1931 1253 1985 et

78 2033 157 2092 sine
179 2033 276 2093 armis
296 2032 504 2113 protectionis
524 2030 565 2091 ad
587 2025 672 2092 heila
689 2029 824 2094 vadunt.
856 2029 969 2092 Odiosi
989 2039 1065 2093 sunt
1088 2037 1155 2092 tam
1168 2028 1252 2092 Sar-

79 2137 214 2224 tacenis
238 2152 334 2216 quam
357 2135 571 2199 Christianis.=
605 2133 717 2196 Solem
737 2134 836 2217 aliqui
857 2132 1000 2201 adorant.

488 2332 493 2340 ·
543 2299 618 2368 Xll.
639 2265 802 2364 Assasini.
872 2307 880 2334 ²
909 2363 911 2368 ,

165 2451 251 2516 Sunt
289 2452 334 2514 ibi
376 2449 540 2536 dssasini,
588 2451 852 2536 Matromotistae,
903 2443 1177 2514 obedientissimi»
1190 2465 1250 2510 sno

86 2558 252 2638 capitaneo
260 2602 276 2638 „
299 2558 472 2619 aestimant
500 2557 601 2638 enirn,
637 2557 722 2640 quod
753 2541 825 2620 sola
855 2556 1038 2620 obedientia
1067 2549 1250 2617 felicitatem

86 2644 303 2743 promoveant.
351 2660 549 2743 Capitaoeus
580 2680 688 2723 eornm
721 2661 837 2724 instrui
866 2661 1006 2755 juvenes
1038 2659 1116 2722 facit
1150 2659 1251 2733 variis

88 2765 204 2848 linguis
236 2775 266 2830 et
288 2785 346 2830 eos
368 2765 463 2828 mittit
484 2767 518 2827 in
539 2784 640 2848 regna
665 2765 705 2828 ad
729 2768 935 2831 serviendum
949 2765 1090 2850 regibus,
1102 2770 1138 2826 nt
1148 2781 1251 2843 ,opor-

90 2877 161 2933 tuno
190 2882 339 2954 tempore.
360 2889 471 2954 regern
501 2871 650 2933 serviens
683 2871 789 2934 toxico
822 2873 877 2934 vel
907 2872 989 2934 allas
1022 2869 1167 2953 perimat.
1212 2865 1250 2926 st

92 2977 194 3040 occiso
216 2995 295 3059 rege
314 2981 349 3039 ln
370 2986 487 3038 terram
515 2993 607 3038 suam
642 2979 802 3058 evaserit,
833 2977 1029 3058 honoribus,
1062 2973 1185 3037 divitiis
1218 2977 1251 3031 et

93 3079 298 3162 dignitatibus
328 3081 538 3162 praemiatur,
569 3080 602 3144 si
626 3088 733 3142 autem
756 3077 1003 3162 deprehenditur
1024 3090 1057 3143 et
1084 3075 1249 3153 occiditur,

93 3203 147 3266 pro
168 3193 308 3268 martyre
329 3188 401 3248 etim
421 3183 455 3247 itt
477 3201 538 3247 sua
558 3193 643 3246 terra
665 3184 782 3246 colunt.

477 3351 566 3416 xltt.
595 3352 854 3414 Mahometistae.
924 3319 928 3324 ⁴

186 3503 223 3563 ln
275 3501 458 3564 Jerusalem
503 3510 578 3565 sunt
631 3503 879 3592 Mahornetistae
933 3498 1080 3584 qnidam,
1143 3498 1249 3560 minus

98 3605 190 3687 legem
211 3605 462 3696 Sarracenorum
488 3615 649 3687 curantes,
672 3609 726 3690 qui
748 3606 868 3688 dicunt,
890 3623 932 3666 se
948 3605 1067 3666 hahere
1089 3601 1248 3686 quondam

99 3711 243 3772 occultam
275 3712 395 3794 legem,
436 3729 532 3792 quarn
564 3728 657 3773 nemo
697 3712 838 3793 revelat,
877 3727 973 3792 qnam
1007 3716 1098 3796 pater
1127 3705 1193 3767 lilio
1216 3707 1248 3766 in

101 3816 369 3898 mortisartieu103
392 3815 478 3899 quod
499 3816 528 3877 si
550 3814 637 3878 tilius
659 3817 751 3880 matri
768 3815 901 3896 revelat,
916 3815 954 3876 ‘si
975 3819 1113 3891 constat,
1136 3809 1249 3872 mulier
1298 3799 1310 3816 '

102 3919 161 3979 sino
181 3938 266 3982 mora
288 3920 454 3984 occiditur.
627 3910 631 3924 '

445 4043 447 4052 ’
504 4045 596 4108 xtv.·
621 4045 824 4132 Mamolneci.

170 4195 250 4260 Sunt
290 4199 324 4260 in
369 4199 551 4261 Jerusalem
601 4171 808 4278 Mamalucci,
856 4194 1008 4276 abnegati
1061 4185 1248 4273 Christiani,

104 4320 218 4384 quornm
241 4311 292 4364 est
315 4322 431 4386 magna
453 4299 637 4380 multitudo,
659 4297 763 4360 odiosi
776 4298 966 4382 sarracenis
988 4286 1248 4388 et'Christiania
