2842 4882
598 255 662 322 toa

125 435 277 522 (iamque
300 445 535 572 perpraeceps
557 433 830 500 adscenderemus
852 444 885 521 et
905 435 947 500 ad
968 435 1088 502 montis
1109 435 1211 498 ardua

17 621 192 727 'poterant
213 652 247 704 et
267 661 343 706 mox
364 641 489 706 reducti
510 641 690 706 deorsum
679 663 713 706 ιιι
734 646 960 724 monasterium
983 645 1101 726 (suut.)
1135 643 1208 706 Nos
1330 660 1339 674 ·

19 729 123 810 'varo
151 748 368 828 processimus
402 745 617 812 escendentes
647 766 706 832 per
737 747 881 830 lapideos
913 746 1052 829 gradus,
1087 747 1141 827 qni
1163 748 1208 809 ibi

17 833 122 912 ''surrt
144 868 164 912 a
186 847 353 913 monachis
376 849 470 928 iacti,
505 866 575 910 oum
606 851 695 912 sine*
712 853 877 932 eisnemo
898 849 1076 913 ascendere
1096 859 1209 930 posset

19 937 171 1036 iprop'ter
192 954 398 1036 praecipitem
421 941 541 1018 clivu'm
562 959 594 1014 et
614 955 739 1036 rupium
761 955 844 1018 altos
865 955 1016 1035 parietes.
1038 951 1099 1013 Est
1121 953 1207 1014 enim

17 1043 87 1120 ''ibi
121 1059 241 1124 montis
263 1054 394 1142 crepido
424 1057 562 1120 obscure
595 1067 627 1118 et
648 1057 827 1140 horribilis,
858 1073 917 1138 per
945 1055 1038 1137 cnjus
1068 1053 1207 1116 medium

17 1150 129 1223 'iuter
161 1161 286 1242 rupium
319 1161 460 1242 parietes
491 1159 612 1242 gradus
638 1170 714 1222 sunt
746 1163 860 1245 locati,
893 1179 951 1245 per
988 1175 1070 1242 quos
1101 1153 1207 1220 tume'n

17 1254 31 1310 1¹
40 1282 137 1327 nemo
159 1261 355 1346 pedetentim
377 1263 555 1326 ascendere
576 1273 699 1347 potest,
734 1265 792 1328 sed
815 1263 970 1348 reptando
1001 1263 1149 1325 manibus
1175 1270 1209 1324 et

17 1349 194 1450 iperium,
215 1368 299 1430 siout
318 1366 481 1430 Jonathan
504 1367 651 1431 ascendit
674 1369 702 1431 1.
728 1367 811 1452 lleg.
833 1366 924 1430 XlV.
972 1364 1208 1428 Corrscenden-

17 1467 128 1536 tribus
154 1488 232 1553 ergo
261 1471 355 1533 nobis
393 1487 472 1532 ecce
503 1473 576 1535 lons
603 1472 700 1535 vivus
722 1491 796 1534 mox
827 1471 942 1534 obvius
977 1470 1053 1551 init,
1076 1469 1137 1552 qui
1164 1471 1205 1531 ab

17 1574 129 1638 linitio
150 1575 195 1637 ibi
224 1572 416 1638 miraculose
446 1573 623 1656 emanavit,
656 1595 698 1639 ex
730 1593 866 1657 caussa,
895 1593 989 1657 qnam
1012 1573 1108 1656 paulo
1129 1580 1206 1656 post

18 1675 124 1737 linfra
164 1672 278 1736 dicam.
332 1678 375 1738 Et
407 1681 556 1759 quamtus
590 1678 739 1742 adhuc
726 1679 829 1761 jejuni
851 1667 1015 1759 essemus,
1046 1675 1087 1738 de
1116 1677 1205 1740 iente

17 1783 146 1840 ttamen
168 1777 321 1860 bibimus,
345 1781 421 1863 quia
441 1780 631 1844 sudavimus
652 1802 694 1844 ex
716 1783 826 1845 labore
846 1790 879 1843 at
900 1780 1073 1844 sitivimus.

17 1887 28 1946 l
124 1881 370 1962 Consequentur
391 1883 605 1964 procedentes
629 1883 708 1965 (44
719 1891 764 1961 a)
785 1904 843 1966 per
864 1883 983 1947 montis
1004 1880 1200 1962 crepidinem

17 1987 124 2050 rviam
135 1985 341 2065 asperrimam
364 1994 462 2069 atque
479 1986 595 2070 oppido
604 1986 655 2069 [ἐ]
663 2005 815 2050 saxosam
826 1983 1022 2049 vertimnsad
1036 1983 1204 2067 capellam,
1294 1977 1297 1984 ⁴

17 2091 127 2170 lqnae
147 2087 264 2149 beatae
284 2088 410 2149 lllariae
446 2088 539 2152 titulo
571 2090 765 2153 verterabilis
799 2089 934 2153 habetur
955 2089 988 2148 in
1020 2089 1204 2150 memoriam

17 2193 242 2272 :lsubscriptae
263 2191 309 2253 rei
332 2187 511 2277 fundatam,
530 2193 627 2274 juxta
649 2212 742 2277 quam
766 2193 799 2256 in
821 2193 949 2276 tugurio
973 2188 1117 2273 capellae
1138 2208 1201 2251 an-

17 2315 121 2366 mrexo
150 2294 272 2356 habitat
296 2295 394 2357 irater
415 2315 498 2359 unus
520 2296 561 2359 de
593 2296 803 2381 monasterio,
835 2297 891 2380 qni
912 2296 1028 2359 ostium
1058 2293 1203 2376 capellae

17 2399 130 2472 anobis
163 2399 299 2481 aperuit.
352 2398 436 2464 Cum
476 2409 582 2463 autem
613 2400 769 2484 capellam
809 2399 1067 2486 ingrederemur,
1104 2398 1203 2460 irater

18 2501 251 2584 rNicodemns,
287 2502 400 2567 ductor
432 2491 560 2588 noster,
594 2506 749 2588 originem
771 2505 857 2569 illius
881 2503 1025 2587 capellae
1046 2509 1081 2565 et
1103 2502 1202 2564 soritis

18 2607 128 2676 anobis
151 2606 232 2670 dixit
252 2607 361 2670 italica
382 2593 542 2673 locutione
562 2611 700 2673 subhac
719 2609 861 2672 historia.
892 2603 1045 2684 Quodam
1057 2615 1201 2687 tempore

18 2719 225 2793 rumpentes,
247 2714 402 2793 viperae,
427 2711 565 2775 autores
597 2721 629 2774 et
651 2713 715 2775 alia
746 2711 897 2775 animalia
927 2727 1095 2774 venenosa
1119 2707 1201 2770 adeo

18 2815 68 2890 ,iu
91 2813 348 2884 monasterioet
368 2832 427 2894 per
448 2813 520 2894 ejus
552 2805 719 2876 circuitum
751 2814 962 2897 multiplicata
983 2814 1200 2890 increverunt,

18 2912 121 2995 ,quod
145 2903 291 2976 monachi
312 2915 444 2995 penitus
465 2933 527 2977 non
549 2924 696 2997 poteraut
712 2917 755 2978 ibi
778 2917 903 2997 morari,
926 2925 957 2978 et
970 2914 1199 2993 decreverunt,

18 3016 141 3092 ,locum
173 3017 324 3079 deserere
351 3026 383 3078 et
416 3019 645 3082 monasterium
667 3019 890 3102 derelinquere
912 3025 946 3080 et
968 3016 1007 3078 ad
1031 3016 1128 3081 alium
1149 3013 1201 3076 lo-

18 3137 108 3208 geum
130 3137 280 3184 securum
313 3128 345 3184 et
367 3119 519 3183 mnndum
541 3139 579 3183 se
600 3123 784 3184 transferre.
828 3121 890 3183 Die
924 3138 1001 3202 ergo
1022 3119 1199 3183 constituto

18 3223 230 3308 goonvocavit
263 3223 364 3286 abbas
398 3224 573 3287 mouaolms
607 3243 718 3287 omnes
748 3235 780 3287 et
814 3223 929 3287 indixit
960 3207 1198 3306 processionem

18 3343 108 3402 ,cum
144 3327 326 3389 maturitate
362 3335 393 3388 et
427 3324 599 3392 devotione
638 3328 774 3391 fiendam
807 3327 847 3390 ad
880 3336 1019 3391 montem
1052 3333 1199 3388 sartotnm

19 3427 161 3511 tSynai,
180 3437 214 3491 et
233 3439 367 3510 peracto
384 3431 569 3494 visitatione
590 3433 707 3495 montis
726 3433 830 3495 sarreti
853 3431 1160 3513 transmigrationem
1179 3446 1200 3491 a

34 3532 106 3595 loeo
132 3533 188 3597 illo
206 3533 392 3598 insinuavit.
434 3533 590 3618 Acceptis
619 3554 697 3620 ergo
728 3536 877 3600 crucibus
909 3543 941 3597 et
962 3534 1105 3619 reliquiis
1124 3551 1198 3599 oum

34 3646 130 3699 cantu
151 3636 370 3702 ascenderunt
386 3639 421 3700 in
442 3650 580 3703 montem
596 3648 742 3703 sanctum
765 3656 869 3722 usqua
889 3638 922 3700 iu
938 3638 1009 3721 ejus
1031 3654 1196 3719 cacumen,

34 3740 90 3800 nbi
110 3739 215 3824 legem
245 3750 277 3803 et
297 3743 424 3806 tabulas
448 3742 489 3806 da
509 3762 606 3807 menn
626 3743 687 3806 Dei
709 3743 835 3825 accepit
855 3743 1001 3825 Moyses.
1044 3741 1196 3802 nemen-

35 3838 111 3902 latis
141 3861 219 3926 ergo
240 3861 312 3907 cum
341 3845 504 3910 lachrimis
536 3847 618 3910 locis
653 3849 777 3910 sanctis
808 3843 1043 3907 descenderunt
1061 3843 1193 3922 tristes,

36 3944 111 4023 quia
129 3945 323 4009 invitissima
343 3965 364 4010 a
382 3949 453 4013 loco
474 3949 532 4014 illo
552 3958 584 4012 et
606 3959 714 4013 monte
735 3948 944 4032 emigrabaut,
962 3965 982 4010 a
1001 3963 1065 4030 quo
1086 3953 1194 4006 tamen

35 4043 91 4105 illo
120 4044 172 4108 die
203 4065 276 4111 cum
306 4050 453 4114 omatibus
473 4053 658 4115 monasterii
691 4053 787 4116 rebus
819 4052 957 4134 migrare
988 4045 1216 4110 intendebant*

35 4148 192 4230 compulsi
214 4147 380 4238 praedicta
408 4155 612 4217 necessitate.
656 4153 739 4216 Cum
762 4161 865 4215 autem
899 4151 939 4214 ad
963 4150 1068 4214 locum
1097 4147 1194 4229 hujus

36 4250 178 4331 capellae
201 4251 425 4317 descendendo
445 4257 628 4337 venissent,
650 4274 729 4318 ecee
768 4255 873 4318 subito
904 4252 1056 4336 splendor
1076 4253 1193 4336 iugens
