<?xml version="1.0" encoding="UTF-8"?>
<!DOCTYPE html PUBLIC "-//W3C//DTD XHTML 1.0 Transitional//EN"
    "http://www.w3.org/TR/xhtml1/DTD/xhtml1-transitional.dtd">
<html xmlns="http://www.w3.org/1999/xhtml" xml:lang="en" lang="en">
 <head>
  <title>
</title>
<meta http-equiv="Content-Type" content="text/html;charset=utf-8" />
  <meta name='ocr-system' content='tesseract 3.04.00' />
  <meta name='ocr-capabilities' content='ocr_page ocr_carea ocr_par ocr_line ocrx_word'/>
</head>
<body>
  <div class='ocr_page' id='page_1' title='image "./fratrisfelicisf02fabrgoog_0336.png"; bbox 0 0 2896 4872; ppageno 0'>
   <div class='ocr_carea' id='block_1_1' title="bbox 642 279 705 348">
    <p class='ocr_par' dir='ltr' id='par_1_1' title="bbox 642 279 705 348">
     <span class='ocr_line' id='line_1_1' title="bbox 642 279 705 348; baseline -0.016 0"><span class='ocrx_word' id='word_1_1' title='bbox 642 279 705 348; x_wconf 73' lang='lat'><strong>&#39;321</strong></span> 
     </span>
    </p>
   </div>
   <div class='ocr_carea' id='block_1_2' title="bbox 15 452 1343 4310">
    <p class='ocr_par' dir='ltr' id='par_1_2' title="bbox 15 452 1255 967">
     <span class='ocr_line' id='line_1_2' title="bbox 26 452 1254 552; baseline -0.004 -18"><span class='ocrx_word' id='word_1_2' title='bbox 26 468 236 552; x_wconf 85' lang='lat' dir='ltr'><strong>Soldani,</strong></span> <span class='ocrx_word' id='word_1_3' title='bbox 257 483 319 530; x_wconf 87' lang='lat' dir='ltr'><strong>uec</strong></span> <span class='ocrx_word' id='word_1_4' title='bbox 341 463 550 529; x_wconf 80' lang='lat' dir='ltr'><strong>reaedificare</strong></span> <span class='ocrx_word' id='word_1_5' title='bbox 570 465 769 548; x_wconf 86' lang='lat' dir='ltr'><strong>permittunt.</strong></span> <span class='ocrx_word' id='word_1_6' title='bbox 814 452 891 527; x_wconf 80' lang='lat' dir='ltr'><strong>A&#39;lia</strong></span> <span class='ocrx_word' id='word_1_7' title='bbox 912 463 1007 527; x_wconf 84' lang='lat' dir='ltr'><strong>ctiam</strong></span> <span class='ocrx_word' id='word_1_8' title='bbox 1030 461 1102 528; x_wconf 87' lang='lat' dir='ltr'><strong>loca</strong></span> <span class='ocrx_word' id='word_1_9' title='bbox 1122 463 1254 530; x_wconf 82' lang='lat' dir='ltr'><strong>dostru-</strong></span> 
     </span>
     <span class='ocr_line' id='line_1_3' title="bbox 31 569 1255 653; baseline -0.004 -16"><span class='ocrx_word' id='word_1_10' title='bbox 31 573 264 640; x_wconf 78' lang='lat' dir='ltr'><strong>xerunt&#39;in</strong></span> <span class='ocrx_word' id='word_1_11' title='bbox 291 569 551 635; x_wconf 74' lang='lat' dir='ltr'><strong>circumferentia</strong></span> <span class='ocrx_word' id='word_1_12' title='bbox 577 569 737 637; x_wconf 83' lang='lat' dir='ltr'><strong>ecclesiae</strong></span> <span class='ocrx_word' id='word_1_13' title='bbox 768 587 893 651; x_wconf 81' lang='lat' dir='ltr'><strong>comm,</strong></span> <span class='ocrx_word' id='word_1_14' title='bbox 921 587 1006 653; x_wconf 87' lang='lat' dir='ltr'><strong>quae</strong></span> <span class='ocrx_word' id='word_1_15' title='bbox 1033 579 1141 633; x_wconf 84' lang='lat' dir='ltr'><strong>tamen</strong></span> <span class='ocrx_word' id='word_1_16' title='bbox 1169 579 1255 634; x_wconf 88' lang='lat' dir='ltr'><strong>emta</strong></span> 
     </span>
     <span class='ocr_line' id='line_1_4' title="bbox 35 672 1254 758; baseline -0.003 -16"><span class='ocrx_word' id='word_1_17' title='bbox 35 681 117 742; x_wconf 83' lang='lat' dir='ltr'><strong>eis</strong></span> <span class='ocrx_word' id='word_1_18' title='bbox 168 677 283 740; x_wconf 81' lang='lat' dir='ltr'><strong>iuerat.</strong></span> <span class='ocrx_word' id='word_1_19' title='bbox 327 677 372 738; x_wconf 78' lang='lat' dir='ltr'><strong>Et</strong></span> <span class='ocrx_word' id='word_1_20' title='bbox 400 681 530 758; x_wconf 86' lang='lat' dir='ltr'><strong>praeter</strong></span> <span class='ocrx_word' id='word_1_21' title='bbox 555 673 612 738; x_wconf 91' lang='lat' dir='ltr'><strong>illa</strong></span> <span class='ocrx_word' id='word_1_22' title='bbox 632 682 714 736; x_wconf 87' lang='lat' dir='ltr'><strong>sunt</strong></span> <span class='ocrx_word' id='word_1_23' title='bbox 741 672 851 755; x_wconf 85' lang='lat' dir='ltr'><strong>plnres</strong></span> <span class='ocrx_word' id='word_1_24' title='bbox 873 675 917 737; x_wconf 89' lang='lat' dir='ltr'><strong>ibl</strong></span> <span class='ocrx_word' id='word_1_25' title='bbox 943 675 1045 738; x_wconf 85' lang='lat' dir='ltr'><strong>occist</strong></span> <span class='ocrx_word' id='word_1_26' title='bbox 1078 677 1254 758; x_wconf 85' lang='lat' dir='ltr'><strong>apagauis</strong></span> 
     </span>
     <span class='ocr_line' id='line_1_5' title="bbox 15 777 1253 866; baseline -0.003 -20"><span class='ocrx_word' id='word_1_27' title='bbox 15 791 94 846; x_wconf 80' lang='lat' dir='ltr'><strong>-et</strong></span> <span class='ocrx_word' id='word_1_28' title='bbox 134 781 244 846; x_wconf 81' lang='lat' dir='ltr'><strong>hodie</strong></span> <span class='ocrx_word' id='word_1_29' title='bbox 265 781 486 843; x_wconf 86' lang='lat' dir='ltr'><strong>verberantur</strong></span> <span class='ocrx_word' id='word_1_30' title='bbox 507 787 539 842; x_wconf 90' lang='lat' dir='ltr'><strong>et</strong></span> <span class='ocrx_word' id='word_1_31' title='bbox 566 777 758 841; x_wconf 74' lang='lat' dir='ltr'><strong>tribulantur</strong></span> <span class='ocrx_word' id='word_1_32' title='bbox 785 787 818 841; x_wconf 87' lang='lat' dir='ltr'><strong>et</strong></span> <span class='ocrx_word' id='word_1_33' title='bbox 841 797 1007 866; x_wconf 90' lang='lat' dir='ltr'><strong>uunquam</strong></span> <span class='ocrx_word' id='word_1_34' title='bbox 1036 781 1142 842; x_wconf 77' lang='lat' dir='ltr'><strong>securi</strong></span> <span class='ocrx_word' id='word_1_35' title='bbox 1174 787 1253 842; x_wconf 89' lang='lat' dir='ltr'><strong>suut</strong></span> 
     </span>
     <span class='ocr_line' id='line_1_6' title="bbox 38 882 834 967; baseline -0.005 -16"><span class='ocrx_word' id='word_1_36' title='bbox 38 905 136 951; x_wconf 87' lang='lat' dir='ltr'><strong>uec</strong></span> <span class='ocrx_word' id='word_1_37' title='bbox 166 887 212 948; x_wconf 86' lang='lat' dir='ltr'><strong>‹le</strong></span> <span class='ocrx_word' id='word_1_38' title='bbox 228 885 331 967; x_wconf 91' lang='lat' dir='ltr'><strong>locis,</strong></span> <span class='ocrx_word' id='word_1_39' title='bbox 354 898 439 966; x_wconf 80' lang='lat' dir='ltr'><strong>quaa</strong></span> <span class='ocrx_word' id='word_1_40' title='bbox 460 883 593 963; x_wconf 86' lang='lat' dir='ltr'><strong>babent,</strong></span> <span class='ocrx_word' id='word_1_41' title='bbox 616 901 677 946; x_wconf 89' lang='lat' dir='ltr'><strong>uec</strong></span> <span class='ocrx_word' id='word_1_42' title='bbox 698 882 740 946; x_wconf 88' lang='lat' dir='ltr'><strong>de</strong></span> <span class='ocrx_word' id='word_1_43' title='bbox 757 885 834 948; x_wconf 88' lang='lat' dir='ltr'><strong>vita.</strong></span> 
     </span>
    </p>

    <p class='ocr_par' dir='ltr' id='par_1_3' title="bbox 44 980 1322 2328">
     <span class='ocr_line' id='line_1_7' title="bbox 165 980 1254 1072; baseline -0.002 -20"><span class='ocrx_word' id='word_1_44' title='bbox 165 990 267 1053; x_wconf 82' lang='lat' dir='ltr'><strong>Anno</strong></span> <span class='ocrx_word' id='word_1_45' title='bbox 289 997 396 1052; x_wconf 88' lang='lat' dir='ltr'><strong>autem</strong></span> <span class='ocrx_word' id='word_1_46' title='bbox 411 980 540 1050; x_wconf 86' lang='lat' dir='ltr'><strong>Domini</strong></span> <span class='ocrx_word' id='word_1_47' title='bbox 557 989 706 1072; x_wconf 80' lang='lat' dir='ltr'><strong>MCCC,</strong></span> <span class='ocrx_word' id='word_1_48' title='bbox 727 989 801 1052; x_wconf 90' lang='lat' dir='ltr'><strong>dum</strong></span> <span class='ocrx_word' id='word_1_49' title='bbox 823 987 931 1052; x_wconf 85' lang='lat' dir='ltr'><strong>adhuc</strong></span> <span class='ocrx_word' id='word_1_50' title='bbox 948 1005 1014 1050; x_wconf 93' lang='lat' dir='ltr'><strong>ucu</strong></span> <span class='ocrx_word' id='word_1_51' title='bbox 1035 995 1127 1049; x_wconf 89' lang='lat' dir='ltr'><strong>erant</strong></span> <span class='ocrx_word' id='word_1_52' title='bbox 1148 987 1254 1050; x_wconf 80' lang='lat' dir='ltr'><strong>reloc-</strong></span> 
     </span>
     <span class='ocr_line' id='line_1_8' title="bbox 44 1091 1255 1180; baseline -0.006 -18"><span class='ocrx_word' id='word_1_53' title='bbox 44 1097 172 1180; x_wconf 79' lang='lat' dir='ltr'><strong>mati,</strong></span> <span class='ocrx_word' id='word_1_54' title='bbox 196 1103 320 1158; x_wconf 89' lang='lat' dir='ltr'><strong>tautum</strong></span> <span class='ocrx_word' id='word_1_55' title='bbox 343 1093 564 1156; x_wconf 73' lang='lat' dir='ltr'><strong>exorbitabant</strong></span> <span class='ocrx_word' id='word_1_56' title='bbox 579 1095 695 1156; x_wconf 78' lang='lat' dir='ltr'><strong>iratres</strong></span> <span class='ocrx_word' id='word_1_57' title='bbox 715 1093 773 1175; x_wconf 91' lang='lat' dir='ltr'><strong>illi,</strong></span> <span class='ocrx_word' id='word_1_58' title='bbox 791 1101 828 1156; x_wconf 88' lang='lat' dir='ltr'><strong>ut</strong></span> <span class='ocrx_word' id='word_1_59' title='bbox 847 1102 880 1155; x_wconf 86' lang='lat' dir='ltr'><strong>et</strong></span> <span class='ocrx_word' id='word_1_60' title='bbox 898 1091 1015 1175; x_wconf 76' lang='lat' dir='ltr'><strong>pagani</strong></span> <span class='ocrx_word' id='word_1_61' title='bbox 1036 1091 1255 1156; x_wconf 83' lang='lat' dir='ltr'><strong>etChristiaui</strong></span> 
     </span>
     <span class='ocr_line' id='line_1_9' title="bbox 49 1177 1255 1283; baseline -0.007 -15"><span class='ocrx_word' id='word_1_62' title='bbox 49 1199 342 1268; x_wconf 83' lang='lat' dir='ltr'><strong>offenderentur.</strong></span> <span class='ocrx_word' id='word_1_63' title='bbox 385 1177 453 1261; x_wconf 82' lang='lat' dir='ltr'><strong>&#39;Sed</strong></span> <span class='ocrx_word' id='word_1_64' title='bbox 474 1198 561 1262; x_wconf 84' lang='lat' dir='ltr'><strong>Ordo</strong></span> <span class='ocrx_word' id='word_1_65' title='bbox 584 1199 743 1260; x_wconf 79' lang='lat' dir='ltr'><strong>succurrit</strong></span> <span class='ocrx_word' id='word_1_66' title='bbox 765 1199 939 1283; x_wconf 89' lang='lat' dir='ltr'><strong>couventui</strong></span> <span class='ocrx_word' id='word_1_67' title='bbox 967 1195 1013 1259; x_wconf 94' lang='lat' dir='ltr'><strong>illi</strong></span> <span class='ocrx_word' id='word_1_68' title='bbox 1047 1205 1080 1258; x_wconf 87' lang='lat' dir='ltr'><strong>ct</strong></span> <span class='ocrx_word' id='word_1_69' title='bbox 1094 1196 1255 1260; x_wconf 87' lang='lat' dir='ltr'><strong>notabiles</strong></span> 
     </span>
     <span class='ocr_line' id='line_1_10' title="bbox 50 1293 1260 1386; baseline -0.007 -15"><span class='ocrx_word' id='word_1_70' title='bbox 50 1310 174 1372; x_wconf 83' lang='lat' dir='ltr'><strong>vires</strong></span> <span class='ocrx_word' id='word_1_71' title='bbox 199 1323 241 1367; x_wconf 89' lang='lat' dir='ltr'><strong>ac</strong></span> <span class='ocrx_word' id='word_1_72' title='bbox 261 1311 403 1366; x_wconf 90' lang='lat' dir='ltr'><strong>maturos</strong></span> <span class='ocrx_word' id='word_1_73' title='bbox 425 1303 469 1366; x_wconf 91' lang='lat' dir='ltr'><strong>ibi</strong></span> <span class='ocrx_word' id='word_1_74' title='bbox 491 1311 684 1386; x_wconf 89' lang='lat' dir='ltr'><strong>posuerunt,</strong></span> <span class='ocrx_word' id='word_1_75' title='bbox 712 1311 745 1365; x_wconf 90' lang='lat' dir='ltr'><strong>et</strong></span> <span class='ocrx_word' id='word_1_76' title='bbox 766 1303 812 1364; x_wconf 89' lang='lat' dir='ltr'><strong>ita</strong></span> <span class='ocrx_word' id='word_1_77' title='bbox 832 1310 965 1366; x_wconf 85' lang='lat' dir='ltr'><strong>servant</strong></span> <span class='ocrx_word' id='word_1_78' title='bbox 988 1315 1092 1384; x_wconf 88' lang='lat' dir='ltr'><strong>usque</strong></span> <span class='ocrx_word' id='word_1_79' title='bbox 1113 1302 1148 1363; x_wconf 91' lang='lat' dir='ltr'><strong>iu</strong></span> <span class='ocrx_word' id='word_1_80' title='bbox 1168 1293 1260 1364; x_wconf 81' lang='lat' dir='ltr'><strong>haue</strong></span> 
     </span>
     <span class='ocr_line' id='line_1_11' title="bbox 52 1403 1253 1490; baseline -0.007 -15"><span class='ocrx_word' id='word_1_81' title='bbox 52 1413 167 1475; x_wconf 82' lang='lat' dir='ltr'><strong>diem</strong></span> <span class='ocrx_word' id='word_1_82' title='bbox 192 1411 431 1470; x_wconf 73' lang='lat' dir='ltr'><strong>observantiam</strong></span> <span class='ocrx_word' id='word_1_83' title='bbox 453 1410 613 1471; x_wconf 83' lang='lat' dir='ltr'><strong>sinceram</strong></span> <span class='ocrx_word' id='word_1_84' title='bbox 640 1416 672 1469; x_wconf 89' lang='lat' dir='ltr'><strong>et</strong></span> <span class='ocrx_word' id='word_1_85' title='bbox 691 1408 870 1490; x_wconf 86' lang='lat' dir='ltr'><strong>peregrinis</strong></span> <span class='ocrx_word' id='word_1_86' title='bbox 901 1406 1147 1468; x_wconf 89' lang='lat' dir='ltr'><strong>advenientibus</strong></span> <span class='ocrx_word' id='word_1_87' title='bbox 1168 1403 1253 1468; x_wconf 86' lang='lat' dir='ltr'><strong>iide-</strong></span> 
     </span>
     <span class='ocr_line' id='line_1_12' title="bbox 54 1506 1254 1591; baseline -0.008 -11"><span class='ocrx_word' id='word_1_88' title='bbox 54 1517 155 1580; x_wconf 87' lang='lat' dir='ltr'><strong>liter</strong></span> <span class='ocrx_word' id='word_1_89' title='bbox 186 1514 334 1576; x_wconf 87' lang='lat' dir='ltr'><strong>serviunt</strong></span> <span class='ocrx_word' id='word_1_90' title='bbox 372 1521 404 1575; x_wconf 88' lang='lat' dir='ltr'><strong>et</strong></span> <span class='ocrx_word' id='word_1_91' title='bbox 437 1514 619 1576; x_wconf 87' lang='lat' dir='ltr'><strong>ministrant</strong></span> <span class='ocrx_word' id='word_1_92' title='bbox 651 1513 700 1575; x_wconf 89' lang='lat' dir='ltr'><strong>eis</strong></span> <span class='ocrx_word' id='word_1_93' title='bbox 737 1513 923 1576; x_wconf 87' lang='lat' dir='ltr'><strong>necessaria</strong></span> <span class='ocrx_word' id='word_1_94' title='bbox 969 1510 1181 1591; x_wconf 83' lang='lat' dir='ltr'><strong>infirmosque</strong></span> <span class='ocrx_word' id='word_1_95' title='bbox 1211 1506 1254 1570; x_wconf 85' lang='lat' dir='ltr'><strong>dc</strong></span> 
     </span>
     <span class='ocr_line' id='line_1_13' title="bbox 57 1616 1252 1702; baseline -0.008 -17"><span class='ocrx_word' id='word_1_96' title='bbox 57 1618 241 1702; x_wconf 85' lang='lat' dir='ltr'><strong>hospitali</strong></span> <span class='ocrx_word' id='word_1_97' title='bbox 258 1619 290 1679; x_wconf 90' lang='lat' dir='ltr'><strong>in</strong></span> <span class='ocrx_word' id='word_1_98' title='bbox 311 1633 404 1679; x_wconf 91' lang='lat' dir='ltr'><strong>suum</strong></span> <span class='ocrx_word' id='word_1_99' title='bbox 421 1618 585 1699; x_wconf 71' lang='lat' dir='ltr'><strong>&#39;recipiunt</strong></span> <span class='ocrx_word' id='word_1_100' title='bbox 599 1616 830 1680; x_wconf 80' lang='lat' dir='ltr'><strong>infirmitorium</strong></span> <span class='ocrx_word' id='word_1_101' title='bbox 857 1635 966 1684; x_wconf 89' lang='lat' dir='ltr'><strong>curam</strong></span> <span class='ocrx_word' id='word_1_102' title='bbox 987 1635 1096 1679; x_wconf 89' lang='lat' dir='ltr'><strong>eorum</strong></span> <span class='ocrx_word' id='word_1_103' title='bbox 1116 1619 1252 1696; x_wconf 89' lang='lat' dir='ltr'><strong>agentes</strong></span> 
     </span>
     <span class='ocr_line' id='line_1_14' title="bbox 64 1718 1253 1806; baseline -0.008 -18"><span class='ocrx_word' id='word_1_104' title='bbox 64 1739 209 1806; x_wconf 80' lang='lat' dir='ltr'><strong>magua</strong></span> <span class='ocrx_word' id='word_1_105' title='bbox 244 1723 419 1804; x_wconf 83' lang='lat' dir='ltr'><strong>charitate,</strong></span> <span class='ocrx_word' id='word_1_106' title='bbox 459 1721 545 1805; x_wconf 86' lang='lat' dir='ltr'><strong>quod</strong></span> <span class='ocrx_word' id='word_1_107' title='bbox 586 1718 621 1784; x_wconf 75' lang='lat' dir='ltr'><strong>&#39;et</strong></span> <span class='ocrx_word' id='word_1_108' title='bbox 660 1740 722 1804; x_wconf 87' lang='lat' dir='ltr'><strong>ego</strong></span> <span class='ocrx_word' id='word_1_109' title='bbox 763 1724 835 1805; x_wconf 90' lang='lat' dir='ltr'><strong>ipse</strong></span> <span class='ocrx_word' id='word_1_110' title='bbox 876 1728 1029 1805; x_wconf 80' lang='lat' dir='ltr'><strong>expertus</strong></span> <span class='ocrx_word' id='word_1_111' title='bbox 1072 1718 1159 1801; x_wconf 80' lang='lat' dir='ltr'><strong>apud</strong></span> <span class='ocrx_word' id='word_1_112' title='bbox 1195 1735 1253 1780; x_wconf 86' lang='lat' dir='ltr'><strong>eos</strong></span> 
     </span>
     <span class='ocr_line' id='line_1_15' title="bbox 60 1823 1322 1913; baseline -0.006 -21"><span class='ocrx_word' id='word_1_113' title='bbox 60 1831 234 1892; x_wconf 82' lang='lat' dir='ltr'><strong>maneus.</strong></span> <span class='ocrx_word' id='word_1_114' title='bbox 267 1823 474 1913; x_wconf 70' lang='lat' dir='ltr'><strong>Quapropter</strong></span> <span class='ocrx_word' id='word_1_115' title='bbox 508 1828 648 1888; x_wconf 88' lang='lat' dir='ltr'><strong>omnium</strong></span> <span class='ocrx_word' id='word_1_116' title='bbox 677 1828 924 1890; x_wconf 80' lang='lat' dir='ltr'><strong>christianorum</strong></span> <span class='ocrx_word' id='word_1_117' title='bbox 946 1825 1135 1907; x_wconf 88' lang='lat' dir='ltr'><strong>principum,</strong></span> <span class='ocrx_word' id='word_1_118' title='bbox 1157 1823 1254 1886; x_wconf 90' lang='lat' dir='ltr'><strong>baro-</strong></span> <span class='ocrx_word' id='word_1_119' title='bbox 1318 1877 1322 1884; x_wconf 91' lang='lat'>.</span> 
     </span>
     <span class='ocr_line' id='line_1_16' title="bbox 65 1926 1252 2011; baseline -0.007 -15"><span class='ocrx_word' id='word_1_120' title='bbox 65 1953 163 1996; x_wconf 84' lang='lat' dir='ltr'><strong>uum</strong></span> <span class='ocrx_word' id='word_1_121' title='bbox 184 1939 219 1992; x_wconf 91' lang='lat' dir='ltr'><strong>et</strong></span> <span class='ocrx_word' id='word_1_122' title='bbox 250 1929 405 1993; x_wconf 82' lang='lat' dir='ltr'><strong>nobilium</strong></span> <span class='ocrx_word' id='word_1_123' title='bbox 430 1928 472 1992; x_wconf 83' lang='lat' dir='ltr'><strong>atl</strong></span> <span class='ocrx_word' id='word_1_124' title='bbox 503 1948 541 1992; x_wconf 89' lang='lat' dir='ltr'><strong>se</strong></span> <span class='ocrx_word' id='word_1_125' title='bbox 566 1940 796 1994; x_wconf 86' lang='lat' dir='ltr'><strong>converterunt</strong></span> <span class='ocrx_word' id='word_1_126' title='bbox 826 1929 995 2011; x_wconf 86' lang='lat' dir='ltr'><strong>affectum,</strong></span> <span class='ocrx_word' id='word_1_127' title='bbox 1027 1926 1115 1990; x_wconf 84' lang='lat' dir='ltr'><strong>uude</strong></span> <span class='ocrx_word' id='word_1_128' title='bbox 1143 1945 1252 1990; x_wconf 89' lang='lat' dir='ltr'><strong>eorum</strong></span> 
     </span>
     <span class='ocr_line' id='line_1_17' title="bbox 65 2031 1252 2117; baseline -0.003 -19"><span class='ocrx_word' id='word_1_129' title='bbox 65 2033 282 2116; x_wconf 80' lang='lat' dir='ltr'><strong>largissimis</strong></span> <span class='ocrx_word' id='word_1_130' title='bbox 303 2033 519 2117; x_wconf 81' lang='lat' dir='ltr'><strong>eleemosynis</strong></span> <span class='ocrx_word' id='word_1_131' title='bbox 539 2044 724 2098; x_wconf 85' lang='lat' dir='ltr'><strong>sustentant</strong></span> <span class='ocrx_word' id='word_1_132' title='bbox 745 2035 862 2098; x_wconf 82' lang='lat' dir='ltr'><strong>fratres</strong></span> <span class='ocrx_word' id='word_1_133' title='bbox 888 2031 971 2096; x_wconf 86' lang='lat' dir='ltr'><strong>illos.</strong></span> <span class='ocrx_word' id='word_1_134' title='bbox 1014 2031 1143 2114; x_wconf 82' lang='lat' dir='ltr'><strong>Singuli</strong></span> <span class='ocrx_word' id='word_1_135' title='bbox 1166 2031 1252 2094; x_wconf 87' lang='lat' dir='ltr'><strong>enirn</strong></span> 
     </span>
     <span class='ocr_line' id='line_1_18' title="bbox 70 2125 1253 2221; baseline -0.006 -18"><span class='ocrx_word' id='word_1_136' title='bbox 70 2155 186 2220; x_wconf 85' lang='lat' dir='ltr'><strong>reges</strong></span> <span class='ocrx_word' id='word_1_137' title='bbox 205 2136 344 2220; x_wconf 88' lang='lat' dir='ltr'><strong>singulis</strong></span> <span class='ocrx_word' id='word_1_138' title='bbox 365 2139 457 2201; x_wconf 88' lang='lat' dir='ltr'><strong>anuis</strong></span> <span class='ocrx_word' id='word_1_139' title='bbox 483 2140 612 2202; x_wconf 90' lang='lat' dir='ltr'><strong>mittunt</strong></span> <span class='ocrx_word' id='word_1_140' title='bbox 635 2157 713 2202; x_wconf 89' lang='lat' dir='ltr'><strong>suas</strong></span> <span class='ocrx_word' id='word_1_141' title='bbox 735 2125 962 2221; x_wconf 83' lang='lat' dir='ltr'><strong>eleemosynas</strong></span> <span class='ocrx_word' id='word_1_142' title='bbox 984 2137 1050 2218; x_wconf 85' lang='lat' dir='ltr'><strong>eis,</strong></span> <span class='ocrx_word' id='word_1_143' title='bbox 1079 2136 1135 2199; x_wconf 88' lang='lat' dir='ltr'><strong>ille</strong></span> <span class='ocrx_word' id='word_1_144' title='bbox 1156 2135 1253 2218; x_wconf 87' lang='lat' dir='ltr'><strong>quin-</strong></span> 
     </span>
     <span class='ocr_line' id='line_1_19' title="bbox 62 2239 1254 2328; baseline 0.001 -27"><span class='ocrx_word' id='word_1_145' title='bbox 62 2251 206 2328; x_wconf 78' lang='lat' dir='ltr'><strong>gentos</strong></span> <span class='ocrx_word' id='word_1_146' title='bbox 228 2241 372 2324; x_wconf 84' lang='lat' dir='ltr'><strong>ducatos,</strong></span> <span class='ocrx_word' id='word_1_147' title='bbox 394 2243 477 2306; x_wconf 90' lang='lat' dir='ltr'><strong>alius</strong></span> <span class='ocrx_word' id='word_1_148' title='bbox 498 2244 761 2328; x_wconf 86' lang='lat' dir='ltr'><strong>quadringentos,</strong></span> <span class='ocrx_word' id='word_1_149' title='bbox 781 2244 861 2308; x_wconf 90' lang='lat' dir='ltr'><strong>alter</strong></span> <span class='ocrx_word' id='word_1_150' title='bbox 882 2239 1047 2324; x_wconf 57' lang='lat' dir='ltr'><strong>(ssim)</strong></span> <span class='ocrx_word' id='word_1_151' title='bbox 1068 2239 1153 2323; x_wconf 88' lang='lat' dir='ltr'><strong>plus,</strong></span> <span class='ocrx_word' id='word_1_152' title='bbox 1173 2240 1254 2302; x_wconf 89' lang='lat' dir='ltr'><strong>alter</strong></span> 
     </span>
    </p>

    <p class='ocr_par' dir='ltr' id='par_1_4' title="bbox 61 2335 1343 4310">
     <span class='ocr_line' id='line_1_20' title="bbox 73 2335 1253 2428; baseline -0.003 -17"><span class='ocrx_word' id='word_1_153' title='bbox 73 2349 211 2428; x_wconf 88' lang='lat' dir='ltr'><strong>minus,</strong></span> <span class='ocrx_word' id='word_1_154' title='bbox 241 2347 432 2410; x_wconf 88' lang='lat' dir='ltr'><strong>seeundum·</strong></span> <span class='ocrx_word' id='word_1_155' title='bbox 456 2350 723 2412; x_wconf 87' lang='lat' dir='ltr'><strong>cousuetudinem</strong></span> <span class='ocrx_word' id='word_1_156' title='bbox 751 2349 804 2411; x_wconf 87' lang='lat' dir='ltr'><strong>vel</strong></span> <span class='ocrx_word' id='word_1_157' title='bbox 836 2335 1014 2411; x_wconf 85' lang='lat' dir='ltr'><strong>secundum</strong></span> <span class='ocrx_word' id='word_1_158' title='bbox 1045 2343 1182 2408; x_wconf 82' lang='lat' dir='ltr'><strong>allectus</strong></span> <span class='ocrx_word' id='word_1_159' title='bbox 1210 2343 1253 2407; x_wconf 90' lang='lat' dir='ltr'><strong>ad</strong></span> 
     </span>
     <span class='ocr_line' id='line_1_21' title="bbox 73 2449 1252 2537; baseline -0.001 -23"><span class='ocrx_word' id='word_1_160' title='bbox 73 2454 154 2516; x_wconf 89' lang='lat' dir='ltr'><strong>loca</strong></span> <span class='ocrx_word' id='word_1_161' title='bbox 178 2460 294 2514; x_wconf 89' lang='lat' dir='ltr'><strong>sancta</strong></span> <span class='ocrx_word' id='word_1_162' title='bbox 315 2453 533 2516; x_wconf 86' lang='lat' dir='ltr'><strong>sinceritatem</strong></span> <span class='ocrx_word' id='word_1_163' title='bbox 558 2461 591 2515; x_wconf 88' lang='lat' dir='ltr'><strong>et</strong></span> <span class='ocrx_word' id='word_1_164' title='bbox 612 2453 871 2537; x_wconf 86' lang='lat' dir='ltr'><strong>magnitudinem.</strong></span> <span class='ocrx_word' id='word_1_165' title='bbox 895 2451 1114 2514; x_wconf 81' lang='lat' dir='ltr'><strong>Nihilominus</strong></span> <span class='ocrx_word' id='word_1_166' title='bbox 1135 2449 1252 2513; x_wconf 74' lang='lat' dir='ltr'><strong>alantur</strong></span> 
     </span>
     <span class='ocr_line' id='line_1_22' title="bbox 76 2555 1250 2641; baseline -0.002 -22"><span class='ocrx_word' id='word_1_167' title='bbox 76 2561 128 2620; x_wconf 90' lang='lat' dir='ltr'><strong>eis</strong></span> <span class='ocrx_word' id='word_1_168' title='bbox 154 2559 257 2619; x_wconf 88' lang='lat' dir='ltr'><strong>etiam</strong></span> <span class='ocrx_word' id='word_1_169' title='bbox 278 2555 399 2619; x_wconf 87' lang='lat' dir='ltr'><strong>multae</strong></span> <span class='ocrx_word' id='word_1_170' title='bbox 420 2557 649 2641; x_wconf 81' lang='lat' dir='ltr'><strong>eleemosynae</strong></span> <span class='ocrx_word' id='word_1_171' title='bbox 671 2577 690 2640; x_wconf 89' lang='lat' dir='ltr'><strong>a</strong></span> <span class='ocrx_word' id='word_1_172' title='bbox 712 2559 893 2622; x_wconf 83' lang='lat' dir='ltr'><strong>cottidianis</strong></span> <span class='ocrx_word' id='word_1_173' title='bbox 924 2557 1105 2639; x_wconf 79' lang='lat' dir='ltr'><strong>peregrinis</strong></span> <span class='ocrx_word' id='word_1_174' title='bbox 1144 2563 1178 2617; x_wconf 89' lang='lat' dir='ltr'><strong>et</strong></span> <span class='ocrx_word' id='word_1_175' title='bbox 1209 2555 1250 2617; x_wconf 90' lang='lat' dir='ltr'><strong>ab</strong></span> 
     </span>
     <span class='ocr_line' id='line_1_23' title="bbox 79 2660 1252 2746; baseline 0 -24"><span class='ocrx_word' id='word_1_176' title='bbox 79 2664 148 2745; x_wconf 88' lang='lat' dir='ltr'><strong>cis,</strong></span> <span class='ocrx_word' id='word_1_177' title='bbox 171 2662 230 2744; x_wconf 89' lang='lat' dir='ltr'><strong>qui</strong></span> <span class='ocrx_word' id='word_1_178' title='bbox 253 2660 469 2724; x_wconf 85' lang='lat' dir='ltr'><strong>indominica</strong></span> <span class='ocrx_word' id='word_1_179' title='bbox 499 2661 671 2743; x_wconf 88' lang='lat' dir='ltr'><strong>sepulchro</strong></span> <span class='ocrx_word' id='word_1_180' title='bbox 694 2664 834 2746; x_wconf 85' lang='lat' dir='ltr'><strong>iusignia</strong></span> <span class='ocrx_word' id='word_1_181' title='bbox 862 2663 995 2726; x_wconf 87' lang='lat' dir='ltr'><strong>militiae</strong></span> <span class='ocrx_word' id='word_1_182' title='bbox 1016 2662 1195 2744; x_wconf 82' lang='lat' dir='ltr'><strong>accipiunt3</strong></span> <span class='ocrx_word' id='word_1_183' title='bbox 1218 2667 1252 2722; x_wconf 88' lang='lat' dir='ltr'><strong>et</strong></span> 
     </span>
     <span class='ocr_line' id='line_1_24' title="bbox 77 2765 1252 2849; baseline -0.005 -18"><span class='ocrx_word' id='word_1_184' title='bbox 77 2767 166 2831; x_wconf 90' lang='lat' dir='ltr'><strong>haec</strong></span> <span class='ocrx_word' id='word_1_185' title='bbox 187 2767 298 2828; x_wconf 87' lang='lat' dir='ltr'><strong>omnia</strong></span> <span class='ocrx_word' id='word_1_186' title='bbox 316 2774 391 2827; x_wconf 89' lang='lat' dir='ltr'><strong>sunt</strong></span> <span class='ocrx_word' id='word_1_187' title='bbox 407 2768 456 2828; x_wconf 91' lang='lat' dir='ltr'><strong>eis</strong></span> <span class='ocrx_word' id='word_1_188' title='bbox 476 2769 678 2829; x_wconf 88' lang='lat' dir='ltr'><strong>necessaria:</strong></span> <span class='ocrx_word' id='word_1_189' title='bbox 700 2767 806 2830; x_wconf 86' lang='lat' dir='ltr'><strong>nullas</strong></span> <span class='ocrx_word' id='word_1_190' title='bbox 828 2770 912 2830; x_wconf 87' lang='lat' dir='ltr'><strong>euim</strong></span> <span class='ocrx_word' id='word_1_191' title='bbox 933 2765 1087 2849; x_wconf 89' lang='lat' dir='ltr'><strong>colligunt</strong></span> <span class='ocrx_word' id='word_1_192' title='bbox 1109 2765 1252 2826; x_wconf 89' lang='lat' dir='ltr'><strong>eleemo-</strong></span> 
     </span>
     <span class='ocr_line' id='line_1_25' title="bbox 81 2865 1250 2954; baseline -0.002 -24"><span class='ocrx_word' id='word_1_193' title='bbox 81 2883 191 2952; x_wconf 87' lang='lat' dir='ltr'><strong>synas</strong></span> <span class='ocrx_word' id='word_1_194' title='bbox 212 2870 253 2931; x_wconf 88' lang='lat' dir='ltr'><strong>ab</strong></span> <span class='ocrx_word' id='word_1_195' title='bbox 275 2870 498 2954; x_wconf 87' lang='lat' dir='ltr'><strong>orientalibus,</strong></span> <span class='ocrx_word' id='word_1_196' title='bbox 525 2889 587 2933; x_wconf 89' lang='lat' dir='ltr'><strong>uec</strong></span> <span class='ocrx_word' id='word_1_197' title='bbox 609 2889 628 2936; x_wconf 86' lang='lat' dir='ltr'><strong>a</strong></span> <span class='ocrx_word' id='word_1_198' title='bbox 657 2875 795 2954; x_wconf 86' lang='lat' dir='ltr'><strong>paganis</strong></span> <span class='ocrx_word' id='word_1_199' title='bbox 822 2889 884 2934; x_wconf 91' lang='lat' dir='ltr'><strong>nec</strong></span> <span class='ocrx_word' id='word_1_200' title='bbox 906 2889 925 2932; x_wconf 92' lang='lat' dir='ltr'><strong>a</strong></span> <span class='ocrx_word' id='word_1_201' title='bbox 947 2869 1157 2948; x_wconf 85' lang='lat' dir='ltr'><strong>Christianis,</strong></span> <span class='ocrx_word' id='word_1_202' title='bbox 1190 2865 1250 2928; x_wconf 73' lang='lat' dir='ltr'><strong>sart</strong></span> 
     </span>
     <span class='ocr_line' id='line_1_26' title="bbox 84 2955 1264 3059; baseline -0.002 -27"><span class='ocrx_word' id='word_1_203' title='bbox 84 2991 137 3053; x_wconf 86' lang='lat' dir='ltr'><strong>aa,</strong></span> <span class='ocrx_word' id='word_1_204' title='bbox 163 2973 283 3055; x_wconf 90' lang='lat' dir='ltr'><strong>quibus</strong></span> <span class='ocrx_word' id='word_1_205' title='bbox 298 2955 520 3038; x_wconf 85' lang='lat' dir='ltr'><strong>sustentantur</strong></span> <span class='ocrx_word' id='word_1_206' title='bbox 542 2984 573 3038; x_wconf 90' lang='lat' dir='ltr'><strong>et</strong></span> <span class='ocrx_word' id='word_1_207' title='bbox 591 2979 719 3059; x_wconf 57' lang='lat' dir='ltr'><strong>mavum,</strong></span> <span class='ocrx_word' id='word_1_208' title='bbox 740 2978 781 3038; x_wconf 86' lang='lat' dir='ltr'><strong>ab</strong></span> <span class='ocrx_word' id='word_1_209' title='bbox 804 2973 1057 3054; x_wconf 81' lang='lat' dir='ltr'><strong>occidentalibus</strong></span> <span class='ocrx_word' id='word_1_210' title='bbox 1081 2965 1264 3052; x_wconf 80' lang='lat' dir='ltr'><strong>recipiunt‘</strong></span> 
     </span>
     <span class='ocr_line' id='line_1_27' title="bbox 85 3075 1252 3163; baseline -0.002 -25"><span class='ocrx_word' id='word_1_211' title='bbox 85 3077 165 3138; x_wconf 84' lang='lat' dir='ltr'><strong>Ideo</strong></span> <span class='ocrx_word' id='word_1_212' title='bbox 185 3095 312 3139; x_wconf 89' lang='lat' dir='ltr'><strong>summe</strong></span> <span class='ocrx_word' id='word_1_213' title='bbox 332 3077 562 3160; x_wconf 83' lang='lat' dir='ltr'><strong>providendum</strong></span> <span class='ocrx_word' id='word_1_214' title='bbox 585 3089 683 3163; x_wconf 90' lang='lat' dir='ltr'><strong>esset,</strong></span> <span class='ocrx_word' id='word_1_215' title='bbox 705 3099 747 3141; x_wconf 90' lang='lat' dir='ltr'><strong>ue</strong></span> <span class='ocrx_word' id='word_1_216' title='bbox 769 3087 914 3162; x_wconf 86' lang='lat' dir='ltr'><strong>egestate</strong></span> <span class='ocrx_word' id='word_1_217' title='bbox 941 3079 1114 3140; x_wconf 90' lang='lat' dir='ltr'><strong>inhumana</strong></span> <span class='ocrx_word' id='word_1_218' title='bbox 1135 3075 1252 3136; x_wconf 84' lang='lat' dir='ltr'><strong>iratres</strong></span> 
     </span>
     <span class='ocr_line' id='line_1_28' title="bbox 85 3179 1276 3267; baseline -0.001 -25"><span class='ocrx_word' id='word_1_219' title='bbox 85 3181 135 3243; x_wconf 89' lang='lat' dir='ltr'><strong>illi</strong></span> <span class='ocrx_word' id='word_1_220' title='bbox 165 3181 405 3266; x_wconf 82' lang='lat' dir='ltr'><strong>affligerentur,</strong></span> <span class='ocrx_word' id='word_1_221' title='bbox 443 3191 475 3244; x_wconf 83' lang='lat' dir='ltr'><strong>et</strong></span> <span class='ocrx_word' id='word_1_222' title='bbox 502 3186 587 3267; x_wconf 90' lang='lat' dir='ltr'><strong>quod</strong></span> <span class='ocrx_word' id='word_1_223' title='bbox 620 3192 802 3248; x_wconf 88' lang='lat' dir='ltr'><strong>structurae</strong></span> <span class='ocrx_word' id='word_1_224' title='bbox 829 3184 1010 3245; x_wconf 91' lang='lat' dir='ltr'><strong>relictarum</strong></span> <span class='ocrx_word' id='word_1_225' title='bbox 1040 3179 1276 3244; x_wconf 88' lang='lat' dir='ltr'><strong>ecelesiarum·</strong></span> 
     </span>
     <span class='ocr_line' id='line_1_29' title="bbox 89 3283 1250 3374; baseline -0.001 -29"><span class='ocrx_word' id='word_1_226' title='bbox 89 3285 307 3368; x_wconf 89' lang='lat' dir='ltr'><strong>eleemosynis</strong></span> <span class='ocrx_word' id='word_1_227' title='bbox 328 3287 469 3352; x_wconf 84' lang='lat' dir='ltr'><strong>fidelium</strong></span> <span class='ocrx_word' id='word_1_228' title='bbox 491 3290 696 3374; x_wconf 82' lang='lat' dir='ltr'><strong>fulcirentur,</strong></span> <span class='ocrx_word' id='word_1_229' title='bbox 730 3297 765 3351; x_wconf 89' lang='lat' dir='ltr'><strong>et</strong></span> <span class='ocrx_word' id='word_1_230' title='bbox 785 3287 945 3371; x_wconf 90' lang='lat' dir='ltr'><strong>hospitale</strong></span> <span class='ocrx_word' id='word_1_231' title='bbox 967 3305 1027 3370; x_wconf 91' lang='lat' dir='ltr'><strong>prc</strong></span> <span class='ocrx_word' id='word_1_232' title='bbox 1060 3283 1196 3348; x_wconf 90' lang='lat' dir='ltr'><strong>advenis</strong></span> <span class='ocrx_word' id='word_1_233' title='bbox 1218 3289 1250 3344; x_wconf 87' lang='lat' dir='ltr'><strong>et</strong></span> 
     </span>
     <span class='ocr_line' id='line_1_30' title="bbox 89 3387 1249 3476; baseline 0.001 -26"><span class='ocrx_word' id='word_1_234' title='bbox 89 3391 269 3472; x_wconf 84' lang='lat' dir='ltr'><strong>peregrinis</strong></span> <span class='ocrx_word' id='word_1_235' title='bbox 296 3391 339 3454; x_wconf 91' lang='lat' dir='ltr'><strong>ibi</strong></span> <span class='ocrx_word' id='word_1_236' title='bbox 367 3393 604 3476; x_wconf 86' lang='lat' dir='ltr'><strong>restitueretur,</strong></span> <span class='ocrx_word' id='word_1_237' title='bbox 633 3403 665 3456; x_wconf 88' lang='lat' dir='ltr'><strong>et</strong></span> <span class='ocrx_word' id='word_1_238' title='bbox 694 3394 779 3476; x_wconf 87' lang='lat' dir='ltr'><strong>quod</strong></span> <span class='ocrx_word' id='word_1_239' title='bbox 812 3394 945 3456; x_wconf 91' lang='lat' dir='ltr'><strong>libertas</strong></span> <span class='ocrx_word' id='word_1_240' title='bbox 988 3387 1142 3454; x_wconf 82' lang='lat' dir='ltr'><strong>visitandi</strong></span> <span class='ocrx_word' id='word_1_241' title='bbox 1176 3388 1249 3451; x_wconf 85' lang='lat' dir='ltr'><strong>loca</strong></span> 
     </span>
     <span class='ocr_line' id='line_1_31' title="bbox 90 3483 1250 3581; baseline 0.002 -27"><span class='ocrx_word' id='word_1_242' title='bbox 90 3503 203 3557; x_wconf 89' lang='lat' dir='ltr'><strong>saucta</strong></span> <span class='ocrx_word' id='word_1_243' title='bbox 222 3515 241 3558; x_wconf 90' lang='lat' dir='ltr'><strong>a</strong></span> <span class='ocrx_word' id='word_1_244' title='bbox 261 3497 400 3578; x_wconf 88' lang='lat' dir='ltr'><strong>paganis</strong></span> <span class='ocrx_word' id='word_1_245' title='bbox 419 3498 579 3561; x_wconf 88' lang='lat' dir='ltr'><strong>ecclesiae</strong></span> <span class='ocrx_word' id='word_1_246' title='bbox 606 3499 777 3580; x_wconf 88' lang='lat' dir='ltr'><strong>stipendiis</strong></span> <span class='ocrx_word' id='word_1_247' title='bbox 799 3483 1039 3581; x_wconf 74' lang='lat' dir='ltr'><strong>praeornatur.</strong></span> <span class='ocrx_word' id='word_1_248' title='bbox 1077 3497 1129 3558; x_wconf 86' lang='lat' dir='ltr'><strong>Ab</strong></span> <span class='ocrx_word' id='word_1_249' title='bbox 1148 3495 1250 3557; x_wconf 86' lang='lat' dir='ltr'><strong>&#39;exor-</strong></span> 
     </span>
     <span class='ocr_line' id='line_1_32' title="bbox 61 3588 1249 3684; baseline 0.003 -26"><span class='ocrx_word' id='word_1_250' title='bbox 61 3588 141 3659; x_wconf 71' lang='lat' dir='ltr'><strong>&#39;dio</strong></span> <span class='ocrx_word' id='word_1_251' title='bbox 162 3601 245 3663; x_wconf 89' lang='lat' dir='ltr'><strong>enim</strong></span> <span class='ocrx_word' id='word_1_252' title='bbox 281 3600 358 3663; x_wconf 87' lang='lat' dir='ltr'><strong>fidei</strong></span> <span class='ocrx_word' id='word_1_253' title='bbox 400 3610 434 3664; x_wconf 89' lang='lat' dir='ltr'><strong>ct</strong></span> <span class='ocrx_word' id='word_1_254' title='bbox 466 3604 500 3664; x_wconf 93' lang='lat' dir='ltr'><strong>in</strong></span> <span class='ocrx_word' id='word_1_255' title='bbox 528 3603 633 3665; x_wconf 89' lang='lat' dir='ltr'><strong>veteri</strong></span> <span class='ocrx_word' id='word_1_256' title='bbox 660 3605 867 3664; x_wconf 75' lang='lat' dir='ltr'><strong>&#39;l&#39;estameuto</strong></span> <span class='ocrx_word' id='word_1_257' title='bbox 900 3602 1065 3684; x_wconf 87' lang='lat' dir='ltr'><strong>gentilium</strong></span> <span class='ocrx_word' id='word_1_258' title='bbox 1098 3618 1194 3683; x_wconf 87' lang='lat' dir='ltr'><strong>reges</strong></span> <span class='ocrx_word' id='word_1_259' title='bbox 1209 3608 1249 3672; x_wconf 87' lang='lat' dir='ltr'><strong>et</strong></span> 
     </span>
     <span class='ocr_line' id='line_1_33' title="bbox 92 3702 1343 3792; baseline 0.003 -30"><span class='ocrx_word' id='word_1_260' title='bbox 92 3702 250 3786; x_wconf 88' lang='lat' dir='ltr'><strong>principes</strong></span> <span class='ocrx_word' id='word_1_261' title='bbox 270 3705 429 3788; x_wconf 88' lang='lat' dir='ltr'><strong>pecunias</strong></span> <span class='ocrx_word' id='word_1_262' title='bbox 450 3713 483 3768; x_wconf 89' lang='lat' dir='ltr'><strong>et</strong></span> <span class='ocrx_word' id='word_1_263' title='bbox 506 3705 638 3768; x_wconf 86' lang='lat' dir='ltr'><strong>donaria</strong></span> <span class='ocrx_word' id='word_1_264' title='bbox 659 3707 817 3769; x_wconf 88' lang='lat' dir='ltr'><strong>miserunt</strong></span> <span class='ocrx_word' id='word_1_265' title='bbox 837 3707 1076 3790; x_wconf 89' lang='lat' dir='ltr'><strong>Jerosolymam</strong></span> <span class='ocrx_word' id='word_1_266' title='bbox 1098 3705 1172 3788; x_wconf 87' lang='lat' dir='ltr'><strong>bia,</strong></span> <span class='ocrx_word' id='word_1_267' title='bbox 1193 3702 1249 3786; x_wconf 87' lang='lat' dir='ltr'><strong>qui</strong></span> <span class='ocrx_word' id='word_1_268' title='bbox 1341 3787 1343 3792; x_wconf 65' lang='lat'><strong>,</strong></span> 
     </span>
     <span class='ocr_line' id='line_1_34' title="bbox 94 3805 1249 3900; baseline 0.007 -38"><span class='ocrx_word' id='word_1_269' title='bbox 94 3805 137 3864; x_wconf 90' lang='lat' dir='ltr'><strong>ibt</strong></span> <span class='ocrx_word' id='word_1_270' title='bbox 155 3806 273 3872; x_wconf 72' lang='lat' dir='ltr'><strong>‹liliuis</strong></span> <span class='ocrx_word' id='word_1_271' title='bbox 299 3811 444 3872; x_wconf 82' lang='lat' dir='ltr'><strong>servitiis</strong></span> <span class='ocrx_word' id='word_1_272' title='bbox 465 3812 675 3900; x_wconf 86' lang='lat' dir='ltr'><strong>insistebant,</strong></span> <span class='ocrx_word' id='word_1_273' title='bbox 697 3812 782 3872; x_wconf 88' lang='lat' dir='ltr'><strong>sicut</strong></span> <span class='ocrx_word' id='word_1_274' title='bbox 803 3812 974 3874; x_wconf 80' lang='lat' dir='ltr'><strong>manifeste</strong></span> <span class='ocrx_word' id='word_1_275' title='bbox 994 3821 1082 3894; x_wconf 91' lang='lat' dir='ltr'><strong>patet</strong></span> <span class='ocrx_word' id='word_1_276' title='bbox 1101 3815 1136 3871; x_wconf 93' lang='lat' dir='ltr'><strong>in</strong></span> <span class='ocrx_word' id='word_1_277' title='bbox 1158 3809 1249 3871; x_wconf 87' lang='lat' dir='ltr'><strong>libris</strong></span> 
     </span>
     <span class='ocr_line' id='line_1_35' title="bbox 96 3901 1246 3996; baseline 0.008 -31"><span class='ocrx_word' id='word_1_278' title='bbox 96 3901 263 3975; x_wconf 79' lang='lat' dir='ltr'><strong>ustme&#39;t.</strong></span> <span class='ocrx_word' id='word_1_279' title='bbox 291 3931 361 3996; x_wconf 89' lang='lat' dir='ltr'><strong>cap.</strong></span> <span class='ocrx_word' id='word_1_280' title='bbox 385 3916 414 3976; x_wconf 86' lang='lat' dir='ltr'><strong>l.</strong></span> <span class='ocrx_word' id='word_1_281' title='bbox 435 3921 467 3976; x_wconf 90' lang='lat' dir='ltr'><strong>et</strong></span> <span class='ocrx_word' id='word_1_282' title='bbox 486 3932 556 3995; x_wconf 87' lang='lat' dir='ltr'><strong>cup.</strong></span> <span class='ocrx_word' id='word_1_283' title='bbox 577 3915 637 3982; x_wconf 85' lang='lat' dir='ltr'><strong>vt.</strong></span> <span class='ocrx_word' id='word_1_284' title='bbox 660 3922 691 3976; x_wconf 88' lang='lat' dir='ltr'><strong>et</strong></span> <span class='ocrx_word' id='word_1_285' title='bbox 714 3913 785 3977; x_wconf 85' lang='lat' dir='ltr'><strong>Vll.</strong></span> <span class='ocrx_word' id='word_1_286' title='bbox 807 3923 840 3977; x_wconf 87' lang='lat' dir='ltr'><strong>et</strong></span> <span class='ocrx_word' id='word_1_287' title='bbox 859 3915 1039 3980; x_wconf 88' lang='lat' dir='ltr'><strong>Nebcmiae</strong></span> <span class='ocrx_word' id='word_1_288' title='bbox 1062 3933 1090 3976; x_wconf 91' lang='lat' dir='ltr'><strong>c.</strong></span> <span class='ocrx_word' id='word_1_289' title='bbox 1112 3915 1142 3978; x_wconf 75' lang='lat'><strong>2.</strong></span> <span class='ocrx_word' id='word_1_290' title='bbox 1168 3923 1200 3974; x_wconf 87' lang='lat' dir='ltr'><strong>et</strong></span> <span class='ocrx_word' id='word_1_291' title='bbox 1216 3913 1246 3975; x_wconf 79' lang='lat'><strong>3.</strong></span> 
     </span>
     <span class='ocr_line' id='line_1_36' title="bbox 97 4007 1249 4082; baseline 0.007 -15"><span class='ocrx_word' id='word_1_292' title='bbox 97 4007 186 4072; x_wconf 73' lang='lat' dir='ltr'><strong>lllsm.</strong></span> <span class='ocrx_word' id='word_1_293' title='bbox 218 4018 248 4077; x_wconf 84' lang='grc'><strong>4.</strong></span> <span class='ocrx_word' id='word_1_294' title='bbox 271 4024 303 4078; x_wconf 88' lang='lat' dir='ltr'><strong>et</strong></span> <span class='ocrx_word' id='word_1_295' title='bbox 322 4019 352 4080; x_wconf 71' lang='lat'><strong>2.</strong></span> <span class='ocrx_word' id='word_1_296' title='bbox 374 4017 521 4081; x_wconf 79' lang='lat' dir='ltr'><strong>Maccab.</strong></span> <span class='ocrx_word' id='word_1_297' title='bbox 544 4019 574 4082; x_wconf 83' lang='grc'><strong>3.</strong></span> <span class='ocrx_word' id='word_1_298' title='bbox 619 4015 685 4079; x_wconf 80' lang='lat' dir='ltr'><strong>sec</strong></span> <span class='ocrx_word' id='word_1_299' title='bbox 705 4027 739 4080; x_wconf 87' lang='lat' dir='ltr'><strong>et</strong></span> <span class='ocrx_word' id='word_1_300' title='bbox 759 4021 792 4081; x_wconf 91' lang='lat' dir='ltr'><strong>iu</strong></span> <span class='ocrx_word' id='word_1_301' title='bbox 822 4038 907 4081; x_wconf 91' lang='lat' dir='ltr'><strong>novo</strong></span> <span class='ocrx_word' id='word_1_302' title='bbox 943 4019 1150 4081; x_wconf 72' lang='lat' dir='ltr'><strong>&#39;testamento</strong></span> <span class='ocrx_word' id='word_1_303' title='bbox 1180 4024 1249 4076; x_wconf 87' lang='lat' dir='ltr'><strong>erat</strong></span> 
     </span>
     <span class='ocr_line' id='line_1_37' title="bbox 99 4111 1248 4205; baseline 0.008 -34"><span class='ocrx_word' id='word_1_304' title='bbox 99 4111 196 4176; x_wconf 88' lang='lat' dir='ltr'><strong>beatis</strong></span> <span class='ocrx_word' id='word_1_305' title='bbox 211 4118 377 4200; x_wconf 84' lang='lat' dir='ltr'><strong>Apostolis</strong></span> <span class='ocrx_word' id='word_1_306' title='bbox 399 4123 573 4205; x_wconf 79' lang='lat' dir='ltr'><strong>singularis</strong></span> <span class='ocrx_word' id='word_1_307' title='bbox 595 4138 682 4203; x_wconf 85' lang='lat' dir='ltr'><strong>cura,</strong></span> <span class='ocrx_word' id='word_1_308' title='bbox 700 4130 736 4183; x_wconf 93' lang='lat' dir='ltr'><strong>ut</strong></span> <span class='ocrx_word' id='word_1_309' title='bbox 757 4121 902 4186; x_wconf 83' lang='lat' dir='ltr'><strong>tacerent</strong></span> <span class='ocrx_word' id='word_1_310' title='bbox 921 4125 954 4186; x_wconf 91' lang='lat' dir='ltr'><strong>in</strong></span> <span class='ocrx_word' id='word_1_311' title='bbox 973 4121 1155 4185; x_wconf 88' lang='lat' dir='ltr'><strong>nationibus</strong></span> <span class='ocrx_word' id='word_1_312' title='bbox 1175 4117 1248 4180; x_wconf 88' lang='lat' dir='ltr'><strong>aliis</strong></span> 
     </span>
     <span class='ocr_line' id='line_1_38' title="bbox 101 4215 1249 4310; baseline 0.008 -35"><span class='ocrx_word' id='word_1_313' title='bbox 101 4215 244 4282; x_wconf 87' lang='lat' dir='ltr'><strong>collectas</strong></span> <span class='ocrx_word' id='word_1_314' title='bbox 271 4225 420 4310; x_wconf 89' lang='lat' dir='ltr'><strong>probis,</strong></span> <span class='ocrx_word' id='word_1_315' title='bbox 450 4229 505 4310; x_wconf 89' lang='lat' dir='ltr'><strong>qui</strong></span> <span class='ocrx_word' id='word_1_316' title='bbox 537 4233 628 4288; x_wconf 80' lang='lat' dir='ltr'><strong>ararit</strong></span> <span class='ocrx_word' id='word_1_317' title='bbox 648 4226 681 4287; x_wconf 91' lang='lat' dir='ltr'><strong>in</strong></span> <span class='ocrx_word' id='word_1_318' title='bbox 713 4226 915 4308; x_wconf 89' lang='lat' dir='ltr'><strong>Jerusalem,</strong></span> <span class='ocrx_word' id='word_1_319' title='bbox 952 4227 984 4288; x_wconf 91' lang='lat' dir='ltr'><strong>in</strong></span> <span class='ocrx_word' id='word_1_320' title='bbox 1014 4243 1076 4308; x_wconf 92' lang='lat' dir='ltr'><strong>quo</strong></span> <span class='ocrx_word' id='word_1_321' title='bbox 1111 4223 1249 4304; x_wconf 77' lang='lat' dir='ltr'><strong>legimus</strong></span> 
     </span>
    </p>
   </div>
   <div class='ocr_carea' id='block_1_3' title="bbox 99 4327 1248 4486">
    <p class='ocr_par' dir='ltr' id='par_1_5' title="bbox 99 4327 1248 4486">
     <span class='ocr_line' id='line_1_39' title="bbox 99 4327 1248 4424; baseline 0.009 -45"><span class='ocrx_word' id='word_1_322' title='bbox 99 4331 236 4390; x_wconf 74' lang='lat' dir='ltr'><strong>saltuum</strong></span> <span class='ocrx_word' id='word_1_323' title='bbox 267 4327 402 4424; x_wconf 69' lang='lat' dir='ltr'><strong>Ppulum</strong></span> <span class='ocrx_word' id='word_1_324' title='bbox 431 4330 637 4414; x_wconf 84' lang='lat' dir='ltr'><strong>singulariter</strong></span> <span class='ocrx_word' id='word_1_325' title='bbox 669 4329 771 4392; x_wconf 84' lang='lat' dir='ltr'><strong>fuisse</strong></span> <span class='ocrx_word' id='word_1_326' title='bbox 800 4337 1007 4414; x_wconf 88' lang='lat' dir='ltr'><strong>occupatum,</strong></span> <span class='ocrx_word' id='word_1_327' title='bbox 1046 4335 1080 4390; x_wconf 86' lang='lat' dir='ltr'><strong>et</strong></span> <span class='ocrx_word' id='word_1_328' title='bbox 1101 4334 1248 4390; x_wconf 89' lang='lat' dir='ltr'><strong>sanctum</strong></span> 
     </span>
     <span class='ocr_line' id='line_1_40' title="bbox 1004 4428 1039 4486; baseline -0.057 0"><span class='ocrx_word' id='word_1_329' title='bbox 1004 4428 1039 4486; x_wconf 90' lang='lat' dir='ltr'><strong>2t</strong></span> 
     </span>
    </p>
   </div>
   <div class='ocr_carea' id='block_1_4' title="bbox 0 0 1458 4872">
    <p class='ocr_par' dir='ltr' id='par_1_6' title="bbox 0 0 1458 4872">
     <span class='ocr_line' id='line_1_41' title="bbox 0 0 1458 4872; baseline 0 0"><span class='ocrx_word' id='word_1_330' title='bbox 0 0 1458 4872; x_wconf 95' lang='lat' dir='ltr'><strong> </strong></span> 
     </span>
    </p>
   </div>
  </div>
 </body>
</html>
