2842 4882
785 289 850 352 tut

235 473 363 538 emicuit
381 480 412 534 et
434 472 467 534 io
492 467 664 553 splendere
684 469 788 551 Virgo
813 469 957 552 glorioso
974 479 1078 531 mater
1096 467 1234 534 Domini
1258 471 1394 536 dulcissi-

235 595 289 656 ror¹
307 578 356 638 ele
378 574 526 658 apparuit
549 583 592 657 et,
614 591 657 634 oe
677 574 785 638 sloco
806 584 870 636 taur
893 584 1006 636 sunmo
1027 574 1256 658 discederent,
1275 595 1393 658 pnetr-

234 681 282 764 pit
309 684 550 762 securitathnc
580 678 741 761 pollicito¹
762 697 839 740 mox
869 679 1036 760 disposuit.
1077 679 1218 740 Fratres
1247 700 1332 763 ergo
1349 683 1392 741 la

234 785 363 847 visione
385 783 542 848 consolati
565 782 698 844 ulterius
720 780 974 863 descenderunt,
1000 783 1114 864 gravis
1135 792 1252 844 tomen
1277 789 1390 848 tentatio

233 906 292 952 ces
313 889 411 952 movit
430 895 622 967 metuentes,
643 891 685 948 n'e
706 885 787 949 sorte
809 887 1000 968 phantasma
1012 895 1112 967 esset,
1132 886 1222 968 quod
1243 889 1387 950 vioemr

235 993 319 1058 Cum
336 1011 414 1076 ergo
432 992 472 1056 ad
495 993 600 1056 locum
619 992 728 1073 lentis,
741 992 796 1054 nbi
818 1002 895 1053 tuuc
915 1007 999 1072 aque
1018 989 1106 1050 nulla
1127 1000 1209 1070 crat,
1222 993 1387 1052 venissen.

235 1097 447 1194 substiterunt
475 1099 585 1181 ibique
610 1097 714 1158 Deum
747 1093 898 1156 devotius
918 1103 1151 1174 exoraverunt,
1186 1103 1244 1175 ut,
1280 1099 1311 1156 si
1330 1111 1387 1153 vera

236 1201 354 1264 luisset
374 1203 540 1284 apparitio,
552 1199 585 1263 id
605 1198 712 1281 ulique
733 1201 828 1282 cigno
848 1201 898 1260 eis
918 1196 995 1259 dato
1012 1197 1186 1258 ostendere
1208 1196 1385 1280 digmremr.

237 1303 328 1368 Mirr·
346 1323 416 1385 res,
438 1325 513 1368 mcx
533 1304 598 1367 illis
630 1304 795 1365 crantibus
818 1302 891 1364 lons
912 1303 1015 1384 vivus
1042 1300 1084 1382 de
1104 1299 1286 1363 durissimo
1315 1315 1385 1382 pern

237 1405 278 1469 sd
301 1407 385 1470 latus
413 1427 521 1470 eornm
543 1408 665 1488 erupit,
691 1408 745 1469 ubi
776 1406 866 1487 prins
887 1422 948 1467 nee
968 1405 1277 1488 aquaevcstiginm
1303 1423 1386 1486 appa·

236 1510 315 1590 ruit,
338 1519 531 1592 oramusque
555 1509 725 1594 plurimum
746 1509 937 1571 laetificavit
957 1518 990 1570 et
1011 1526 1032 1568 ι
1052 1515 1130 1570 tunc
1154 1527 1268 1592 nsque
1288 1511 1321 1570 in
1341 1511 1385 1568 boc

236 1629 322 1674 rrrrnc
353 1613 452 1674 llnere
472 1633 536 1677 non
564 1615 722 1677 cessavit:
754 1612 794 1675 de
815 1597 911 1695 petra¹
937 1611 1118 1674 scaturiens
1148 1613 1386 1674 ascendentibu

235 1724 373 1800 orontem
397 1717 470 1778 sive
497 1709 769 1780 descendentibus
799 1716 916 1778 multae
936 1725 986 1777 cst
1015 1715 1261 1780 consolationis.
1304 1717 1386 1796 sign

236 1839 315 1904 crgo
336 1821 443 1884 habito
476 1822 591 1886 iratres
613 1841 685 1886 enm
716 1820 839 1884 laetitia
860 1818 1094 1882 descenderunt
1116 1805 1386 1882 et‘menasten'un

176 1937 197 1954 ¹·
235 1943 308 1988 cum
332 1931 400 1988 tota
427 1925 684 2016 circumferentia
713 1923 899 1986 mundatum
922 1941 942 1984 a
974 1923 1139 1986 vermibus
1159 1933 1350 2004 repercmnt
1367 1933 1387 1980 e.

235 2049 299 2094 nen
323 2027 417 2093 medo
440 2029 549 2112 procul
581 2029 655 2092 inde
692 2010 903 2110 aufugerunt,
938 2027 996 2090 sed
1018 2045 1123 2110 usqne
1156 2028 1193 2086 in
1214 2027 1387 2089 hodiernum

236 2131 319 2196 diem
344 2142 510 2216 nequeunt
526 2135 781 2216 appropinquare
792 2131 864 2193 leco
884 2130 997 2212 eidem,
1016 2141 1048 2193 et
1070 2132 1099 2192 si
1119 2129 1318 2212 quandoque
1333 2149 1388 2191 scr·

235 2254 317 2317 pens
347 2237 387 2299 ab
418 2244 508 2300 extra
545 2245 693 2319 apparet,
722 2237 844 2316 statim,
872 2244 909 2297 nt
936 2237 1036 2298 muris
1070 2235 1386 2319 appropinquaverat.

236 2340 378 2402 meritur.
613 2335 617 2342 ’
1076 2343 1077 2348 ’

321 2441 399 2503 Cnm
420 2441 502 2504 haec
523 2459 543 2504 a
564 2442 663 2505 fratre
684 2441 862 2505 Nlcodemo
885 2440 1139 2523 audivissem,
1160 2441 1270 2504 Deum
1292 2441 1390 2505 laud·

235 2541 341 2603 vimns
361 2551 395 2604 et
416 2543 558 2625 ingressi
579 2545 734 2628 capellum
755 2547 973 2607 intemeratam
996 2546 1131 2608 Mariam
1151 2546 1327 2628 Virginem
1347 2563 1390 2605 sa·

167 2719 178 2744 l
234 2643 407 2708 letavimns
429 2655 460 2707 et
483 2646 701 2730 indulgentias
724 2649 784 2730 (†)
805 2657 980 2730 septennes
1000 2638 1185 2729 accepimns
1221 2650 1322 2712 dictis
1345 2667 1391 2710 ιιι-

236 2745 376 2839 tiphonis
412 2759 444 2811 ct
483 2751 656 2815 versiculis
691 2770 730 2817 ae
768 2751 913 2814 collectis
947 2752 981 2814 in
1024 2752 1263 2834 processionali
1302 2763 1391 2816 terrae

235 2861 368 2915 sanetae
389 2853 536 2935 signatis.
830 2928 835 2936 ,

318 2955 370 3019 Ab
392 2957 446 3020 illo
468 2955 597 3022 demum
630 2955 948 3022 locoasccndeotes
981 2959 1079 3021 multo
1113 2975 1188 3019 cnm
1221 2956 1339 3021 labore
1364 2953 1393 3016 ad

235 3077 342 3121 arcum
366 3061 514 3123 venimus
535 3059 712 3143 lapideum,
736 3062 790 3143 qni
817 3062 856 3122 ab
878 3079 942 3123 nne
964 3061 1064 3123 latere
1093 3059 1275 3142 crepidinis
1303 3077 1392 3142 nsan

206 3171 208 3178 '
235 3161 275 3224 ad
298 3161 383 3225 alind
405 3171 516 3226 tensus
538 3164 719 3244 inkmodnm
742 3173 855 3247 portae
876 3173 1028 3226 curvatur
1050 3173 1082 3225 et
1104 3161 1144 3224 de
1167 3167 1301 3246 magnis
1325 3183 1392 3246 qoa-

235 3265 335 3329 dralis
357 3265 515 3350 lapidibus
546 3269 772 3330 vetustissimo
794 3286 892 3349 opere
912 3277 962 3330 est
996 3268 1119 3347 iactus,
1151 3285 1214 3328 nec
1237 3279 1333 3349 patet
1353 3269 1392 3328 vir

237 3385 384 3452 snrsnm,
405 3355 465 3433 nisi
491 3370 654 3453 perillam
675 3380 817 3452 portam,
845 3388 930 3452 qnae
948 3380 1055 3436 tamen
1074 3369 1180 3432 valvis
1210 3380 1317 3436 caret.
1359 3371 1391 3430 lb

234 3479 323 3532 certa
344 3469 512 3537 didicimus
534 3456 732 3556 narratione}
743 3473 827 3557 qued
848 3472 1162 3536 nnllusiudaeornm
1185 3473 1276 3536 hanc
1295 3482 1408 3557 potes,

235 3572 361 3656 ingredi
381 3583 521 3658 portam,
549 3586 581 3638 et
602 3577 664 3640 hee
683 3555 804 3659 pluries
827 3577 927 3639 fertur
948 3578 1131 3659 probatum,
1154 3576 1231 3659 quia
1248 3578 1306 3639 vel
1340 3563 1408 3640 ter?

236 3694 310 3739 rcrc
329 3677 383 3738 vel
404 3677 509 3761 alique
525 3681 688 3758 miraculo,
715 3682 768 3746 hie
787 3681 862 3744 dnm
883 3680 1042 3760 verrerint,
1063 3681 1127 3760 (lo)
1150 3680 1394 3762 repelluntur«

234 3778 428 3862 produntur,
457 3783 584 3845 etiamsi
612 3783 737 3846 occulte
766 3783 923 3846 accedere
955 3784 1063 3846 cetrati
1096 3784 1234 3846 luerunt.
1282 3789 1394 3867 urguo

234 3883 317 3944 eninr
344 3881 504 3947 desiderio
526 3895 676 3949 aestuant
696 3888 808 3950 videre
840 3887 944 3949 locum
976 3887 1106 3950 lationis
1123 3905 1205 3949 snae
1225 3885 1338 3972 legis,
1360 3891 1394 3950 sir

233 3993 268 4046 nt
289 4003 349 4046 nos
371 3988 551 4068 appetimus
573 3989 685 4053 videre
705 3991 807 4054 locum
830 3991 1050 4052 crucifixionis
1072 3992 1173 4053 nestn’
1191 3991 1396 4073 legislatoris

234 4085 301 4151 Sed
323 4088 383 4150 sub
415 4089 475 4152 bac
497 4101 588 4173 perta
620 4095 815 4176 subsistunt,
837 4097 1016 4176 rigescunt,
1053 4094 1244 4170 tabescunt,
1272 4109 1399 4160 contre·

235 4191 375 4252 miscunt
402 4200 433 4251 et
469 4196 656 4276 rejiciuntur
677 4198 786 4261 divino
808 4197 970 4260 miraculo.
1001 4194 1146 4279 Conligit
1167 4217 1317 4281 namque
1337 4213 1397 4264 ante

235 4285 295 4374 bos
316 4304 428 4367 attilus,
443 4295 529 4372 qnod
550 4297 678 4376 quidam
700 4300 846 4363 Judacns
865 4299 990 4364 mutato
1012 4301 1120 4364 babitu
1144 4308 1176 4361 et
1198 4300 1395 4368 ‹lissi-olm
