2842 4882
782 253 847 320 tl!

234 437 376 522 vestigia
396 433 591 518 manuus,
625 433 712 520 quod
734 435 810 500 olim
831 435 953 500 inerint
983 434 1148 500 bominum
1183 436 1381 502 hauimrioo

234 542 429 626 Repenmus
460 542 545 602 enim
578 555 678 622 snpra
709 557 771 604 nes
801 541 865 604 llll
898 557 1035 624 magnas
1065 547 1221 606 mumtas
1258 545 1381 606 eisteru

234 656 380 722 veteres,
413 663 472 728 per
492 662 625 727 quarum
650 646 819 708 eirenitum
849 644 1001 726 jaeebant
1022 644 1144 708 multae
1172 645 1381 710 iraeturael

233 761 338 816 terum
359 755 394 813 et
413 749 558 814 betilium
579 757 612 812 et
626 750 753 812 soerias
774 749 947 832 fabrorum,
967 748 1185 813 etvidebatur
1202 751 1321 832 uobis,
1343 768 1381 832 qu

233 856 310 920 illae
330 856 495 920 sistemae
515 871 581 918 nen
596 854 737 918 luissent
753 855 860 918 laetae
874 873 935 938 pro
955 873 1041 938 aqna
1060 853 1198 937 potabili
1212 852 1381 937 recipient

232 959 291 1026 sed
322 969 360 1024 ut
387 961 421 1024 in
451 960 501 1022 eis
533 957 628 1022 limus
649 967 893 1042 praepararetur
922 957 1162 1040 prolatoribus
1185 966 1225 1020 et
1255 959 1381 1022 limilibn

232 1065 384 1130 Vidimus
405 1071 513 1128 autem
534 1063 569 1126 in
589 1065 672 1146 ipsis
697 1065 849 1126 eistemis
869 1063 1033 1127 cadavera
1062 1079 1263 1144 magnorum
1291 1073 1326 1124 et
1345 1063 1381 1124 lm

233 1170 374 1235 ridorurn
394 1175 579 1250 serpentum
601 1177 633 1232 et
655 1169 838 1232 animalium
860 1167 953 1232 nobis
975 1168 1231 1249 ineognitorum.
1278 1167 1381 1249 lleperi

233 1293 307 1338 mus
331 1274 426 1336 etiam
447 1291 545 1336 unum
574 1275 802 1340 coemeterium
819 1272 997 1357 *gentilium
1019 1279 1051 1334 et
1080 1270 1164 1334 alias
1192 1271 1307 1334 multa
1331 1272 1381 1334 forr

232 1381 318 1442 mina
347 1385 382 1440 et
403 1377 512 1440 fossos
533 1376 638 1440 laetas
667 1378 708 1440 ab
731 1377 914 1441 haminibus
940 1375 983 1440 ad
1005 1374 1234 1458 quaerendum
1257 1393 1381 1440 marmor

232 1482 322 1563 alba,
340 1498 425 1565 quae
447 1480 490 1544 tle
508 1481 690 1546 uisceribus
713 1482 802 1546 illius
822 1491 928 1545 terrae
950 1482 1172 1548 extrahuntur.
1221 1479 1381 1543 Quodn

231 1603 358 1651 omnem
380 1584 442 1648 looi
464 1583 552 1649 illius
571 1588 671 1650 situm
692 1596 781 1669 puto,
802 1587 965 1669 regionem
987 1585 1073 1651 illam
1097 1602 1174 1648 osse
1199 1583 1319 1648 Gades
1332 1587 1381 1646 lin·

232 1707 333 1770 neae,
355 1690 388 1752 in
409 1706 474 1772 qua
494 1688 624 1753 liximns
646 1691 784 1757 tentoria
807 1708 879 1754 eum
901 1690 1168 1772 festinantiafnt
1191 1703 1381 1773 eoquarerra

234 1795 328 1867 nobis
348 1811 462 1876 esoas,
483 1785 562 1857 nam'
576 1793 632 1858 illo
653 1794 707 1858 die
729 1794 870 1858 nondum
890 1797 1000 1878 pransi
1022 1794 1151 1858 luimus.
1190 1791 1380 1856 Praeoeden

233 1903 317 1962 enlm
337 1916 476 1981 vespera
496 1898 682 1981 paravimus
703 1902 797 1964 nobis
818 1917 934 1964 earnes
970 1918 1028 1983 pro
1059 1897 1196 1981 prandio
1222 1898 1318 1960 illins
1337 1895 1379 1957 iia

149 2071 152 2078 Δ
231 2005 291 2069 sed
313 2003 387 2068 dum
410 2020 526 2068 earnes
550 2001 591 2064 de
612 2004 755 2068 saeeulis
775 2004 1028 2087 produceremus
1049 2004 1082 2065 in
1105 2003 1212 2066 asinis
1245 2002 1377 2066 sedentes

231 2109 409 2192 reperimus
440 2125 499 2188 aas
530 2106 659 2190 putrido
693 2109 816 2172 foetore
849 2109 989 2178 iniectas
1019 2117 1050 2170 et
1082 2125 1154 2170 oum
1189 2125 1324 2172 nausea
1346 2119 1377 2166 en

231 2212 426 2298 projecimus
447 2220 480 2274 et
501 2197 633 2276 oaseum
655 2197 729 2275 uum
749 2213 934 2294 paximatiis
951 2212 1007 2275 vel
1028 2212 1162 2274 biseotis
1182 2217 1250 2294 pro
1276 2209 1376 2296 prandi¹

231 2317 421 2398 sumsimus,
444 2317 636 2380 excessivos
649 2318 742 2380 enirn
765 2316 868 2398 ealor,
891 2335 986 2400 quem
1007 2316 1196 2400 habuimus,
1232 2338 1294 2401 per
1315 2317 1376 2378 nra

232 2417 348 2481 simum
370 2436 518 2503 eampum
543 2422 637 2486 nobis
655 2439 772 2485 earnes
793 2428 987 2504 corruperat.
1030 2420 1183 2484 Misimus
1205 2431 1317 2486 autem
1335 2419 1376 2480 aa>

231 2525 341 2586 uarios
363 2532 493 2588 nostros
515 2543 587 2588 oum
610 2526 736 2590 utribus
756 2533 791 2588 et
810 2525 972 2607 amphoris
993 2523 1034 2587 ad
1056 2523 1265 2590 afferendam
1292 2541 1376 2608 aquen

232 2637 395 2692 recautum
427 2626 468 2691 tle
489 2629 638 2713 ·quadam
672 2630 770 2711 longe
791 2628 931 2694 distante
963 2631 1120 2712 osterna,
1150 2647 1215 2695 uos
1252 2651 1326 2696 vere
1341 2645 1377 2710 per

232 2734 396 2816 regionem
429 2733 567 2816 dispersi
595 2752 708 2798 sumus
727 2733 780 2808 ,ad
812 2733 1035 2816 colligendum.
1059 2743 1228 2798 sarmenta
1258 2745 1292 2802 et
1317 2737 1375 2818 lige

232 2839 405 2921 preigne,
438 2837 498 2900 sed
533 2857 597 2902 nen
625 2839 802 2921 reperimus
832 2839 895 2902 uisi
926 2835 1017 2905 arida
1038 2838 1223 2921 arbustula,
1260 2853 1374 2925 quaes

231 2941 365 3006 humore
385 2941 609 3025 praecedentis
632 2943 747 3031 hiemis
766 2956 941 3008 oraverant
959 2950 994 3005 et
1015 2944 1077 3005 iam
1092 2941 1243 3008 lirnditus
1265 2961 1373 3010 exaret·

232 3054 320 3127 rant3
354 3048 414 3110 bas
442 3065 517 3110 oum
543 3045 706 3112 radicibus
742 3047 783 3111 de
815 3049 911 3112 humo
943 3049 1140 3114 extraximus
1176 3056 1211 3110 et
1242 3049 1372 3112 eumuna

232 3167 383 3232 magnum
405 3169 462 3232 pre
484 3152 560 3234 igne
581 3154 874 3234 comportavimus,
897 3169 958 3214 neo
979 3158 1051 3215 erat
1069 3152 1188 3234 abquis
1217 3155 1305 3218 inter
1327 3167 1371 3216 noa

178 3251 184 3258 ’
232 3253 288 3336 qui
309 3255 347 3315 ab
368 3253 430 3318 boe
450 3256 560 3320 labore
581 3245 751 3320 haberetur
771 3265 996 3338 supportatus;
1030 3258 1204 3320 ourrebant
1236 3263 1320 3323 enim
1338 3271 1372 3340 pa

231 3373 363 3439 oampos
388 3359 573 3428 saeerdotes
601 3360 762 3444 religiosi,
794 3363 944 3443 eomites,
977 3379 1112 3425 saronas
1140 3369 1173 3424 et
1205 3357 1369 3428 militesrt

169 3507 171 3510 -
230 3460 445 3544 colligendum
476 3464 566 3546 ligna
605 3473 659 3530 aut
690 3465 855 3551 materiam
892 3466 1158 3530 combustibilem.
1214 3465 1370 3532 Sarmenti

229 3575 338 3629 autom
368 3570 574 3650 comportatis
602 3570 657 3632 diu
688 3587 760 3632 eum
799 3569 958 3634 desiderio
987 3569 1255 3654 exspectavimus
1288 3585 1371 3655 aqum

137 3731 142 3744 ,
228 3669 287 3736 sed
323 3671 492 3737 tardabant
525 3675 657 3738 asinarii
683 3674 797 3755 valde,
833 3677 909 3758 quia
939 3683 1090 3758 pastores
1123 3673 1271 3756 regionis
1299 3687 1372 3739 eost

226 3783 324 3858 puteo
346 3776 547 3860 repulerant,
569 3788 602 3842 et
623 3797 696 3842 eum
717 3781 780 3844 hoo
800 3780 1035 3864 puteus'longe
1057 3777 1207 3842 distabat.
1252 3780 1373 3846 'laudea

225 3887 332 3972 autern¹
354 3880 494 3946 obtentis
516 3901 588 3948 eum
608 3884 802 3950 difficultate
822 3888 916 3969 aquis
940 3892 1099 3948 venerunt
1117 3883 1150 3946 in
1172 3900 1296 3950 eumn
1315 3883 1374 3948 sol'a

225 4004 299 4050 eum
321 3985 446 4050 utribus
467 3989 610 4071 repletis.
653 3991 734 4052 Erat
755 3999 861 4054 autem
890 3990 984 4054 nobis
1002 3989 1157 4080 primitus
1188 3989 1290 4053 valde
1315 3992 1376 4054 aba·

224 4089 388 4154 rninabilis
418 4107 504 4174 aqua
524 4094 558 4156 iu
578 4098 719 4177 utrlbns,
751 4097 828 4178 quia
859 4095 900 4158 de
927 4095 1055 4158 utribus
1087 4092 1232 4156 eolorem
1262 4099 1376 4170 rubens

224 4197 318 4278 quasi
338 4195 620 4278 sanguinolentum
642 4206 676 4261 et
697 4217 844 4282 saporem
866 4199 988 4264 salsnrn
1009 4199 1170 4264 uentrexlt
1187 4215 1231 4262 ex
1252 4205 1376 4266 mora

225 4313 351 4362 omnem
373 4301 560 4383 qualitatem
594 4300 794 4366 delicabilem
825 4305 933 4368 amisit
960 4305 992 4366 iu
1014 4304 1138 4368 utribus
1167 4311 1202 4366 et
1224 4305 1289 4370 m‘bi
1309 4305 1375 4372 roei
