2896 4872
734 251 808 328 m
832 275 837 284 ⁸
984 363 987 370 .

184 396 317 520 l0ll¹l¹l²r
339 429 401 513 Μ.
429 438 462 494 θῐ
483 392 620 514 parvola
639 436 732 494 aetas
753 432 810 508 bis¹
834 432 1070 516 spiritualibus·
1085 433 1268 498 exercitiis
1301 435 1396 495 iusi-

186 541 307 620 stebat,
339 536 406 600 Sed
427 538 476 600 ira
495 537 558 599 Dei
579 537 612 599 in
630 529 739 618 patulo
761 539 942 602 vehemens
962 549 1043 622 erat,
1063 557 1126 601 neo
1136 539 1283 620 mirum,
1311 556 1390 600 uam

186 645 283 710 nimis
301 651 336 706 et
356 641 465 724 olorus
484 651 519 724 et
541 641 681 734 popolus
701 644 736 703 in
758 641 854 704 luxus
875 645 986 712 varios
1007 661 1047 705 sa
1060 642 1239 724 'affuderat
1253 636 1277 724 ,’
1294 651 1390 718 tota·
1424 635 1425 640 ’

116 773 119 780 ·
186 767 251 835 que
271 757 357 812 terra
377 747 434 810 illa
464 747 662 810 facinoribus
684 753 716 807 et
750 747 884 828 flagitiis
913 746 1140 838 sordescebat,
1168 749 1330 830 insuper
1358 757 1388 808 et

186 858 242 940 qui
265 849 431 936 religionis
451 851 684 933 praeferebant·
697 851 852 933 habitum,
865 841 1287 941 regularis't'emperautiae
1313 863 1387 914 tur-

186 963 272 1044 piter
301 959 385 1022 fines
407 965 642 1046 axoesserant,
669 956 765 1038 pauoi
791 964 901 1044 orant,
931 975 1013 1038 qnos
1036 957 1091 1018 vel
1120 952 1301 1020 avaritiae
1331 958 1385 1019 vel

187 1066 332 1131 luxuriae
354 1062 483 1126 morbus
502 1080 568 1124 non
588 1059 744 1124 inficeret.
766 1061 983 1124 luministris
1004 1061 1117 1143 templi
1139 1078 1261 1128 sacer.
1283 1062 1384 1124 zelus

187 1179 221 1233 at
250 1168 416 1232 eontentio
446 1173 515 1230 erat
546 1158 717 1250 admodum
751 1173 784 1226 at
805 1165 943 1256 litigium
974 1185 1042 1246 pro.
1061 1166 1269 1249 ambitione,
1304 1186 1381 1228 nam

187 1274 306 1338 milites
334 1270 445 1353 templi
478 1280 511 1333 et
539 1270 744 1354 hospitalium
779 1261 917 1333 ministri
947 1277 1057 1332 contra
1088 1271 1323 1350 patriarcham
1349 1277 1380 1332 et

188 1380 359 1462 episeopus
394 1374 601 1438 deoertabant
638 1375 684 1436 et'
714 1375 934 1454 exemtiorres'
962 1375 1161 1456 quaerebant
1205 1395 1378 1460 suamque

188 1483 305 1546 falcem
325 1482 358 1547 itt
390 1457 531 1542 messem
553 1479 692 1542 alienam
714 1480 903 1560 mittebant,
935 1480 990 1561 qni
1013 1462 1180 1540 tamenin
1204 1483 1376 1563 principio

188 1586 396 1651 iustitutionis
411 1603 526 1658 ¹eornm
548 1586 696 1646 subesse·
706 1582 905 1666 gaudebant..
924 1571 1143 1670 simonianam
1166 1579 1374 1666 pravitate!

189 1692 388 1756 committere
403 1675 474 1772 'pro
496 1689 596 1752 nihilo
622 1688 782 1752 ducebant
819 1699 852 1752 et
884 1686 1076 1750 dominicum
1097 1689 1323 1770 sepulchrum
1345 1701 1374 1752 et

162 1799 294 1870 ¹locum
316 1795 563 1858 resurrectionis
583 1797 732 1876 personis
765 1794 998 1877 indignissimis
1023 1811 1080 1876 per
1112 1796 1299 1880 simoniam
1322 1797 1372 1859 irr-

189 1903 345 1967 troductis
368 1897 501 1962 oottidia
530 1899 723 1980 replebarrt.¹
749 1900 887 1981 Propter
915 1897 1001 1980 quod
1030 1915 1147 1992 munus
1180 1901 1372 1980 gratissimi

189 2010 276 2092 iguis
297 2005 423 2068 soilioot
444 2003 596 2066 ooolestis
617 2005 650 2066 in
672 2013 767 2066 nooto
789 2005 1028 2066 sacratissimae
1046 2005 1191 2088 paschae
1215 2023 1238 2066 a
1256 2005 1370 2068 diviua

104 2165 109 2174 .
190 2111 363 2178 elementia
377 2108 481 2180 ‚datus
502 2099 535 2174 in
557 2110 716 2191 principio.
752 2118 895 2190 tempore
924 2107 1096 2184 Gothfrjdr',
1112 2109 1269 2192 regiaet
1289 2110 1369 2180 Bal-

191 2217 280 2281 dnini
303 2220 326 2279 l.
350 2224 384 2277 et
405 2213 553 2276 Balduini
575 2215 630 2295 ll.,
654 2213 829 2276 retardavit
849 2213 1048 2278 descendere
1070 2213 1110 2276 ad
1132 2216 1367 2278 ascensionem

192 2323 346 2386 luminum
370 2319 570 2394 „ultimorum
596 2337 711 2400 regum,
740 2321 947 2402 temporibus.
995 2321 1055 2398 ,Do
1084 2338 1148 2401 quo
1171 2319 1259 2401 igue
1292 2320 1366 2382 vide

192 2443 301 2508 supra.
355 2424 398 2485 nt
426 2425 454 2484 si
488 2424 594 2486 oleras
623 2425 674 2487 his
705 2423 797 2485 malis
819 2424 959 2486 iuieotrrs
988 2424 1066 2506 fuit,
1101 2424 1266 2506 quomodo
1286 2425 1365 2508 Spi-

193 2529 276 2593 ritus
294 2528 398 2609 potuit
420 2533 495 2589 ‘esse
515 2525 672 2592 sanctus?
712 2536 714 2540 ’

210 2669 215 2680 ·
275 2633 377 2693 Faota
399 2627 494 2690 etiam
518 2627 623 2692 fuerat
643 2632 827 2694 Jerusalem
849 2633 1022 2722 Aegyptus
1044 2641 1076 2694 et
1090 2617 1361 2712 'Sodoma-sirni-

123 2757 127 2762 ·
193 2737 278 2800 libus
301 2732 615 2817 transgressionibus
637 2738 777 2821 polluta,
805 2755 879 2798 nam
901 2737 1066 2801 tota'urbs
1088 2745 1159 2800 erat
1180 2737 1281 2818 pleua
1300 2739 1360 2800 ho-

194 2842 299 2928 spitiis
321 2841 455 2924 privatis
461 2881 472 2920 ,
495 2849 526 2900 et
548 2838 589 2902 de
609 2845 695 2905 omni
715 2844 860 2925 natione,
883 2861 968 2924 quae
988 2843 1049 2906 sub
1071 2834 1162 2904 ooelo
1184 2850 1248 2923 est,
1270 2851 1356 2906 eraut
1424 2825 1425 2836 ἵ

194 2949 341 3030 hospites
374 2965 393 3008 a
424 2946 493 3009 suis
529 2948 623 3010 terris
654 2958 784 3030 propter
816 2948 959 3010 facinora
986 2946 1115 3030 exules,
1147 2945 1201 3010 vel
1230 2957 1357 3030 propter

194 3055 364 3136 mulieres,
389 3054 479 3134 'quas
508 3068 618 3114 secum
655 3059 835 3134 traxerant,
866 3054 899 3114 in
922 3052 991 3115 suis
1021 3051 1116 3138 terris
1145 3069 1302 3134 apparere
1325 3061 1354 3116 et

196 3177 328 3222 manere
349 3177 414 3222 nou
435 3155 601 3238 volentes,
623 3156 675 3217 vel
699 3166 830 3239 propter
862 3155 986 3239 debita,
1019 3173 1103 3239 qnae
1125 3155 1210 3219 domi
1231 3157 1353 3220 solvere

142 3335 144 3338 ¹
196 3265 380 3344 nequibant,
403 3260 534 3324 exsules
564 3263 597 3323 irr
624 3261 824 3342 Jerusalem,
857 3261 1065 3343 hospitalitati
1097 3263 1227 3343 intenti,
1259 3262 1352 3328 luorts

196 3366 404 3448 insistebant,
436 3365 491 3426 vel
520 3365 605 3448 quod
631 3376 762 3449 propter
795 3351 1142 3448 encommrirrioatiouos
1173 3385 1302 3428 manere
1320 3370 1350 3427 in

196 3468 267 3532 solo
286 3471 413 3550 proprio
441 3488 505 3532 non
535 3478 694 3553 poterant,
716 3471 931 3553 Jerosolymis
953 3471 1140 3552 manebant,
1161 3478 1195 3533 et
1216 3470 1350 3534 nonnulli

196 3572 340 3636 luorandi
362 3591 462 3636 eausa
484 3575 525 3637 de
545 3575 713 3640 occidente
734 3577 767 3638 in
789 3578 944 3640 orientem
964 3574 1158 3638 domicilium
1181 3575 1350 3648 transfere·

194 3679 282 3742 bant.
327 3678 371 3738 Et
393 3677 510 3742 milites
531 3680 867 3761 sepulohridominioi
904 3688 937 3740 et
958 3679 1068 3761 templi
1089 3679 1243 3742 custodes
1268 3680 1348 3742 multi

148 3825 149 3830 κ
195 3791 296 3863 eraut,
319 3791 351 3846 et
371 3783 403 3845 iu
425 3790 516 3846 tanta
534 3784 735 3848 multitudine
762 3785 857 3867 pauoi
878 3792 980 3865 erant,
1002 3785 1065 3846 nisi
1086 3783 1245 3860 scelerati,
1260 3785 1347 3866 impii,

195 3896 355 3971 raptores,
378 3887 546 3971 sacrilegi,
569 3889 763 3972 homicidae,
785 3889 914 3972 perjuri,
935 3889 1081 3970 adulteri,
1108 3897 1144 3950 ut
1165 3889 1243 3952 dicit
1253 3889 1348 3950 liern-

195 3991 315 4058 hardus
336 3994 370 4056 iu
391 3992 548 4074 Sermone
569 3994 609 4056 ad
632 3997 750 4060 milites
771 3995 900 4078 templi,
928 3993 1009 4076 Cap.
1030 3993 1062 4060 5.
1102 3993 1224 4076 Sioqua
1243 3993 1346 4058 divitas

194 4107 308 4164 sanota
329 4099 416 4162 facta
439 4098 500 4160 suit
520 4099 680 4182 refugium
710 4101 949 4163 malefactomm
975 4106 1018 4174 ,et
1042 4098 1137 4181 plena
1158 4107 1227 4162 orat
1246 4096 1347 4181 hospi-

194 4208 248 4270 tiis
269 4205 466 4285 inhonestis,
488 4205 521 4267 in
545 4205 661 4286 quibus
681 4206 845 4288 toronae,
878 4205 1034 4288 orapulao
1069 4213 1103 4266 et
1123 4202 1208 4269 ludis
1230 4221 1346 4286 operam

195 4309 314 4374 dabant
334 4309 513 4392 peregrini,
538 4318 707 4391 postquam
729 4310 802 4374 looa
822 4320 938 4376 saneta
959 4311 1181 4374 visitaverant.
