2896 4872
184 387 411 466 orientemque
431 381 532 444 aruir
547 379 690 464 domni,
705 379 748 443 de
767 333 905 464 ιιιοιιιι
921 399 1054 444 numero
1069 389 1123 442 est
1141 399 1208 442 rex
1222 379 1393 461 Aegypti.

191 487 372 568 Soidanus,
405 492 440 548 et
467 503 581 550 omues
615 487 669 550 eoi
689 485 845 550 mriales:
880 485 914 546 hi
940 503 1002 546 uec
1031 486 1140 567 legem
1171 484 1393 546 Machounoi

190 609 253 656 aec
274 589 397 656 Christi
419 590 625 674 euangelium
644 600 772 694 euram,
792 589 855 652 sed
877 588 1100 672 voluptatibus
1122 608 1283 672 operam
1309 588 1390 650 daut.

663 755 739 818 XV.
762 755 890 818 Judaei.

273 907 311 972 lu
345 904 450 971 medio
492 906 632 969 omnium
675 907 788 970 horum
830 916 907 970 suut
946 904 1065 968 Judaei
1109 904 1322 986 exsecrati,
1360 916 1386 964 ut

191 1013 286 1076 etiam
310 1010 470 1074 tribulatio
492 1018 525 1073 et
545 1011 677 1074 vexatio
696 1009 795 1074 muita
816 1010 940 1094 operiat
955 1012 1003 1072 eis
1019 1008 1249 1090 intellectum,
1267 1011 1385 1090 ubique

191 1119 276 1180 enim
305 1136 364 1199 per
396 1115 505 1178 orbem
535 1115 657 1197 captivi
680 1124 713 1177 et
740 1117 843 1199 spreti
874 1124 968 1197 suut,
999 1115 1194 1197 habentque
1227 1117 1330 1176 inter
1353 1134 1383 1174 so

192 1221 341 1285 diversas
374 1227 500 1301 sectas,
531 1227 568 1280 ut
589 1225 667 1279 sunt
696 1219 891 1282 Seruaritani
928 1229 961 1282 et
991 1219 1130 1298 Esseni,
1168 1228 1210 1280 et
1234 1223 1381 1281 continui

191 1326 268 1390 novi
280 1309 413 1388 errores¹
424 1324 510 1387 iuter
530 1341 588 1387 eor
608 1331 771 1406 crescunt,
787 1323 831 1386 de
847 1324 964 1408 quihus
980 1323 1080 1386 multa
1097 1321 1220 1386 dicere
1232 1342 1377 1406 possen.

570 1487 661 1552 XVI.
685 1487 861 1553 Christiani
882 1490 984 1554 latini.

271 1637 404 1720 Degunt
439 1637 474 1700 in
508 1638 691 1704 Jerusalem
730 1640 908 1722 Christiani
939 1642 1050 1724 lobni,
1084 1641 1119 1702 iu
1159 1641 1320 1704 ecelesia
1347 1651 1372 1702 et

149 1813 160 1834 ·
191 1743 389 1806 monasterio
411 1743 531 1805 montis
553 1743 645 1826 Syon
665 1746 781 1809 iratres
807 1748 954 1809 Minores
975 1749 1035 1812 suh
1057 1754 1186 1827 promta
1212 1748 1370 1809 obedier-

191 1847 238 1912 tie
259 1855 291 1909 et
312 1846 504 1929 evangelica
523 1849 602 1928 vita,
618 1847 660 1910 de
681 1851 798 1934 quibus
819 1853 853 1913 iu
874 1849 1143 1914 antecedentibus
1162 1851 1276 1912 muita
1297 1851 1366 1912 diri

189 1951 236 2016 iii
256 1951 317 2016 toli
338 1954 415 2016 totis
443 1951 640 2035 praecordiis
662 1932 791 2036 optant,
818 1961 855 2018 ut
876 1955 1041 2017 christiani
1056 1955 1239 2036 principes
1274 1958 1366 2016 veui-

191 2065 247 2120 ant
273 2067 305 2122 et
326 2057 492 2120 Romanae
523 2055 682 2120 eeclesiae
704 2067 737 2120 et
764 2061 897 2141 imperio
919 2063 1027 2124 omnia
1046 2058 1248 2142 subjiciant,
1281 2059 1363 2144 qued

190 2161 441 2244 disponeretur,
463 2159 518 2243 tini
538 2163 611 2253 siue
629 2164 765 2226 termino
788 2173 910 2246 regnat.

272 2266 324 2328 De
345 2265 499 2347 praefatis
519 2267 619 2352 sectis
637 2263 842 2351 et'geutibus
863 2268 939 2331 vide
960 2287 1060 2350 supra
1083 2266 1138 2329 ioh
1164 2267 1240 2332 tan
1262 2269 1302 2328 R
1332 2279 1360 2328 et

190 2367 225 2432 in
255 2367 419 2432 Buroardo
448 2370 534 2432 circa
561 2371 657 2436 iiuern
690 2372 917 2455 descriptionis
943 2381 1049 2434 terrae
1076 2381 1232 2454 sanotae,
1262 2383 1299 2434 et
1327 2376 1357 2432 ir

190 2473 447 2553 peregrinatione
481 2473 601 2538 domiui
638 2476 753 2540 decani
788 2479 1051 2560 Mogontineusis
1082 2487 1116 2540 et
1143 2480 1179 2538 in
1213 2476 1354 2559 Speculo

190 2575 302 2638 histor.
331 2582 367 2637 et
396 2574 430 2635 in
462 2576 624 2645 Chronico
651 2582 819 2648 Antonini.
864 2581 961 2644 Multi
992 2591 1100 2644 tamen
1121 2580 1163 2642 de
1194 2581 1249 2644 bis
1274 2583 1355 2643 seri-

190 2677 307 2750 bentes
360 2679 434 2742 siue
485 2681 675 2750 haeresibus
718 2686 828 2750 dicunt
880 2705 937 2748 eos
981 2703 1057 2748 ease
1110 2686 1286 2748 orientales
1323 2695 1352 2746 et

190 2781 324 2847 laudant
345 2803 454 2848 eorum
483 2789 733 2872 simplieitatem.
776 2791 844 2854 Sed
864 2793 927 2854 hoc
957 2789 1032 2852 oiim
1066 2800 1142 2853 aute
1162 2788 1222 2853 CC
1254 2809 1351 2852 ιιιιιιι

190 2891 349 2975 eiceret,
372 2893 496 2956 interea
516 2903 622 2958 autem
643 2916 772 2977 omnes,
793 2896 910 2959 demtis
929 2895 1074 2978 Latinis,
1092 2896 1245 2977 posim
1266 2915 1352 2959 erre-

191 2995 280 3060 rihus
311 3007 388 3060 sunt
420 2997 588 3082 depravati
621 3002 709 3063 etin
732 3001 803 3064 dies
831 3000 904 3082 plus
936 2987 1167 3082 depravantur,
1196 3017 1270 3062 curu
1290 3021 1350 3062 nor

191 3099 330 3164 habeant
350 3103 526 3168 catholicos
548 3103 697 3168 doctores
718 3115 752 3168 et
777 3102 1027 3190 praedicatores,
1045 3123 1108 3170 nec
1128 3106 1277 3188 accipere
1295 3125 1349 3170 eus

191 3203 308 3269 volunt
333 3209 478 3272 contenti
500 3209 579 3274 mori
598 3211 633 3274 in
654 3211 725 3274 suis
746 3209 919 3274 erroribus.
