2962 5022
15 662 20 672 .
116 612 249 699 queurlo
269 611 332 676 liei
353 625 453 674 eeuee
474 611 508 672 lu
529 627 638 676 eoram
668 611 739 674 leoe
770 611 935 694 venimus,
958 619 1031 674 sunt
1053 609 1147 674 nobis
1168 607 1238 674 duri
1260 617 1294 673 et

7 757 9 782 .
115 721 248 802 penites
280 716 405 782 notiore
438 715 605 780 oberitetle
632 731 714 799 opus
742 715 835 778 nobie
865 713 1052 798 impendunt
1075 724 1107 778 et
1139 713 1294 800 quidquid

7 865 9 874 2
115 827 239 920 iaciunt
254 823 358 902 nobis,
378 801 487 884 rmore
505 819 705 884 denariorum
728 817 860 902 laniunt,
879 821 963 884 eleut
978 818 1161 904 semermi,
1183 821 1239 906 qni
1259 821 1293 884 in

7 987 8 992 ,
114 929 227 992 multis
248 926 377 992 bdelins
398 943 436 988 se
458 926 576 989 hebent
601 925 641 988 sd
674 941 752 1006 uos,
773 941 868 1006 quem
899 924 973 1006 ipsi.
1016 923 1180 1009 Expertus
1209 943 1293 1009 surr,

7 1077 11 1100 .
115 1033 204 1118 quod
227 1051 291 1096 neu
313 1031 450 1094 libenter
470 1032 616 1112 aperiunt
632 1029 793 1092 eoelesiee
811 1030 927 1092 ostium
950 1031 1131 1113 peregrino,
1154 1030 1217 1094 nisi
1239 1030 1294 1094 vi·

7 1181 9 1204 .
115 1141 217 1204 dunt
248 1145 417 1220 emendum
445 1142 625 1218 promptum
659 1153 717 1218 pro
750 1133 945 1218 aperition03
974 1150 1037 1195 non
1068 1133 1294 1216 impertiuntur

114 1253 227 1328 potum
250 1257 355 1324 equae
376 1241 441 1302 nisi
462 1245 680 1322 comparatum
711 1247 863 1318 ergento,
885 1255 946 1300 neo
968 1237 1111 1302 obtinere
1132 1238 1293 1321 potuimus

115 1347 217 1410 uelde
237 1345 404 1428 praeibas,
427 1350 464 1406 ut
486 1341 646 1426 aliquibus
676 1337 832 1405 militibus
859 1343 1088 1408 osloeamentis
1107 1343 1294 1408 oarentlbns

113 1449 333 1536 providerent,
355 1446 415 1510 sed
435 1448 543 1515 omnia
562 1445 766 1527 denegabant
789 1455 832 1528 et,
854 1466 938 1532 quse
959 1449 1122 1532 denegere
1143 1465 1207 1512 non
1228 1465 1290 1530 po-

115 1563 235 1638 terent,
257 1563 350 1617 terve
373 1551 464 1614 vultu
486 1559 519 1614 et
539 1567 611 1614 oum
633 1550 855 1633 indignatione
875 1552 1005 1637 dabani,
1032 1553 1095 1617 sed
1118 1552 1209 1636 J'usto
1228 1550 1292 1616 Ilei

7 1729 8 1732 ,
110 1659 237 1743 jndiolo
266 1655 425 1738 oentlngit
457 1658 508 1718 eie
539 1653 635 1718 iilud·
653 1655 789 1719 dietum:
821 1654 908 1739 qnod
939 1656 1052 1722 honori
1082 1657 1290 1741 sublabitur,

114 1761 308 1847 turpitudini
322 1768 514 1824 reservatur.
539 1758 740 1823 Subtrahnnt
754 1762 840 1824 enlm
855 1761 1033 1846 peregrinis
1051 1762 1292 1847 sumptionem

114 1869 264 1948 biierem,
285 1871 398 1928 eontra
418 1862 452 1927 id
475 1864 503 1927 1.
527 1863 615 1926 i’etri
636 1863 711 1930 iV.t
734 1865 922 1949 Hospiteles
943 1867 1084 1930 invloem
1105 1869 1178 1931 sine
1199 1885 1289 1935 mur·

114 1973 303 2038 moratione.
336 1967 408 2032 Neo
429 1967 551 2032 leniunt
572 1969 656 2031 siout
679 1969 878 2054 leronymus
902 1970 996 2034 dioitr
1019 1971 1153 2055 Omnes,
1175 1973 1291 2055 inquit,

115 2077 264 2160 hospites
294 2073 380 2136 laete
410 2072 515 2135 fronte
544 2075 739 2156 suspicimus
770 2084 802 2138 ot
835 2075 937 2158 pedes
966 2073 1142 2156 abluimus,
1162 2082 1291 2156 preater

113 2181 306 2246 haeretieoe.
358 2176 481 2240 ideireo
510 2177 579 2242 ileo
610 2178 801 2263 disponente
834 2186 995 2262 eoguntur
1025 2177 1225 2242 Sarracenos
1253 2184 1289 2242 et

114 2284 265 2353 infideles
293 2282 437 2364 Arabes,
468 2282 623 2365 latrones,
655 2283 743 2346 iures
785 2284 916 2347 oottidie
945 2283 1083 2366 hospitio
1121 2283 1291 2364 eusoipore

115 2394 190 2456 siue
218 2405 395 2468 murmure,
421 2387 496 2470 qula
527 2405 625 2469 opera
648 2389 777 2450 minima
805 2387 967 2471 derregent
995 2383 1289 2463 domesticorum,

116 2496 237 2580 qulbus
259 2493 370 2576 potins
390 2489 647 2554 subveniendum
671 2502 759 2556 osset
778 2510 872 2576 quam
894 2491 1094 2574 infidelibus,
1114 2507 1186 2553 eum
1209 2505 1291 2572 spo-

121 2599 227 2665 stolus
254 2596 357 2661 diaeta
378 2595 522 2660 birxime
552 2593 593 2657 ed
622 2594 814 2661 domesticos
839 2596 1102 2680 lidei,ilal.V1.
1142 2594 1215 2658 Neo
1236 2611 1291 2656 re-

122 2704 268 2788 spiolunt
285 2701 340 2766 vei
360 2707 499 2783 pensent
526 2708 731 2783 praeoeptnm
753 2717 871 2765 neruum
894 2701 1030 2766 Catonis
1053 2701 1206 2766 dicentis:
1228 2697 1292 2762 Cui

118 2809 186 2892 des,
202 2807 322 2872 videto.
351 2806 392 2868 Et
407 2806 483 2887 qula
499 2822 562 2866 non
581 2803 667 2887 dorni,
682 2807 733 2868 oni
749 2805 901 2871 deberent
918 2816 949 2870 et
963 2809 1018 2892 qul
1040 2816 1153 2890 gratus
1164 2803 1205 2868 de
1220 2824 1292 2867 mo-

117 2911 200 2976 dieis
221 2918 322 2991 esset,
337 2917 498 2992 eoguntur
517 2908 594 2972 dere
615 2910 824 2993 abundanter,
839 2911 891 2972 eni
913 2927 977 2974 uon
999 2909 1163 2994 deberent,
1179 2911 1292 2991 ingra-

115 3015 255 3086 tissimis
277 3014 412 3076 canibus
435 3013 608 3095 Arabibns,
629 3031 691 3076 neo
705 3014 807 3078 Deum
832 3030 893 3076 rreo
911 3013 1073 3076 bominem
1095 3012 1289 3077 curantibus.

118 3119 269 3202 Singulis
290 3117 374 3180 enlm
403 3116 518 3182 diebus
548 3116 626 3180 dant
647 3133 749 3199 panes
779 3124 814 3178 et
834 3115 1031 3198 pulmentum
1061 3115 1101 3178 ad
1124 3115 1229 3177 minus
1248 3107 1293 3176 80

118 3222 283 3288 Arabibue
307 3220 438 3303 deserti,
453 3222 640 3303 latronibus,
655 3229 687 3284 et
699 3221 1049 3308 oommnniter'oentnm
1071 3219 1216 3296 veniunt,
1229 3214 1292 3278 eli·

118 3325 247 3409 puerulo
267 3325 387 3408 plores,
407 3335 441 3388 et
473 3327 502 3388 si
524 3343 586 3387 non
609 3325 717 3387 stetim
747 3324 888 3386 tribuere
909 3321 1034 3404 volunt,
1056 3320 1142 3405 quod
1163 3327 1289 3403 petunt,

119 3440 230 3494 cotnra
262 3448 321 3494 eos
353 3431 523 3512 insurgunt
554 3438 585 3490 et
620 3429 850 3491 monesterium
875 3429 1073 3511 perturbent.
1115 3422 1291 3489 Abundaut

115 3537 200 3598 enim
223 3544 255 3598 et
276 3535 494 3618 provisionem
518 3535 669 3616 pinguem
691 3531 827 3613 habent3
850 3550 923 3594 ruam
945 3528 1075 3615 qnidam
1108 3528 1290 3611 arehiepis-

119 3656 221 3722 oopus
244 3639 413 3720 oretonsis,
427 3645 549 3700 amator
563 3637 600 3706 S.
618 3635 809 3699 catharinae
824 3635 972 3720 virginis,
987 3634 1074 3700 dedit
1097 3623 1291 3700 monasterio

118 3742 263 3806 deeimes
276 3744 415 3827 majores
429 3743 529 3806 totius
551 3741 677 3805 insulae
699 3750 729 3804 et
749 3741 865 3806 telonei
888 3751 1009 3826 partem
1032 3744 1065 3808 in
1080 3743 1176 3828 Ther,
1193 3758 1290 3826 preo-

120 3855 170 3910 ter
195 3847 270 3929 alia,
292 3863 376 3930 quse
397 3847 594 3929 ignoramus.
635 3849 773 3929 insuper
797 3848 838 3911 do
859 3857 925 3912 toto
948 3848 1196 3914 christianismo
1218 3849 1294 3910 mit-

117 3959 228 4014 tuntur
258 3950 306 4012 eis
334 3951 444 4034 plures
472 3951 700 4035 eleemosynae
726 3954 892 4037 amultis,
918 3955 973 4038 qni
995 3955 1188 4033 aestiment,
1208 3954 1292 4012 bene

114 4070 182 4116 rem
205 4052 398 4137 dispensem,
411 4065 443 4118 et
464 4057 607 4139 pessime
628 4065 705 4118 sunt
726 4073 901 4139 expensae.
930 4059 1015 4120 Nam
1037 4057 1102 4138 ipsi
1123 4051 1290 4118 monaehi-

115 4164 182 4219 met
196 4174 261 4220 uon
274 4157 392 4223 debent
407 4159 585 4223 sustentari
604 4176 625 4219 a
641 4157 801 4240 lidelibns,
813 4177 886 4220 oum
907 4143 974 4220 siut
988 4158 1155 4236 haeretiei,
1171 4151 1288 4237 quibus

115 4259 206 4321 nuile
236 4261 445 4348 eleemosyna
471 4281 533 4326 neo
553 4249 663 4343 legata
689 4267 765 4321 sunt
793 4259 954 4342 iaciendo,
975 4270 1011 4321 ut
1044 4258 1140 4321 habet
1172 4272 1288 4322 eonon.

114 4363 167 4426 lix
188 4363 273 4428 datis
303 4369 398 4430 etism
419 4373 603 4430 sustentant
623 4362 751 4426 Arabes
774 4361 926 4442 latrones,
949 4362 1005 4446 qni
1036 4362 1143 4445 potius
1176 4367 1289 4422 assent

119 4467 298 4553 oooldendi,
314 4489 375 4536 neo
395 4469 567 4556 quidquam
582 4466 751 4531 aediileent
774 4485 831 4550 pro
849 4465 911 4528 Ilei
932 4465 1063 4547 bonore,
1085 4472 1118 4527 et
1138 4465 1168 4528 sl
1190 4463 1288 4528 etiam

248 4795 268 4840 t
