2926 5050
209 644 242 696 et
277 631 324 696 illi
361 639 488 694 montes
532 627 628 711 juxta
680 625 837 708 Sicltam,
885 645 969 709 quus
1011 626 1122 694 dicunt
1160 647 1245 694 esse
1291 631 1376 694 Gari-

208 737 273 802 alm
294 743 329 799 et
358 735 481 817 Hebal,
510 743 587 796 sunt
616 735 701 794 inter
721 749 760 794 se
780 731 957 813 distantes,
986 750 1047 796 nec
1078 742 1219 816 possunt
1246 734 1376 798 invicem

209 839 467 904 benedicentium
490 847 545 901 aut
566 835 825 900 maledicentium
845 835 948 899 audiri
963 855 1075 920 voces.
1097 838 1164 902 Alii
1187 859 1274 900 vero
1294 857 1375 900 mon·

208 943 328 1008 ticulea
348 960 447 1025 supra
470 942 628 1024 capellam
650 939 689 1010 S.
709 940 870 1004 Johaunis
892 949 925 1002 et
957 941 1042 1004 iufra
1062 940 1240 1024 Galgalam
1274 941 1376 1005 volunt

209 1049 318 1114 dicore
339 1049 401 1112 hos
421 1046 503 1112 duos
524 1065 608 1110 esse.
654 1043 722 1108 Sed
745 1062 807 1108 nac
827 1045 890 1107 hoo
909 1045 988 1108 mibi
1010 1046 1155 1128 videtur,
1184 1049 1270 1129 quia
1293 1064 1376 1108 mon·

208 1153 299 1218 tiauli
318 1153 365 1216 illi
386 1169 451 1214 uon
472 1159 550 1215 suut
578 1151 641 1214 uisi
661 1149 807 1230 arenosi,
839 1150 1031 1230 comportati
1061 1169 1119 1232 per
1145 1161 1290 1232 ventos,
1325 1168 1377 1212 uec

207 1267 344 1342 possent
366 1273 486 1338 capere
517 1263 640 1317 tautum
674 1253 827 1336 populum
866 1262 898 1314 ot
925 1261 973 1316 tot
993 1255 1174 1338 principes,
1213 1265 1250 1318 at
1273 1255 1377 1316 altaria

208 1363 250 1428 de
271 1360 433 1444 lapidibus
458 1355 614 1437 impolitis
642 1373 707 1418 non
741 1365 856 1439 posset
875 1374 976 1420 uena
1005 1365 1150 1441 portare,
1172 1362 1267 1423 sicut
1289 1377 1376 1442 prae·
1427 1403 1428 1406 ,

208 1475 337 1549 ceptum
359 1464 420 1526 fuit
440 1460 488 1525 ta.

292 1569 473 1630 'l'eueamus
503 1582 674 1647 argaeum
701 1567 797 1628 beato
818 1565 1036 1650 Hieronymo,
1066 1567 1152 1649 quod
1174 1577 1308 1631 montes
1327 1567 1375 1646 illi,

208 1691 290 1758 quos
310 1671 351 1735 ad
375 1671 461 1734 latus
482 1669 628 1733 dextrum
651 1669 831 1752 habuimus,
854 1667 999 1734 Gerizim
1021 1680 1053 1732 et
1073 1672 1188 1754 Hebal,
1205 1673 1241 1735 in
1266 1673 1374 1755 quibus

207 1785 355 1862 poterant
376 1774 543 1858 principes
564 1773 628 1836 ΧΠ
649 1774 788 1838 tribuum
820 1782 909 1836 stare
935 1783 970 1836 et
999 1773 1116 1838 altaria
1146 1763 1325 1842 aedificare
1346 1781 1372 1834 et

208 1882 249 1946 ad
281 1880 480 1944 seinvicem
509 1876 753 1940 maledictiones
785 1885 820 1940 et
840 1877 1083 1941 benedictiones
1108 1879 1283 1944 clamando
1305 1897 1373 1961 pro·
1427 1903 1428 1906 ¹

208 1981 370 2065 nuntiare,
388 1991 423 2045 et
441 1981 580 2064 populus
602 1983 635 2042 iu
657 2000 770 2064 campo
791 1991 883 2044 stans
905 2000 963 2044 eos
983 1991 1109 2064 poterat
1128 1983 1251 2046 audire.
1427 1971 1428 1998 *

291 2088 344 2152 Ad
366 2087 491 2150 illorum
515 2088 669 2148 montium
692 2095 859 2168 aspectum
879 2087 1103 2168 obstupuimus
1119 2098 1252 2170 propter
1274 2086 1372 2151 horri-

209 2193 293 2258 biles
328 2191 571 2256 maledictiones
601 2191 647 2252 ihi
680 2190 713 2254 in
744 2191 1019 2271 praevaricatores
1052 2192 1134 2274 legis
1161 2192 1267 2273 latas,
1297 2207 1372 2273 quae

209 2300 367 2364 habentur
388 2297 482 2359 Dent.
504 2294 555 2359 27.
581 2304 615 2357 et
634 2296 685 2359 28.
707 2294 781 2357 Nec
802 2293 886 2356 dicat
909 2293 1124 2378 Christianus,
1145 2295 1231 2379 quod
1247 2295 1371 2360 Judae·
1425 2367 1426 2378 χ

208 2422 298 2466 orum
332 2403 451 2464 luerint
481 2400 637 2464 duntaxat
677 2398 739 2460 hae
770 2396 1012 2461 maledictiones
1050 2410 1083 2460 et
1121 2399 1370 2462 benedictiones.

210 2505 295 2568 Sunt
316 2514 349 2566 et
375 2504 655 2583 Christianorum,
677 2500 762 2565 unda
782 2502 898 2565 Matth.
920 2501 974 2564 V.:
1005 2504 1069 2564 nisi
1087 2503 1301 2566 abundaverit
1321 2503 1370 2583 ju-

211 2609 301 2670 stitia
317 2615 444 2686 vestra,
463 2607 537 2688 plus
554 2626 650 2690 quam
672 2608 848 2668 scribarum
872 2616 932 2669 eto.
959 2607 1010 2668 lix
1030 2591 1146 2688 quibus
1168 2617 1269 2690 patet,
1291 2603 1370 2690 quod

211 2710 411 2773 abundanter
422 2728 482 2771 nos
506 2718 715 2792 tarrgantsuo
736 2710 830 2772 modo
850 2711 883 2772 in
905 2711 979 2791 illis,
1002 2730 1086 2794 quae
1106 2722 1180 2795 post
1202 2711 1370 2774 adventum

210 2813 341 2876 Domini
361 2811 523 2878 servanda
540 2820 638 2874 ararit.
682 2812 803 2876 Contra
824 2816 905 2877 istos
923 2833 1002 2896 ergo
1039 2827 1164 2880 montes
1186 2834 1296 2897 genua
1316 2816 1370 2876 ile-

211 2920 318 2985 xlmus
346 2927 379 2981 et
398 2916 570 2981 Dominum
595 2917 747 2979 montium
769 2920 1004 2981 invocavimus.
1282 2903 1289 2910 “
1427 2909 1428 2914 ’

211 3150 286 3249 (Β)
310 3151 369 3227 De
391 3151 486 3248 loco,
511 3152 546 3226 in
574 3172 644 3251 quo
670 3149 776 3251 pueri
801 3149 1005 3226 deriserunt
1025 3150 1238 3224 helizaeum
1259 3151 1369 3224 calum

685 3269 907 3372 prophetant.

294 3455 484 3516 Avertimus
515 3460 751 3532 consequenter
782 3469 842 3514 nos
872 3470 892 3513 a
926 3451 1087 3514 montibus
1119 3449 1371 3514 benedictionum

212 3563 245 3617 et
267 3555 527 3618 maledictionum
547 3561 579 3614 et
601 3551 641 3614 ad
660 3554 786 3617 radices
804 3556 959 3618 montium
972 3552 1200 3632 Quareutanae
1214 3554 1371 3627 venimus

212 3669 386 3741 sequentes
409 3675 512 3738 aquae
534 3657 704 3719 decursum
739 3678 800 3740 per
820 3660 923 3740 viam,
955 3679 1019 3742 pua
1039 3662 1104 3722 itur
1135 3679 1155 3722 a
1186 3659 1318 3722 Jerioho
1341 3657 1371 3714 in

211 3760 343 3842 Bethel,
371 3780 430 3843 per
450 3778 543 3842 quam
565 3761 661 3821 etiam
686 3761 824 3844 legimus
846 3764 1056 3826 adscendisse
1077 3764 1267 3826 Helisaeum
1296 3777 1372 3841 pro·

208 3866 340 3949 phetam
362 3868 393 3926 4.
408 3865 528 3946 RegAE.
552 3862 617 3940 Qui
638 3864 711 3928 dum
732 3868 776 3930 ihi
795 3867 1018 3950 adscenderet,
1041 3869 1167 3950 egressi
1187 3875 1260 3927 sum
1282 3861 1371 3946 pueri
1427 3847 1428 3890 i

211 3972 303 4051 parvi
325 3970 367 4031 de
386 3970 517 4032 Jerioho
538 3977 614 4051 post
635 3973 739 4036 virum
761 3982 927 4055 sanctum,
950 3981 983 4034 et
1003 3971 1174 4034 irridentes
1196 3967 1372 4032 illudebant

211 4075 254 4156 ei,
276 4081 372 4155 atque
394 4074 591 4136 clamabant:
614 4074 779 4138 adscende
799 4076 903 4141 calve.
950 4075 1041 4154 Quos
1062 4085 1097 4138 ut
1117 4075 1274 4159 propheta
1294 4069 1383 4164 vidit

211 4185 243 4240 et
264 4177 403 4261 audivit,
425 4179 535 4261 stetit,
565 4180 669 4241 oravit
705 4189 737 4242 et
769 4183 878 4263 puerit
898 4180 965 4243 illis
984 4181 1159 4244 maledixit
1198 4181 1243 4240 El
1264 4176 1368 4238 statim
1427 4187 1428 4202 ¹

211 4283 340 4364 egressi
362 4287 437 4346 sunt
459 4281 522 4346 duo
543 4286 612 4346 ursi
633 4283 675 4346 de
695 4283 781 4348 saltu
802 4293 835 4348 et
858 4285 1097 4348 devoraverunt
1118 4284 1211 4345 XLll
1242 4297 1367 4363 pueros.

208 4385 260 4450 Ex
282 4405 347 4468 quo
368 4395 475 4470 patet,
498 4387 584 4470 quod
603 4388 818 4470 periculosum
843 4390 896 4473 sit,
919 4398 1062 4451 saneset
1082 4387 1196 4452 calvos
1217 4383 1369 4464 deridere,

208 4507 282 4556 cum
304 4507 403 4555 senes
424 4491 515 4555 calvi
536 4501 568 4555 et
591 4493 664 4557 carri
684 4492 791 4573 potius
813 4493 878 4554 sint
899 4492 1086 4563 honorandi.
1108 4493 1266 4576 Designat
1287 4491 1369 4564 enim
