2948 4876
631 219 637 234 Ι

48 456 223 522 victoria
256 453 350 536 uului
369 452 528 528 tuissent,
556 453 673 516 sinen
694 449 845 516 affuisset
866 447 1059 545 adjutorium
1081 457 1116 510 et
1134 465 1256 512 unusu-

49 563 153 626 latie
181 559 409 626 antummum
430 558 466 622 in
492 557 588 621 bellis
621 556 792 641 prioribus.
835 553 928 624 Sient
954 554 1054 618 etim
1074 552 1254 635 adpressit

52 667 191 732 saneti
212 664 327 731 nasibi
347 663 444 726 beata
459 660 563 745 Virgo
582 662 789 726 resuseitavit
806 659 1014 740 Remurium,
1044 658 1253 722 Fortissimum

56 772 232 851 militena,
253 787 275 831 a
293 767 425 832 Juliauu
445 766 608 850 Apustata
625 768 881 850 'martyriuutnm
901 774 938 828 nt
961 765 1069 848 ipsum
1088 761 1254 826 lulianum

57 874 405 956 intermenstrua
427 881 461 935 et
482 873 579 956 feeit,
621 872 671 935 sio
692 871 876 936 resusuitati
899 879 976 934 sunt
1000 869 1256 934 strenuissimis

59 980 278 1044 Sarrueenis
298 979 479 1059 interient,
509 987 545 1056 ut
567 977 707 1041 debitam
737 975 780 1038 de
808 975 851 1038 iis
867 974 1049 1038 vtndiuum
1079 982 1255 1056 sumerent,

60 1082 368 1150 undemuniieste
384 1083 452 1147 visi
475 1091 551 1146 sunt
575 1098 722 1165 pugnare
753 1098 826 1144 num
855 1081 1076 1163 pugnantibus
1114 1089 1148 1143 et
1179 1079 1255 1144 iub-

65 1190 174 1254 deles
204 1186 369 1255 truoidere
406 1196 438 1250 at
459 1187 533 1251 luua
564 1194 680 1250 saneta
696 1203 780 1250 ,eum
812 1185 900 1248 vivis
920 1183 1150 1250 eiroumeundo
1170 1185 1255 1248 visi-
1318 1199 1339 1210 ··

65 1304 151 1358 tare
190 1303 225 1356 et
253 1291 431 1355 lateraliter
458 1310 531 1356 enm
565 1291 632 1373 eis,
664 1307 746 1372 quos
781 1290 891 1354 sooios
912 1293 947 1353 in
968 1290 1038 1354 vita
1066 1290 1256 1372 habuerant,

67 1397 248 1464 inuadere.
292 1398 330 1460 ln
355 1415 421 1478 quo
447 1396 622 1460 manifeste
646 1394 782 1472 dabutur
810 1395 966 1478 intelligi,
997 1396 1162 1478 quia-etsi
1187 1395 1257 1457 vita

71 1505 302 1586 danesserunt
322 1501 496 1592 eerqurali,
518 1500 559 1564 ad
577 1509 741 1564 aeternam
764 1497 873 1566 ta'mun
893 1501 1002 1564 vuenti
1025 1499 1257 1566 beatitudiuem

70 1591 150 1673 ¹nun
169 1609 254 1684 jsint
282 1603 420 1695 fraudati
454 1604 616 1670 desiderio
647 1623 724 1687 suu,
761 1603 821 1668 sed
854 1603 939 1689 qued
967 1605 1022 1688 piu
1053 1605 1255 1687 expetierant

74 1712 206 1794 studio,
233 1711 328 1795 plenu
349 1719 426 1786 snut
455 1710 773 1776 ettenneunsuuotb
815 1709 924 1774 llinita
944 1725 1022 1794 ergo
1047 1711 1256 1792 proeessioue

77 1821 197 1882 urbem
235 1826 267 1880 ut
311 1817 464 1899 tunulum
507 1814 761 1896 mundaverunt,
805 1813 974 1896 ejicientes
1013 1815 1254 1881 maledicturum

78 1923 250 1987 uadttvera
285 1929 381 1984 extra
410 1939 519 1984 murus
554 1931 588 1984 et
617 1920 810 2002 sangninem
855 1906 986 1996 nauium
1018 1924 1276 2004 abstergentes,-
1359 1909 1363 1916 ’

80 2022 231 2110 undique
249 2026 414 2108 erigentes
432 2019 588 2110 euquinas
609 2025 794 2108 perurbana
816 2033 850 2087 et
868 2023 1109 2106 dispensatores
1134 2041 1256 2090 neue*

84 2133 246 2194 sariorum
270 2131 495 2212 disponentes,
517 2130 620 2192 etita
641 2130 835 2192 transierunt
857 2137 930 2192 ueto
952 2128 1031 2198 dius.

174 2236 226 2299 De
241 2263 245 2270 ’
258 2237 321 2300 hm
352 2235 532 2298 clarissima
570 2235 706 2300 vintoris
743 2233 902 2297 habentur
943 2233 1067 2298 multae
1090 2223 1257 2296 =historiae

85 2343 222 2406 heroion
252 2323 421 2423 coniectae
448 2326 638 2403 sermonen
668 2338 890 2402 disertissimis
922 2347 960 2403 et
981 2339 1255 2424 eloquentissimis

87 2448 285 2528 oratoribus,
313 2444 452 2526 ltaliuis,
488 2441 644 2525 Graecis,
675 2452 708 2532 et
729 2441 886 2527 Gallicis,
915 2447 971 2529 qni
1001 2464 1072 2508 eam
1104 2445 1173 2508 suis
1194 2443 1255 2508 ad-

89 2554 232 2616 seribuut
254 2550 418 2634 'gentibus
442 2549 483 2610 llt
506 2549 581 2632 qnia
600 2548 689 2612 nulla
709 2553 863 2620 memoria
882 2550 919 2614 nt
940 2554 980 2616 ab
1003 2553 1051 2614 eis
1073 2550 1253 2614 uneutoni-

90 2675 215 2738 eornm,
237 2675 372 2739 quorum
394 2665 503 2717 tamen
523 2656 638 2719 robore
669 2650 862 2718 (teufridus
883 2659 990 2720 omnia
1011 2659 1093 2720 haee
1117 2656 1254 2738 peregit,

91 2761 176 2824 unde
197 2762 329 2826 Aeneas
350 2759 505 2842 Sylvius,
527 2768 624 2840 poeta
643 2759 824 2842 laureatus,
850 2761 883 2826 in
905 2763 1049 2824 eratione
1069 2760 1111 2824 ad
1131 2760 1255 2848 prinm-

86 2883 153 2947 ¹pes
173 2865 384 2929 Alamanniae
405 2873 439 2926 et
460 2863 501 2928 ud
525 2864 649 2926 nobiles
671 2863 814 2928 Sneviae
837 2864 924 2928 lauta
944 2865 1174 2928 ll'rarreiordiae
1195 2883 1254 2945 pru

94 2986 228 3032 uooursn
248 2969 422 3031 'lurcorum
442 2969 492 3032 sio
513 2968 606 3034 dioit:
629 2968 718 3051 Seio,
736 2971 855 3051 inquit,
878 2967 1093 3052 Guthiridnm,
1118 2971 1174 3050 qui
1195 2968 1256 3031 fuit

95 3073 320 3154 [lutheringiae
339 3073 432 3154 dux,
471 3091 545 3138 unm
571 3066 652 3138 solis
685 3075 928 3137 transrhenanis
964 3071 1185 3136 'l'bautunibns
1220 3079 1254 3134 et

99 3177 214 3240 Suavis
237 3185 284 3269 'et
315 3177 475 3260 aliquibus
503 3177 609 3243 Gallis
646 3189 680 3243 et
708 3167 823 3261 paneis
851 3178 942 3242 italis
984 3187 1070 3241 tarra
1108 3176 1256 3258 marique

100 3299 191 3373 regna
214 3285 412 3364 percurrisse
428 3291 463 3346 et
483 3286 689 3368 sepulchrum
710 3285 841 3349 Domini
862 3302 882 3348 a
899 3283 980 3368 jugo
1002 3282 1253 3348 Smrauenurum

101 3387 257 3454 liberasse.

124 3619 539 3729 Catalngns'latinurum
570 3645 695 3723 regum
720 3623 928 3700 Jerusalem
964 3632 1002 3698 'et
1028 3622 1133 3722 regni
1158 3621 1229 3698 Je-

243 3739 508 3839 rusulymurum
534 3743 731 3862 prinoipum
765 3745 862 3847 apud
887 3741 1126 3850 Christianos.

177 3921 281 4004 (114
290 3922 345 4005 Δ)
367 3920 544 3988 Christiani
571 3926 680 4008 itaque
707 3925 925 3989 uooitlentales
963 3944 1046 3989 anno
1076 3922 1257 3986 domininus

107 4028 323 4092 insinuationis
341 4027 432 4092 lim
456 4028 509 4094 die
531 4029 790 4114 quintadecima
810 4032 890 4094 Julii
916 4037 1078 4114 uenerunt,
1092 4029 1255 4090 civitatem

107 4139 236 4194 sanetum
253 4133 452 4215 Jerusalem,
471 4136 650 4218 eripientes
676 4153 747 4198 eam
766 4135 808 4198 da
832 4153 929 4200 manu
948 4146 983 4197 et
1004 4135 1152 4218 'potentia
1165 4145 1257 4221 gens·

107 4235 209 4318 tilium,
239 4245 272 4299 et
302 4240 391 4302 neris
422 4237 617 4305 haeredibus
647 4258 718 4304 eam
748 4241 1015 4324 assignaverunt,
1047 4237 1124 4300 liliis
1153 4233 1256 4316 regni,

107 4341 182 4406 iente
209 4342 410 4426 bsptirmutis
430 4345 569 4429 renatis,
592 4343 814 4428 christieulis,
836 4363 857 4406 a
877 4345 995 4427 quibam
1029 4344 1093 4407 ium
1116 4340 1256 4404 alienata
