2954 4914
204 553 353 635 jejunant
380 547 434 610 vel
458 564 480 611 s
509 549 661 610 amitus
682 551 865 628 ὼιὶιιιιί,
887 557 947 610 ιιι
964 549 1118 610 tristit'me
1142 548 1201 609 vel
1230 549 1397 611 menuae

208 655 278 718 dies
299 661 417 736 agunt,
441 661 577 715 cunctos
598 653 745 714 advenas
765 653 913 734 hospites
933 663 968 714 et
989 655 1181 735 peregriaos
1205 654 1279 715 lane
1304 653 1394 714 idem

208 761 317 822 iacere
338 765 469 838 mgunt
510 755 569 820 Sic
594 761 690 819 etiam
713 757 835 818 facium
860 777 934 819 enm
956 763 1052 820 vine:
1087 777 1129 819 ex
1150 775 1220 840 quo
1253 760 1332 838 ipsi
1356 777 1393 818 eo

206 859 1392 945 mmmtnr‚aeasnattaeot,qnetperegrtatapnteeseeamn-

209 980 278 1050 tur,
304 967 367 1030 nisi
387 965 531 1048 occulte,
552 967 602 1028 eis
623 985 688 1030 soa
708 965 896 1030 omnuim
915 977 978 1032 ete

291 1071 366 1154 (Ι)
388 1069 541 1133 &cunda
571 1069 639 1152 die,
671 1087 756 1154 qnae
777 1081 827 1132 est
848 1070 882 1132 S
907 1071 1066 1152 Stephani
1086 1071 1197 1152 Papae
1225 1079 1265 1130 et
1291 1088 1386 1131 nar-
1436 1105 1437 1196 p

207 1179 305 1264 tyris,
338 1175 449 1239 audito
470 1171 587 1240 officio
609 1183 644 1236 ct
679 1183 787 1238 sumto
815 1175 889 1238 ooo
927 1177 1139 1238 marmiano
1159 1174 1204 1238 ad
1234 1183 1390 1236 montem
1436 1203 1437 1212 ι

208 1283 300 1366 Syon
321 1289 356 1344 et
386 1279 637 1341 tlelilleravimus
658 1281 795 1342 circuire
816 1288 918 1342 mnam
939 1280 1105 1342 deitatem
1125 1279 1325 1341 Jerusalem
1350 1281 1389 1340 alr

211 1397 304 1452 extra
316 1395 350 1448 et
370 1382 484 1446 videre
503 1381 575 1464 ejus
598 1385 793 1447 munitiones
823 1385 877 1445 vel
892 1387 1000 1466 petius
1018 1386 1230 1446 munitionum
1251 1387 1385 1462 minas

210 1487 498 1553 nonobstantibus
518 1488 748 1550 intcmiasimis
769 1488 931 1551 calembns
960 1499 994 1552 et
1014 1489 1097 1552 selis
1118 1487 1318 1570 mariba,
1351 1487 1384 1548 it

211 1595 295 1657 enim
317 1593 427 1656 lacere
446 1609 511 1654 nou
531 1592 615 1654 bene
634 1601 820 1673 poteramus
849 1595 913 1656 nisi
948 1595 1156 1658 tmmeenm
1181 1592 1282 1672 sele,
1318 1611 1383 1679 que

212 1707 355 1780 tempore
375 1695 548 1758 Samceni
569 1696 603 1757 in
623 1697 737 1758 umbra
756 1705 897 1758 maneat
939 1699 1040 1759 Hane
1060 1697 1146 1758 οιιίιιι
1166 1706 1200 1757 et
1219 1715 1381 1778 vespere,

210 1802 282 1866 sole
300 1808 506 1883 tepescente,
527 1799 562 1864 in
581 1799 686 1862 hortis
710 1809 804 1882 suat,
822 1811 855 1864 et
884 1802 1107 1883 exspatiantur
1128 1807 1221 1862 extra
1250 1809 1383 1880 portas,

214 1923 276 1970 uec
306 1905 397 1989 passi
427 1903 567 1966 tuissent
593 1921 654 1966 nos
681 1906 818 1967 circuire
854 1907 982 1968 urbem:
1011 1905 1086 1967 itleo
1114 1905 1227 1966 heram
1257 1905 1383 1986 qnietis

210 2029 319 2074 eorum
340 2009 382 2072 an
403 2009 465 2071 hoo
486 2007 653 2090 elegimus.
685 2009 869 2090 lneepimus
890 2019 997 2072 antem
1018 2012 1068 2072 sie
1088 2011 1237 2078 dumne.
1263 2006 1379 2070 l‘rimo

210 2115 420 2180 transivimus
441 2129 546 2195 nsqm
567 2109 608 2172 atl
635 2129 742 2176 arcem
765 2112 873 2176 llavitl
894 2123 1008 2180 contra
1028 2113 1246 2192 ocm‘rlemem,
1281 2120 1320 2172 et
1340 2114 1379 2172 al

210 2240 251 2284 ea
271 2221 490 2303 pmcessimns
517 2216 560 2279 ad
591 2225 713 2298 portam
745 2219 885 2298 piscium
919 2221 993 2281 sive
1032 2219 1288 2300 negotiatorum,
1324 2218 1379 2278 nbi

211 2335 262 2389 est
283 2324 422 2406 angulus
445 2317 671 2402 occidentalis,
701 2321 736 2381 iu
757 2340 823 2403 qno
845 2341 957 2384 murus
985 2321 1196 2386 occidental!
1224 2319 1378 2402 jungitur

214 2447 306 2492 muro
327 2424 470 2486 australi.
507 2424 559 2486 Ab
581 2426 644 2488 hoo
664 2424 784 2507 angvrle
803 2429 1022 2507 processimus
1042 2427 1076 2488 in
1097 2443 1211 2507 agrum
1230 2425 1375 2506 lullonis,

211 2533 245 2602 in
259 2547 323 2611 qno
339 2526 435 2589 nodie
454 2525 547 2588 loona
560 2535 612 2590 est
626 2547 700 2592 eum
721 2531 874 2592 muschea
892 2532 1182 2593 etSarraceuornm
1197 2529 1375 2610 sepultura,

215 2634 301 2694 sicin
322 2638 355 2690 et
377 2629 436 2691 fnit
458 2636 602 2710 ternpore
633 2636 717 2696 beati
736 2637 943 2718 Hieronymi,
963 2645 1001 2698 ut
1019 2635 1155 2697 metus
1175 2634 1209 2694 in
1228 2631 1311 2694 libro
1334 2634 1374 2695 tle

213 2734 380 2797 distantiis
401 2733 552 2800 locorum.
574 2735 611 2794 ln
628 2751 706 2817 egro
723 2747 831 2800 eutem
854 2739 985 2802 fullonis
1005 2741 1163 2800 vertimus
1183 2755 1244 2798 nos
1261 2748 1372 2800 contra

214 2837 411 2922 aquilonem,
445 2835 600 2899 hebentes
631 2839 673 2902 ad
703 2842 846 2905 dextram
886 2845 1028 2908 mvimtis
1065 2850 1200 2905 sanotae
1234 2827 1369 2922 fossata,

214 2961 313 3026 supro
345 2959 429 3024 quae
461 2943 681 3025 processimus
717 2945 889 3009 tendentes
916 2949 950 3010 io
980 2945 1174 3030 aquilonem.
1226 2943 1370 3005 Fuerunt

212 3057 319 3112 autem
341 3048 466 3112 fossata
486 3047 645 3131 profunda
666 3058 701 3112 et
720 3050 796 3132 lata,
813 3060 847 3114 et
867 3069 978 3114 murus
999 3051 1142 3113 mvitatis
1154 3067 1255 3130 supra
1276 3065 1368 3130 mpes

212 3154 420 3236 aedificatus,
451 3163 485 3218 et
506 3155 589 3239 ipsis
618 3139 719 3218 muris
747 3163 823 3218 suot
854 3155 969 3218 domus
990 3157 1148 3236 insertae,
1181 3153 1224 3216 tle
1255 3154 1367 3234 quibus

212 3259 349 3326 hebetur
369 3269 537 3340 respectos
554 3263 588 3321 in
610 3260 743 3322 fosseta
771 3261 871 3323 Porro
892 3262 954 3322 sub
974 3262 1056 3342 ipsis
1077 3259 1209 3341 rupibus
1229 3257 1366 3320 vidimus

215 3379 376 3422 cavernas
395 3368 547 3442 megn'as,
569 3381 627 3443 per
652 3383 735 3447 quas
756 3373 806 3426 est
828 3366 978 3428 introitus
998 3365 1092 3446 qnasi
1113 3381 1218 3444 usqne
1237 3362 1281 3423 atl
1298 3381 1364 3425 me-

212 3460 298 3526 dinm
321 3463 463 3524 civitatis
483 3464 544 3524 sub
565 3472 660 3528 terrm
701 3469 744 3530 lllt
765 3470 794 3531 si
819 3469 1046 3532 habuissemus
1071 3467 1179 3528 lumen
1213 3475 1247 3528 et
1266 3466 1363 3529 lacem

212 3580 381 3626 emmam
404 3567 545 3646 ingressi
565 3552 742 3635 tmolus
767 3574 968 3656 speluncam,
989 3581 1022 3634 et
1041 3570 1202 3634 toronus
1223 3587 1282 3633 ιιι
1301 3579 1361 3634 lon

212 3667 388 3746 accepisse.
428 3667 503 3731 llos
528 3687 688 3735 cavernas
717 3683 860 3741 nominat
880 3676 1047 3758 Jooephns
1067 3675 1121 3737 lio.
1142 3677 1200 3738 vt.
1221 3691 1251 3736 c.
1270 3676 1302 3742 8.
1321 3675 1360 3737 tle

212 3767 296 3832 bello
334 3767 472 3835 ludaico
507 3774 681 3856 speluncas
713 3782 839 3862 regias3
872 3781 932 3844 sed
962 3781 1003 3844 ob
1033 3799 1127 3864 quem
1160 3793 1289 3842 censam
1314 3781 1360 3842 sic

213 3881 384 3956 vocentur,
406 3893 470 3938 non
492 3877 565 3960 legi.
609 3879 732 3963 Opinon
754 3891 876 3967 tamen,
913 3884 1000 3968 quod
1021 3885 1107 3946 sorte
1135 3884 1283 3946 introitus
1302 3881 1359 3944 ali-

213 3975 288 4060 quis
310 3986 379 4040 erat
400 3979 433 4040 in
454 3981 586 4047 civitate
606 3985 640 4047 in
665 4003 741 4063 eas,
762 3988 824 4050 soli
846 3990 915 4070 regi
936 3995 1052 4068 notos,
1082 4005 1141 4069 per
1163 4005 1258 4073 quem
1278 3987 1359 4049 nullo

212 4079 337 4142 sciente
358 4091 481 4163 poteret
507 4087 671 4150 civitatem
693 4091 784 4152 exire
802 4099 836 4153 et
856 4093 993 4173 intrare,
1019 4091 1073 4153 vel
1102 4091 1260 4172 epulatio
1280 4091 1358 4172 regis

212 4191 282 4246 erat
303 4183 462 4246 introitus.
1101 4209 1107 4214 ·

307 4286 552 4370 Gorrscqnentcr
593 4294 810 4373 processimus
854 4297 935 4361 sotis
969 4317 1028 4380 per
1064 4296 1197 4378 longum
1233 4303 1355 4360 tractum

211 4407 309 4474 snpra
330 4392 454 4456 fossata
474 4407 579 4475 usque
599 4395 640 4460 ad
667 4398 820 4478 angulum
850 4401 1085 4482 aquilonarem,
1118 4401 1152 4462 in
1174 4417 1238 4483 qno
1260 4417 1355 4463 muros
