2954 4914
704 255 797 364 ‘teo

181 441 286 520 lacus,
307 455 369 499 nec
379 451 473 518 aqua
493 443 601 517 stans,
624 436 683 500 aad
704 437 860 503 Jordanie
881 437 1011 526 fluuius,
1023 456 1082 518 per
1103 437 1183 502 illoc
1204 437 1345 518 spatium

75 597 77 604 .
180 547 214 608 in
235 559 295 606 suo
317 541 411 604 alveo
430 539 636 624 decurrebat,
659 539 843 624 vallemque
863 551 897 624 et
918 544 1105 606 nniversam
1126 541 1216 606 illam
1239 542 1349 622 regio·

180 665 253 712 uem
287 645 449 728 irrigabat.
492 647 573 708 Erat
607 655 714 709 antem
746 644 844 708 vallis
876 662 1009 709 amoena
1040 655 1074 708 et
1096 646 1232 727 fertilis,
1264 649 1350 708 sieut
1462 705 1463 738 ,

180 751 350 836 paradisus
371 750 517 832 Domini,
540 759 573 814 et
601 751 685 813 sicut
717 750 908 832 Aegyptus,
943 761 978 814 ut
1000 751 1116 814 dicitnr
1138 748 1265 814 (iones.
1299 750 1348 814 13.

181 855 231 918 ot
256 857 318 924 hoc
340 856 423 918 enim
442 853 610 918 dicebatur
630 853 726 918 vullis
747 853 881 918 illustris
897 856 980 918 Gen.
994 857 1056 938 ta,
1080 862 1214 938 propter
1233 857 1351 936 siugu-

181 961 279 1025 larem
303 958 508 1024 abundatiam
541 961 681 1022 omnium
716 962 881 1023 bonorum.
925 959 1102 1022 Dicebatur
1130 961 1229 1022 etiam
1251 959 1351 1022 vallis

180 1066 352 1148 silvestris,
373 1073 503 1147 propter
524 1063 672 1126 arborum
695 1071 729 1126 et
752 1064 912 1128 frondium
934 1064 1137 1149 densitatibus,
1160 1066 1237 1148 quia
1256 1072 1352 1126 eraut

180 1170 225 1233 lbi
246 1169 389 1252 pomeria
409 1177 442 1231 et
462 1167 620 1231 viridaria
635 1169 720 1232 sicut
740 1169 857 1252 silvae,
880 1179 919 1233 et
934 1169 1025 1252 ligna
1050 1169 1215 1232 fructifero
1235 1167 1349 1231 multa.

180 1276 232 1338 De
252 1275 314 1337 hoo
334 1273 469 1335 habetur
490 1269 573 1335 Gen.
603 1274 654 1341 tt.
690 1273 868 1337 Dicebatur
895 1275 990 1336 etiam
1011 1273 1108 1337 vallis
1143 1273 1350 1355 campestris,

181 1379 258 1462 quia
277 1378 317 1438 ab
338 1393 404 1438 uua
421 1385 513 1458 parte
533 1375 687 1440 Jordauis
708 1389 801 1442 eraut
821 1381 971 1462 arbores,
993 1380 1033 1442 ab
1056 1379 1120 1440 alia
1139 1396 1219 1440 vero
1241 1377 1351 1458 campi
1380 1430 1385 1439 ,

181 1481 337 1562 arabiles,
369 1485 404 1540 et
424 1481 471 1542 ita
490 1488 627 1564 utroque
661 1485 790 1546 nomine
811 1483 976 1548 dicebatur
1009 1482 1105 1546 vallis
1131 1483 1293 1545 silvestris
1316 1489 1351 1542 et

180 1585 278 1651 vallis
307 1585 508 1666 campestris.
553 1589 688 1668 lusupor
725 1589 821 1652 vallis
853 1590 998 1672 Aspalti,
1030 1588 1086 1652 vel
1119 1585 1258 1668 Asfalti,
1292 1583 1349 1646 vel

181 1690 396 1773 Alphanites,
442 1705 527 1771 quoe
576 1690 682 1753 omnia
726 1692 812 1755 idem
855 1703 952 1776 suut,
1022 1691 1214 1771 dicebatur,
1267 1693 1348 1770 quia

180 1797 214 1858 in
238 1813 278 1857 eo
299 1801 390 1856 eraut
421 1792 512 1856 multi
546 1795 636 1875 putei
668 1797 848 1880 bit-uminis,
868 1808 905 1860 ut
925 1799 1061 1860 habetur
1089 1795 1210 1860 (lenes.
1242 1793 1347 1873 xw,

180 1915 244 1982 quo
265 1900 438 1962 utebantur
453 1896 524 1960 loco
545 1901 721 1984 caemerui,
743 1911 776 1964 et
797 1902 964 1968 fortissimi
988 1900 1069 1966 muri
1089 1901 1209 1964 flebant
1229 1917 1271 1960 ex
1292 1915 1343 1959 eo.

180 2004 218 2066 ln
238 2020 336 2067 arena
356 2003 443 2065 illius
464 2001 560 2065 vallis
581 2003 828 2068 inveniebantur
844 2005 969 2090 lapides
990 2006 1139 2088 pretiosi,
1168 2012 1203 2066 ut
1224 1999 1348 2082 saphiri

180 2115 214 2170 et
241 2107 433 2190 hujusmodi.
477 2107 611 2171 Sedet
636 2127 748 2172 aurum
781 2112 865 2172 iuter
894 2111 1009 2192 glebas
1043 2111 1279 2192 reperiebatur,
1312 2111 1348 2166 ut

180 2214 315 2277 habetor
340 2213 415 2276 Job.
436 2215 500 2298 28,
524 2217 580 2277 ubi
602 2214 643 2296 de
663 2216 725 2276 ista
747 2214 834 2276 valla
857 2215 986 2278 videtur
1006 2217 1102 2301 loqui.
1128 2216 1171 2276 'lu
1191 2212 1248 2274 illa
1268 2209 1346 2272 illu-

180 2318 345 2378 strtsstma
366 2326 398 2378 et
420 2317 621 2380 nobilissima
642 2319 729 2382 valle
757 2329 847 2382 eraut
875 2321 1017 2403 quinque
1036 2317 1190 2402 ¹grandes
1217 2313 1345 2397 regales

180 2421 341 2499 civitates,
363 2417 488 2482 scilicet
510 2421 661 2505 Sodoma,
683 2420 850 2502 Gomorra,
873 2423 1029 2508 Adamas,
1042 2423 1183 2506 Sebaym
1205 2429 1238 2484 et
1256 2419 1346 2502 Bale,

181 2538 265 2604 quae
287 2532 338 2585 est
360 2523 475 2604 Sogor,
496 2543 580 2606 quae
599 2527 803 2589 nominantur
823 2525 945 2592 Genes.
967 2529 1058 2592 XlV.
1080 2529 1157 2592 Ideo
1179 2524 1347 2590 dicebatur

181 2626 271 2708 regio
292 2627 348 2688 illo
369 2645 389 2688 a
407 2627 542 2691 Graecis
562 2630 765 2716 Pentapolis,
787 2609 1044 2717 aperta‘quod
1065 2641 1117 2698 est
1138 2634 1290 2716 quinque,
1313 2635 1347 2688 et
1399 2709 1404 2714 Ι

182 2729 286 2813 polis,
326 2731 459 2814 civitas,
490 2745 621 2818 propter
648 2739 789 2821 quinque
821 2741 972 2820 egregias
1003 2740 1171 2814 civitates,
1211 2752 1345 2819 quarum

181 2833 323 2899 Sodoma
354 2838 537 2920 metropolis
559 2841 629 2904 fuit.
673 2840 774 2905 Erant
795 2851 901 2904 autem
920 2844 1069 2906 homiues
1098 2842 1238 2924 regionis
1257 2838 1346 2901 illius

180 2941 332 3023 pessimi,
354 2949 386 3004 et
409 2954 597 3025 peccatores
620 2949 716 3010 nimie
738 2965 845 3010 coram
872 2949 1027 3029 Domino,
1049 2945 1170 3010 (iones.
1194 2945 1235 3008 13
1256 2944 1345 3024 (15),

184 3045 339 3110 ducentes
365 3049 465 3111 vitam
488 3052 729 3135 turpissimam,
764 3071 829 3135 qua
850 3053 945 3114 nimis
967 3051 1191 3114 execrabiliter
1210 3048 1346 3111 rationis

181 3150 299 3216 limites
320 3153 536 3238 excedebant,
566 3165 602 3218 ut
623 3160 730 3238 coeci,
755 3157 879 3219 ratione
901 3165 1057 3218 carentes.
1090 3155 1183 3218 Unde
1203 3151 1346 3216 Sodoma

180 3253 408 3336 interpretatur
429 3274 534 3319 coeco.
577 3261 621 3321 Et
642 3279 714 3322 cum
736 3263 770 3322 iu
791 3261 856 3323 illis
877 3261 1019 3344 quinque
1040 3261 1226 3323 civitatibus
1247 3257 1347 3319 fuerit

181 3357 321 3418 maxima
341 3357 502 3420 hominum
531 3361 717 3444 narltitudo,
747 3382 858 3426 omues
879 3375 987 3427 tamen
1013 3365 1125 3427 vitiosi
1152 3372 1260 3443 eraut,
1287 3365 1344 3441 ita,

181 3458 267 3541 quod
288 3460 321 3521 in
343 3459 430 3521 nulla
451 3480 561 3524 earum
575 3463 693 3526 fuerint
715 3466 777 3530 duo
797 3470 889 3549 probi
909 3469 1075 3550 homiues,
1097 3471 1153 3551 qui
1174 3469 1203 3532 si
1225 3465 1345 3549 reperti

182 3563 329 3646 fuissent,
352 3581 523 3648 numquam
541 3567 630 3630 Deus
652 3578 768 3632 terram
790 3571 878 3635 illam
899 3575 1131 3656 subvertisset,
1151 3582 1189 3636 ut
1208 3572 1344 3634 habetur

181 3663 304 3732 Gerros.
327 3669 377 3730 18.
421 3669 565 3737 Fuerunt
593 3681 700 3737 autem
729 3686 864 3758 peccata
895 3678 1022 3742 illorum
1053 3678 1243 3761 principalia
1273 3693 1342 3755 ses,

179 3789 263 3852 quae
284 3783 509 3837 enumerantur
529 3777 648 3840 Enoch.
670 3780 762 3850 XVI.
801 3780 942 3846 Primum
969 3783 1028 3846 luit
1061 3784 1227 3866 superbia,
1259 3795 1344 3864 qnae

179 3883 275 3955 caput
296 3883 345 3937 est
367 3878 470 3940 omnis
492 3879 583 3964 moli,
616 3901 712 3965 quam
735 3883 775 3948 de
796 3903 834 3948 se
861 3898 1142 3971 praesumserunt,
1165 3883 1278 3964 ΜΟ
1289 3885 1343 3963 Δ)

178 3985 211 4039 ct
232 3987 378 4042 caeteros
399 3991 645 4050 contemserunt.
690 3987 842 4055 Secunda
862 3991 922 4053 fuit
944 3992 1097 4054 saturitas
1124 3994 1238 4074 panis,
1267 3991 1344 4073 quio

177 4082 347 4166 crapulosc
368 4084 529 4170 vixerunt,
550 4107 678 4172 sempor
698 4093 778 4155 ebrii
797 4103 830 4156 et
850 4095 946 4176 pleni.
981 4093 1132 4181 ¹'l‘urtium
1155 4096 1217 4158 luit
1237 4095 1343 4156 abuu-

177 4187 305 4271 dantio,
338 4189 414 4271 quia
445 4191 568 4257 divitiis
603 4194 686 4256 male
717 4198 884 4280 acquisitis
915 4199 1130 4264 abundabant.
1185 4195 1343 4276 Quartum

177 4293 236 4356 fcit
258 4294 375 4376 otium,
408 4297 484 4381 quia
507 4297 564 4361 lllii
585 4306 618 4360 et
639 4299 725 4363 filiae
757 4319 881 4383 eorum,
916 4321 1013 4368 serres
1035 4314 1068 4366 at
1085 4304 1242 4385 juvenes,
1276 4303 1341 4366 otio
