2948 4876
65 459 198 522 statim
226 455 432 544 occideretur
470 457 572 520 etita
599 456 773 539 seipsum
811 458 1007 522 interimeret
1038 457 1111 520 siue
1136 455 1254 524 fructu.

68 563 151 627 Sed
174 571 289 632 contra
317 563 409 642 multi
436 562 513 626 fidei
533 560 695 624 zelatores
720 559 762 623 ad
783 563 904 645 templa
930 561 1181 626 sarracenorum
1200 564 1255 626 in-

6 727 7 744 ,
69 671 192 750 gressi
227 677 304 731 suut
333 677 366 731 et
390 668 661 752 praedicaverunt
676 684 755 730 cum
779 666 902 750 iructu,
931 685 993 730 uec
1021 676 1130 730 temen
1154 669 1256 732 occisi

6 809 9 850 ι
72 773 225 835 fuerunt.
269 772 313 836 Ut
344 757 477 832 sauctus
495 769 700 834 «Vincentius
734 769 866 834 Ordinis
894 755 1171 854 Praedicatorum,
1200 773 1257 856 qui

6 913 8 954 ς
72 876 185 940 multa
213 877 312 942 millio
333 875 586 938 Sarracenorum
615 877 656 938 ad
678 874 774 939 iidem
797 879 981 939 convertit·
1006 873 1084 937 Ideo
1113 877 1181 938 ιιιιιιΙ
1198 894 1257 939 se-
1307 891 1311 900 ·

73 983 207 1064 quitur:
222 991 266 1044 ·tu
282 981 364 1044 diois
376 979 439 1043 ·vel
460 981 553 1064 iacis,
569 1001 634 1066 quo
655 982 695 1057 ab
717 981 789 1044 aliis
811 979 980 1062 occideris,
992 997 1078 1061 *ergo
1099 981 1258 1063 teipsum

74 1085 232 1168 occidis,
265 1104 340 1148 uam
363 1095 395 1148 et
416 1089 529 1148 sancti
560 1084 655 1148 iidem
678 1086 871 1150 catholicam
901 1084 1153 1167 confitebantur,
1185 1103 1259 1150 cum

75 1199 194 1252 tamen
226 1208 270 1252 ex
300 1190 357 1252 tali
390 1189 594 1271 professione
614 1208 652 1252 se
672 1209 694 1252 a
723 1186 871 1272 tyrannis
894 1187 1107 1260 occidendos,
1127 1182 1262 1262 minime
1294 1169 1300 1183 x

6 1343 8 1384 ,
78 1297 281 1376 dubitarent,
304 1311 387 1377 quos
408 1298 443 1356 ut
463 1276 524 1356 Dei
546 1295 704 1378 msr'tyres
726 1287 881 1356 colimus(
898 1291 955 1355 Sic
978 1292 1116 1376 legimus
1137 1295 1259 1360 iecisse

6 1437 7 1440 =
78 1401 220 1462 fratrem
238 1399 398 1460 laevinum
420 1397 550 1461 Ordinis
570 1401 743 1482 Minorum,
765 1399 821 1482 qui
841 1392 1033 1465 Sarracenis
1052 1403 1258 1484 mgregatis

78 1506 118 1566 iu
144 1522 211 1565 una
242 1505 396 1584 muschee
432 1505 465 1565 iu
486 1504 574 1566 illam
600 1484 770 1586 ingressus
795 1511 847 1596 est
884 1502 957 1583 zelo
990 1505 1167 1570 arrimarum
1196 1525 1258 1572 *ec-
1291 1577 1298 1588 ,

82 1627 227 1692 census,
257 1608 413 1682 audacter,
440 1617 473 1670 et
501 1617 688 1671 constanter
722 1608 892 1690 clamavit,
927 1607 1134 1690 praedicans,
1171 1611 1259 1695 quod
1354 1680 1356 1683 ,

82 1733 199 1778 eorum
231 1731 351 1777 cessae
373 1713 479 1796 forent
501 1713 678 1794 orationes,
713 1723 745 1776 ct
766 1715 838 1776 siue
858 1712 924 1776 lide
947 1713 1127 1786 christiin
1148 1721 1257 1775 aeter-

6 1889 7 1904 ,
81 1839 163 1882 num
185 1817 378 1902 supplicium
400 1825 514 1880 essent
534 1818 625 1900 ituri,
646 1825 682 1879 ct
703 1817 789 1901 'quod
809 1807 907 1900 lege'a'
927 1818 1123 1906 Machometi
1145 1825 1259 1880 essent

83 1924 246 2006 injustae,
271 1921 514 2003 fraudulentae,
542 1924 768 2005 phantasticae
796 1929 829 2007 et
851 1923 964 1984 ialsae.
997 1920 1142 1999 Onosis
1161 1939 1258 2005 prae-

84 2027 216 2090 dicante
236 2029 399 2090 irruerunt
420 2029 454 2088 iu
476 2045 550 2096 erum
561 2026 738 2090 Sarraceui-
758 2036 790 2089 et
812 2026 1008 2089 occiderunt.
1030 2027 1128 2088 Hune
1149 2035 1258 2088 autem

85 2131 221 2194 fratrem
243 2133 329 2192 iuter
350 2139 516 2214 mertyres
537 2139 746 2194 connumerat
767 2131 1087 2203 domiuusAntonius
1100 2132 1146 2192 *iu
1159 2130 1259 2198 citato

85 2237 170 2299 loco.
205 2235 291 2297 ¹Nou
311 2237 399 2300 euim
420 2253 463 2297 ex
484 2233 556 2314 ejus
586 2237 817 2317 superstitione
839 2235 900 2297 scd
925 2254 968 2297 ex
990 2233 1139 2327 Spiritus
1152 2222 1258 2295 sancti

86 2341 244 2404 instinctu
266 2339 408 2403 creditur
429 2341 598 2424 ingressus
620 2341 733 2404 fuisse.
777 2339 814 2404 Si
836 2341 910 2424 quis
940 2341 1036 2403 etiam
1057 2339 1130 2402 uelo
1152 2337 1258 2400 iudis-

88 2454 178 2508 creto
205 2453 262 2508 aut
290 2445 458 2518 iracundia
489 2453 597 2508 motus
621 2448 756 2510 intraret
794 2453 827 2509 et
852 2453 974 2508 contre
1004 2464 1062 2508 eos
1089 2445 1255 2520 clamaret,
1374 2431 1384 2450 ¹

90 2559 122 2612 et
144 2549 354 2633 occideretur,
375 2559 641 2642 praesumtuosus
662 2553 768 2634 magis
789 2570 886 2635 quam
907 2557 1032 2634 martyr
1047 2547 1257 2632 judicaretur.

91 2653 148 2717 Sic
169 2655 304 2736 contigit
325 2656 516 2736 quibusdam
543 2659 672 2739 graecis
693 2657 903 2740 Christianis,
931 2646 1068 2739 quorum
1095 2655 1159 2718 d‘uo
1179 2661 1260 2730 ,ante

93 2743 227 2842 paucos
244 2777 348 2830 annos
370 2761 405 2821 iu
426 2761 609 2828 Jerusalem
639 2765 781 2844 ingressi
811 2770 888 2832 suut
922 2773 994 2823 cum
1027 2779 1146 2844 magne
1176 2759 1260 2822 ¹iuria

93 2863 262 2946 templum,
303 2871 342 2924 et
385 2863 475 2926 libris
522 2883 631 2932 eorum
670 2868 808 2948 arreptis
853 2883 911 2927 eos
956 2865 1185 2929 laceraverunt
1225 2867 1265 2925 et
1349 2886 1352 2891 ·

95 2965 402 3049 suppeditaverunt,
434 2967 597 3050 dicentes,
619 2970 727 3033 omnic
746 2985 821 3031 esse
842 2969 981 3031 coniicta
1002 2976 1035 3030 et
1056 2969 1155 3049 felsa3
1177 2983 1260 3050 quos
1274 2973 1283 3034 ’,

96 3071 202 3134 statim
224 3069 535 3150 comprehenderunt
566 3082 598 3136 ct
620 3072 742 3136 crudeli
763 3075 924 3136 tormento
956 3078 1262 3142 consummaverant

97 3195 153 3260 per
174 3173 312 3236 medium
333 3193 391 3237 cos
412 3184 573 3239 secantes.
939 3185 943 3195 “

173 3279 299 3362 Tertio,
334 3298 376 3342 au
411 3279 616 3345 Christianus
653 3283 726 3345 siue
762 3289 899 3366 peccato
933 3282 1039 3365 possit
1074 3279 1261 3344 muscheam

96 3385 212 3447 intrare
233 3392 267 3446 et
288 3386 526 3463 coutumeliam,
549 3386 742 3450 derisionem
763 3396 796 3450 et
809 3385 944 3452 truffam
975 3387 1115 3476 aliquam
1137 3385 1260 3464 iacere;

98 3489 192 3553 libros
237 3490 292 3553 vel
327 3490 489 3556 fenestras
532 3493 586 3554 vel
623 3491 790 3576 lampades
827 3491 1014 3576 destruere,
1062 3492 1164 3556 lutum
1201 3497 1262 3553 'eut

98 3604 236 3658 stercora
257 3615 388 3677 ponere.
432 3596 588 3681 Videtur,
623 3599 727 3681 quod,
758 3597 859 3660 salvo
875 3597 999 3680 judicio
1026 3596 1168 3680 meliori,
1196 3611 1262 3658 non

99 3700 139 3761 sit
156 3699 295 3783 licitum,
324 3703 400 3783 quia
421 3702 504 3764 tales
525 3701 774 3766 maledictiones
797 3710 831 3765 et
859 3704 1029 3766 irrisiones
1050 3721 1114 3776 non
1143 3699 1262 3764 videu-

100 3813 146 3866 tur
176 3823 235 3866 ex.
249 3805 386 3880 caritate
418 3807 609 3890 procedere,
648 3807 707 3870 sed
739 3809 847 3890 potius
881 3813 922 3871 cx
950 3811 1016 3890 ire,
1048 3805 1263 3889 displicentis,

100 3907 215 3988 livore,
237 3910 292 3972 vel
314 3929 357 3974 ex
377 3913 547 3995 superbia,
574 3930 636 3975 uec
656 3913 759 3976 honor
779 3909 841 3974 Dei
862 3913 1032 3976 letalibus
1052 3912 1148 3974 iactis
1167 3926 1264 3980 cres·

102 4013 159 4094 eit,
188 4013 249 4076 sed
270 4015 471 4099 blasphemie
498 4019 533 4078 iu
556 4017 720 4080 Christum
744 4025 780 4083 et
796 4017 964 4080 inimicitia
984 4019 1017 4080 iu
1039 4015 1154 4079 lideles
1178 4029 1264 4074 cou-

104 4117 214 4180 citetnr
241 4127 275 4181 et
303 4121 394 4186 nulle
414 4123 448 4184 iu
470 4124 519 4184 eis
541 4120 912 4203 emendatio.·sequitur,
944 4130 976 4183 et
996 4123 1045 4183 ile
1063 4121 1135 4183 siue
1156 4118 1265 4180 fructu

105 4221 210 4283 mortis
240 4223 383 4304 periculo
416 4245 455 4288 se
491 4234 668 4310 exponunt.
722 4227 919 4289 Existimant
948 4234 1055 4288 autem
1088 4221 1265 4304 simplices,

106 4327 289 4410 obsequium
311 4346 349 4392 so
367 4335 524 4412 praebere
545 4334 639 4410 Deo,
669 4338 766 4413 quum
789 4313 928 4412 aliquam
956 4335 1107 4482 apppgent
1130 4323 1266 4396 'trnlftm
