2896 4872
614 195 621 210 ’
732 213 800 282 aso

185 399 453 484 praesumtionem
476 397 555 462 elati
574 406 666 478 suut,
687 405 722 460 nt
741 397 810 480 jam
834 395 1110 458 mammonae
1131 411 1259 458 eorum
1289 395 1390 458 viras

185 507 340 568 haberent
359 510 534 585 srrspectas
553 520 615 565 uec
636 505 758 566 nostris
776 502 899 564 instare
921 499 1071 562 acerbius
1092 508 1324 562 vererentur.

268 653 349 716 Post
371 653 560 715 abscessum
592 669 670 736 ergo
692 647 946 715 Christianorum
980 650 1241 714 occidentalium
1275 672 1384 714 exer-

185 761 306 822 cituum
332 757 526 821 confortavit
543 759 702 821 Dominus
718 757 910 819 balduinum
931 745 1037 839 regern
1050 757 1263 835 Jerusalem,
1288 756 1384 818 unde

184 864 380 928 Ascalonem
404 863 458 926 din
489 881 509 925 a
540 859 733 924 Christianis
767 864 935 923 obsessam
968 863 1004 922 vi
1038 861 1123 941 cepit
1157 869 1192 923 et
1225 858 1381 941 Gazam,

185 970 573 1054 antiquissimamurbem,
592 969 722 1048 penitus
742 964 927 1028 derelictam
948 965 1168 1027 reaedificavit
1190 975 1228 1027 et
1256 965 1381 1028 fratri-

185 1076 247 1138 bus
270 1073 461 1156 'l'emplariIs
490 1071 531 1133 ad
553 1069 797 1134 inhabitandum
831 1068 928 1131 dedit.
972 1069 1066 1130 'l'auti
1081 1088 1234 1152 -qnoque
1273 1071 1378 1130 animi

71 1263 73 1268 ι
111 1261 114 1268 .
187 1190 221 1243 et
242 1175 471 1262 magnitudinis
493 1175 562 1258 fuir,
584 1185 618 1238 ut
636 1177 811 1237 'lurcorum
835 1182 984 1256 satrapas
1005 1182 1115 1256 strage
1137 1193 1274 1257 magna
1297 1194 1376 1256 per-

93 1291 97 1298 '
154 1283 304 1347 'caesos
338 1301 358 1345 a
395 1300 433 1343 se
465 1280 593 1362 fugaret
637 1279 778 1362 quinque
808 1277 948 1341 millibus
985 1268 1177 1341 iuterfectis.
1233 1278 1374 1340 Deinde

42 1365 46 1374 ι
75 1465 80 1474 ¹
106 1465 109 1472 Δ
185 1385 395 1467 Noradinum,
417 1385 691 1447 Damascenorum
713 1379 844 1455 militiae
865 1384 1053 1467 principem,
1073 1383 1372 1468 Jerosolymornm

172 1481 284 1573 'agros
305 1489 524 1572 infestantem,
557 1507 675 1571 magna
706 1487 799 1550 clade
820 1475 970 1550 affectum
1002 1506 1106 1571 usque
1135 1489 1168 1549 in
1201 1476 1371 1550 Damasci

54 1571 59 1580 Ι
136 1619 142 1631 ·
186 1594 306 1659 vicinia
331 1599 522 1676 persecutus
545 1593 613 1656 tuit.
656 1593 761 1655 Multa
792 1575 886 1653 etiam
909 1595 1022 1675 gravia
1051 1591 1135 1654 bella
1163 1595 1283 1674 gessit
1308 1593 1369 1655 alia

189 1705 224 1759 et
245 1697 465 1781 captivitatem
487 1687 661 1783 aliquando
682 1697 739 1761 uix
761 1697 875 1758 evasit.

270 1849 308 1910 ln
339 1845 453 1910 diebus
486 1849 557 1910 suis
591 1856 694 1912 ortum
732 1856 781 1910 est
817 1846 970 1928 proelium
1003 1863 1063 1908 seu
1101 1845 1273 1912 discordia
1306 1868 1364 1930 pe-

187 1953 327 2016 riculosa
365 1953 398 2015 in
428 1953 624 2016 Jerusalem·
644 1954 728 2015 inter
766 1952 926 2015 dominnm
968 1950 1180 2034 patriarcham
1218 1952 1363 2016 Jeroso-

187 2059 376 2142 lymitanum
429 2065 461 2119 ct
505 2056 733 2140 Raymundurir
779 2058 967 2139 magistrum
1025 2054 1139 2120 domus
1185 2057 1361 2140 hospitalis

119 2223 122 2228 .
187 2165 293 2227 sancti
323 2163 501 2243 Jolrannis,
540 2162 595 2244 qui
628 2179 692 2224 una
724 2179 798 2228 cum
834 2161 985 2224 fratribus
1017 2163 1086 2224 suis
1121 2169 1187 2222 tam
1227 2161 1358 2226 domino

129 2306 136 2322 ι
187 2268 410 2350 patriarchae,
439 2285 533 2347 quam
565 2267 703 2328 caeteris
733 2266 943 2329 ecclesiarum
971 2266 1125 2348 praelatis
1145 2266 1267 2330 multas
1299 2287 1357 2332 su·

187 2389 246 2452 per
287 2370 491 2451 patriarchali
537 2369 612 2451 jure
644 2371 763 2434 inferre
803 2380 979 2454 coeperunt
1019 2369 1240 2434 molestias·
1269 2375 1354 2436 Nam

188 2475 262 2536 sive
298 2492 318 2534 a
356 2473 483 2537 domino
519 2475 702 2555 patriarcha
741 2476 812 2538 sive
843 2477 885 2537 ab
929 2477 1092 2560 episcopis
1130 2484 1161 2536 et
1201 2477 1352 2557 praelatis

187 2577 399 2660 ecclesiarum
431 2565 625 2640 abacelam
656 2594 716 2642 sua
748 2582 1044 2658 excommunicatos
1074 2589 1106 2642 et
1139 2579 1179 2640 ab
1214 2582 1349 2644 ecclesia

188 2689 357 2764 separatos
394 2681 434 2744 ad
474 2682 721 2746 celebrationem
757 2683 936 2747 divinorum
979 2685 1101 2767 passim
1145 2687 1346 2770 recipiebant,

190 2788 333 2870 aegrotis
354 2787 506 2880 viaticum
527 2795 561 2849 ct
583 2794 758 2852 extremam
778 2789 960 2851 unctionem
995 2787 1114 2852 dabant
1152 2799 1183 2852 et
1216 2793 1345 2854 mortuis

189 2895 223 2956 iu
246 2893 576 2956 excommunicatione
596 2891 794 2972 sepulturam
827 2893 992 2976 multaque
1013 2877 1077 2956 alia
1097 2904 1209 2958 cantra
1235 2897 1345 2958 immu-

188 3000 321 3062 nitatem
356 2999 565 3066 ecclesiarum
594 2997 766 3058 iaciebant.
810 2994 959 3082 Cumque
991 2998 1139 3064 dominns
1169 3003 1344 3082 patriarcha

189 3123 288 3186 super
317 3102 500 3186 hujusmodi
530 3101 708 3168 temeritate
743 3103 874 3185 saepius
901 3087 1151 3186 conquereretur
1185 3113 1219 3166 et
1246 3106 1342 3168 reela-

190 3217 301 3287 marct,
312 3207 396 3268 siout
408 3211 584 3288 tenebatur,
595 3207 687 3269 ciues
698 3224 803 3289 nsque
819 3207 858 3269 ad
872 3227 943 3271 eam
956 3209 1170 3278 temeritatem
1183 3221 1341 3292 venerunt,

191 3319 226 3372 nt
256 3310 354 3370 armis
386 3313 543 3393 correptis
575 3321 686 3374 contra
722 3313 936 3393 patriarcham
966 3317 1002 3376 in
1040 3313 1212 3376 ecclesiam
1244 3317 1339 3378 sancti

189 3410 352 3493 sepulchri
373 3415 538 3478 irruerent.
582 3419 623 3480 Et
639 3418 701 3478 hoo
724 3417 783 3479 fuit
814 3417 945 3504 initium!
967 3419 1107 3480 omnnium
1133 3418 1283 3482 malorum
1309 3429 1338 3482 et

194 3517 320 3582 futurae
342 3517 529 3598 perditionis
549 3523 691 3584 civitatis
713 3528 747 3583 et
769 3531 882 3584 terrae.
926 3520 1058 3584 Causae
1078 3523 1152 3585 mali
1174 3523 1337 3605 hujusllo·

191 3638 287 3683 mana
309 3622 448 3685 ecclesia
459 3627 624 3688 materiam
645 3626 794 3708 praebuit
816 3629 849 3688 in
864 3645 913 3708 eo,
936 3626 1021 3709 quod
1041 3627 1202 3709 hospitale
1223 3646 1336 3712 semper

191 3723 318 3788 dominc
350 3729 553 3808 patriarchae
587 3731 767 3812 subjectum
800 3733 993 3814 excurtavit,
1024 3733 1073 3793 sic
1100 3739 1132 3793 et
1153 3733 1334 3814 'l'emplarios

190 3831 312 3892 exemit
334 3838 367 3892 et
385 3831 524 3896 dominis
542 3830 750 3902 'l'heutort'icia
774 3836 946 3918 privilegia
968 3833 1067 3916 dedit,
1089 3837 1225 3900 exemtis
1242 3847 1334 3902 autom

192 3941 226 3997 et
246 3934 459 4018 privilegiatis
486 3937 551 3999 illis
579 3957 682 4020 parva
710 3949 780 4003 erat
806 3949 846 4014 ct,
870 3940 964 4024 quasi
984 3939 1072 4003 nulla
1090 3940 1263 4022 jurisdictio
1280 3959 1334 4023 pa-

119 4073 126 4092 ·
191 4039 351 4103 triarchae
372 4049 404 4103 et
425 4043 659 4124 episcoporum,
682 4053 714 4106 et
734 4045 780 4106 ita
802 4045 890 4108 iacta
911 4053 962 4107 est
983 4047 1074 4127 regni
1097 4043 1213 4110 divisio
1237 4053 1266 4106 et
1283 4064 1333 4128 per

189 4159 394 4227 consequens
416 4143 601 4229 destructio,
620 4145 711 4227 juxta
733 4146 812 4210 illud
833 4150 944 4212 Lucae
965 4149 1032 4231 xl,
1058 4147 1124 4214 ta:
1148 4147 1249 4214 Omne
1266 4167 1331 4232 reg·

191 4263 264 4310 aum
291 4248 324 4312 in
346 4263 384 4310 se
405 4245 543 4314 divisum
566 4249 769 4321 desolabitur.
879 4333 882 4338 Ι
