3030 4864
736 198 830 286 aar

124 378 128 383 ⁵
180 401 335 470 nouerat
355 404 491 484 domus,
521 401 582 466 aad
612 403 702 468 curia
723 403 815 466 muro
837 401 1051 490 cicendela,
1078 413 1112 476 et
1133 407 1217 470 ostio
1247 365 1371 470 claudi¹

180 516 324 592 poterat,
355 526 417 572 nec
438 516 571 592 tectum,
592 508 652 570 rub
683 525 748 590 quo
785 505 1005 592 dormiremus,
1042 511 1199 594 habebat,
1230 511 1291 575 sod
1321 511 1364 574 in'
1471 511 1479 520 '

180 614 285 676 latere
306 612 388 676 duas
409 611 682 676 immundissimas
703 612 857 696 celldlas,
890 614 1090 678 stercoribus
1111 616 1260 684 humanis
1282 615 1355 678 foe-

136 781 143 790 ,
181 715 274 780 datas
295 716 453 800 habebat,
475 717 580 800 ipsum
603 726 710 780 autem
732 718 841 780 curiae
863 719 1082 800 pavimentum
1116 719 1208 802 limo,
1239 727 1353 802 parato

180 821 416 903 prolatoribus
444 821 638 905 coquendis,
671 830 816 904 opertum
845 831 923 886 erat.
966 824 1132 886 Accensis
1156 841 1234 908 ergo
1255 823 1353 887 luml-

179 927 277 988 nibus
297 927 439 990 camelos
459 928 492 988 iu
513 927 589 988 vico
619 927 855 1026 prostravimus
886 943 1009 1011 eosque
1038 937 1071 990 ot
1095 928 1206 992 asinos
1227 947 1352 990 oxone-
1463 1015 1466 1018 Ι

181 1031 340 1112 ravimus,
363 1039 395 1094 et
416 1030 539 1094 bestias
560 1049 673 1094 omues
703 1033 775 1095 suis
796 1031 934 1094 dominis
956 1030 1212 1114 resignavimus,
1243 1034 1351 1095 omnia

180 1142 289 1198 autem
313 1143 424 1198 nostra
461 1136 618 1198 traximus
644 1135 678 1197 in
703 1136 825 1198 curiam
865 1143 898 1197 et
925 1133 966 1197 do
994 1154 1034 1197 ea
1059 1135 1216 1218 ejecimus
1237 1153 1350 1200 omnes

179 1240 369 1328 camelarios
390 1249 423 1304 et
441 1240 601 1319 asinarius
623 1247 764 1320 nostros,
786 1247 911 1302 retento
932 1247 1057 1303 tantum
1077 1240 1269 1323 Elphaballo
1285 1239 1350 1304 miss

178 1363 257 1408 noro
277 1343 405 1428 Uelino,
427 1350 462 1407 et
483 1345 598 1407 ostium
620 1362 694 1408 cum
713 1342 874 1426 lapidibus
893 1353 926 1406 et
946 1343 1110 1428 repagulis
1130 1345 1348 1410 obstruximus

179 1459 292 1512 contra
314 1451 467 1532 impetum
480 1448 743 1530 Sarracenorum,
767 1465 832 1531 quo
853 1447 941 1512 sacto
963 1450 1072 1540 ignem
1093 1450 1301 1514 accendimus
1315 1457 1348 1512 et

178 1552 275 1620 offam
297 1557 454 1637 coximus,
476 1563 512 1618 ut
535 1563 643 1617 tamen
664 1551 786 1636 aliquid
805 1563 930 1618 coctum
953 1561 988 1616 et
1012 1554 1150 1619 calidum
1172 1554 1207 1620 in
1222 1555 1349 1618 venui-

177 1657 239 1722 bus
266 1658 478 1742 haberemus,
515 1678 580 1722 non
617 1659 707 1722 enim
732 1639 906 1740 quidquam
935 1657 1075 1722 calidum
1107 1660 1170 1724 lunc
1196 1667 1264 1724 toto
1293 1658 1347 1724 die

176 1772 433 1845 gustaveramus.
477 1763 685 1828 comestione
710 1764 854 1826 breviter
883 1772 1017 1845 peraeta
1045 1764 1087 1827 ad
1116 1765 1257 1847 quietem
1285 1781 1346 1828 nos

154 1856 358 1939 ,locavimus
403 1869 438 1932 in
474 1869 605 1950 longum
644 1865 804 1950 quoddam
832 1867 1016 1950 praesepe,
1066 1866 1154 1950 quod
1200 1866 1276 1948 (18
1297 1868 1345 1948 a)

80 2023 82 2031 .
147 2041 148 2046 ἵ
176 1979 395 2034 caementoet
415 1971 574 2054 lapidibus
592 1971 633 2034 ad
655 1969 889 2052 longitudinem
904 1972 1013 2034 curiae
1033 1970 1075 2034 ad
1097 1970 1252 2052 parietem
1275 1979 1345 2033 arat

173 2075 313 2156 ,motum
336 2063 391 2136 alii
406 2071 523 2158 aulem,
541 2076 598 2159 qui
610 2078 643 2138 in
656 2075 826 2158 praesepio
847 2073 952 2136 locum
968 2075 1088 2138 habere
1105 2091 1170 2136 non
1184 2081 1343 2158 poterant,

175 2177 258 2265 aliis
278 2195 339 2260 por
357 2179 480 2242 curiam
498 2197 537 2243 se
558 2181 717 2262 locabant,
739 2180 841 2243 etita
861 2176 922 2240 sub
945 2176 998 2244 dio
1018 2177 1228 2244 dormivimus
1247 2185 1345 2240 nocte

174 2281 229 2346 illa
248 2283 283 2346 in
304 2301 378 2346 rore
399 2283 492 2354 coeli.

226 2516 285 2592 De
314 2515 463 2593 licentia
488 2517 637 2595 obtenta
662 2545 686 2595 a
709 2519 901 2622 praefecto
928 2515 1094 2594 manendi
1118 2517 1156 2592 in
1182 2515 1297 2592 Gaza.

163 2677 177 2754 ἰ
257 2697 434 2766 'l'ricesima
474 2699 541 2781 die,
581 2719 654 2764 cnm
688 2671 739 2787 sol
779 2699 1022 2782 adscendisset,
1060 2700 1277 2780 surreximus,
1308 2705 1343 2759 et

173 2809 344 2884 antequam
366 2805 482 2867 ostium
490 2806 606 2868 ‘curiae
620 2802 843 2886 patefecimus,
854 2823 914 2867 res.
929 2811 1057 2866 nostras
1068 2820 1180 2865 omnes
1194 2820 1344 2884 compor-

172 2907 313 2971 tavimus
333 2896 366 2968 i'u
388 2925 485 2971 unam
512 2908 706 2970 camerulam
737 2909 946 2981 miserrimam
977 2916 1007 2969 et
1031 2907 1199 2969 divisimus
1220 2908 1341 2968 curiam
1395 2909 1402 2920 '
1456 2983 1458 2986 Ι

171 3010 205 3072 in
228 3019 294 3072 tres
313 3021 439 3095 partes,
472 3004 649 3080 secundum
672 3011 758 3095 qnod
780 3013 977 3075 habebamus
992 3021 1066 3073 tres
1087 3011 1264 3073 societates
1271 3017 1341 3090 ,ut

171 3121 259 3194 patet
285 3116 322 3178 P.
346 3117 374 3178 1.
397 3115 467 3178 Fol.
489 3117 562 3179 eal.
587 3117 634 3198 ll,
658 3118 716 3198 ita,
738 3115 824 3200 quod
846 3116 1006 3198 quaelibet
1029 3116 1173 3177 societas
1193 3129 1341 3174 seorsum

171 3217 277 3280 locum
307 3219 448 3283 baberet.
497 3222 649 3301 Fecimus
677 3223 784 3283 autem
814 3218 1001 3284 umbracula
1032 3236 1104 3282 cum
1133 3217 1341 3280 vestimentis

173 3321 294 3385 nostris
315 3333 425 3398 corrtra
441 3324 521 3386 solis
544 3323 705 3390 fervorem
726 3335 758 3388 et
780 3333 894 3388 contra
915 3325 1019 3386 noctis
1042 3321 1147 3404 frigus
1168 3329 1201 3384 et
1223 3339 1338 3402 rorem,
1400 3399 1406 3414 ἱ

170 3443 339 3512 quousque
370 3429 677 3492 'l'rutscbelmannus
700 3430 856 3516 disposuit
875 3429 968 3491 nobis
992 3425 1189 3510 papiliones,
1220 3427 1339 3509 quibus

168 3539 228 3612 per
249 3530 410 3595 desertum
433 3540 606 3616 uteremur,
636 3542 668 3596 et
698 3533 771 3596 illas
792 3533 826 3595 in
855 3532 946 3594 curia
971 3531 1105 3594 fiximus
1123 3536 1155 3590 et
1178 3527 1339 3591 ereximus

169 3642 202 3712 et
223 3635 284 3697 sub
306 3637 355 3699 eis
377 3637 603 3700 habitavimus.
632 3638 777 3701 llmimus
799 3638 930 3718 insuper
951 3636 983 3698 in
1005 3635 1138 3698 civitate
1158 3633 1222 3710 alia
1243 3632 1338 3696 nobis

169 3742 356 3803 necessaria
376 3761 434 3823 pro
455 3740 579 3825 diebus,
601 3742 717 3825 quibus
739 3741 882 3805 mansuri
896 3757 1040 3820 eramus3
1062 3737 1220 3802 scivimus
1242 3737 1339 3817 euim,

124 3830 131 3843 '
168 3861 229 3904 uos
251 3843 296 3904 ibi
317 3863 487 3909 mansuros
507 3865 571 3908 non
591 3848 704 3928 paucis
736 3846 858 3934 diebus.
902 3845 1004 3908 llacto
1025 3841 1161 3926 prandio
1184 3825 1339 3904 transivi-

168 3963 240 4024 mus
261 3965 333 4008 cum
349 3946 637 4014 'l'rutscbelmanno
657 3949 700 4013 ad
721 3951 866 4013 civitatis
889 3949 1087 4031 praelectum
1110 3955 1144 4008 et
1164 3945 1338 4028 petivimus

170 4048 333 4112 licentiam
355 4053 506 4116 manendi
526 4073 586 4136 per
614 4053 736 4136 aliquot
764 4053 836 4116 dies
864 4052 898 4114 iu
927 4049 1022 4116 (lana
1046 4059 1081 4114 et
1108 4055 1145 4113 ut
1165 4063 1337 4131 possemus

166 4154 354 4217 circuirent
374 4175 482 4218 emere
503 4158 689 4239 necessaria
709 4176 767 4241 pro
788 4155 1050 4239 peregrinatione
1084 4154 1206 4217 deserti
1228 4160 1261 4214 et
1282 4152 1337 4215 vi·

154 4258 267 4320 sitare
288 4259 361 4324 loca
382 4268 416 4322 et
435 4260 548 4324 videre
568 4262 679 4326 urbem
694 4269 734 4322 et
755 4257 876 4326 intrare
896 4255 1066 4324 aestuaria
1112 4257 1207 4338 Quae
1228 4259 1337 4322 omnia
