2926 5050
180 433 240 508 lle
268 428 402 507 omen
430 427 554 505 diuino
583 436 623 544 et
652 427 870 531 expulsione
902 431 1174 532 peregrinorum
1200 433 1244 508 sb

424 550 584 626 ecclesia
608 547 776 626 dominici
797 550 991 652 sepulchri.

205 716 279 801 (ΙΙ)
290 719 421 782 Interim
436 717 589 781 militibus
601 717 722 782 crectis
735 717 915 801 incepimus
927 720 1294 808 eelebrurceiperugcre

127 821 382 904 Officisdiuinu,
405 828 440 884 et
460 821 590 892 inloco
611 823 832 889 iunuuctionis
842 823 971 906 Domini
989 825 1103 909 hcbui,
1124 827 1232 912 ibique
1251 827 1293 892 de
1380 868 1387 886 t

129 926 167 993 S.
195 916 333 1010 Alexio,
367 925 461 1009 cujus
489 925 633 990 instabat
663 925 849 1009 festivitas,
877 929 1057 1013 celebravi,
1088 932 1164 1014 quie
1195 949 1294 996 uerus

129 1031 321 1115 peregrinus
344 1030 459 1112 lueret,
482 1038 515 1092 et
536 1028 624 1094 clerc
640 1031 708 1113 ium
730 1033 818 1096 fectu
839 1031 892 1098 die
909 1033 1122 1098 laetissimum
1143 1038 1295 1100 mutaui-

127 1153 203 1203 mus
224 1134 378 1200 Officium
401 1135 436 1196 in
457 1134 617 1202 dominico
637 1135 810 1218 sepulchro
833 1137 874 1202 dc
895 1141 1132 1204 resurrectione
1152 1139 1293 1224 Domini,

128 1241 216 1306 sicut
236 1247 383 1308 conetur
402 1241 437 1302 iu
458 1237 510 1300 die
531 1237 681 1325 paschae.
724 1241 804 1305 Post
833 1244 918 1325 quod
939 1243 1292 1329 ueneruutScrrcceni,

130 1363 257 1427 nosque
295 1343 461 1426 ejecerunt
499 1341 594 1406 modo
624 1341 711 1407 dicto
743 1344 798 1422 lol.
832 1348 893 1412 121
915 1348 952 1410 Β.
1006 1349 1050 1411 lit
1070 1349 1294 1434 uuusquisque

130 1449 265 1514 contulit
284 1466 322 1510 se
343 1446 384 1511 ed
406 1447 512 1511 locum
534 1464 646 1530 suum,
675 1457 708 1512 et
728 1458 856 1514 noctem
884 1441 1074 1534 sequentem
1102 1454 1228 1537 egimus
1259 1455 1294 1516 iu

130 1561 239 1616 monto
261 1551 390 1634 Oliveti,
414 1551 541 1618 occulte
563 1559 681 1638 temen,
703 1562 834 1620 orantes
855 1564 889 1620 ct
908 1557 1114 1640 quiescentes
1134 1559 1168 1621 iu
1190 1574 1294 1642 specu

130 1658 267 1741 agoniae
288 1657 432 1739 Murice,
453 1665 530 1720 cute
556 1664 663 1722 cutem
694 1657 798 1724 lucem
829 1659 948 1724 clerum
978 1661 1012 1724 in
1040 1670 1180 1726 montem
1201 1661 1293 1746 Syon

130 1761 373 1828 conscendimus
393 1760 436 1826 ud
454 1761 588 1826 Missas.

131 1995 192 2070 lle
231 1993 383 2069 nundin
418 1993 691 2095 peregrinorum
728 2020 752 2070 a
796 1994 1004 2071 Jerusalem
1048 1997 1086 2072 in
1126 2006 1294 2074 montana

180 2113 348 2190 Judaeue
371 2113 418 2190 ad
443 2113 584 2190 domum
607 2113 825 2207 Zachariae,
849 2114 909 2191 ubi
932 2116 1050 2192 Maris
1074 2117 1246 2194 salutavit

501 2244 691 2335 cognatam
713 2231 920 2311 Elisabeth.

218 2401 356 2468 Decimo
385 2413 503 2468 octavu
533 2404 586 2469 die
612 2422 707 2470 mune
739 2411 903 2469 venerunt
925 2404 1076 2470 ductores
1098 2404 1295 2468 neutricum

132 2509 280 2573 csinsriis
301 2518 334 2572 et
355 2511 456 2574 asinis
477 2511 512 2574 in
532 2518 684 2593 montem,
704 2517 739 2574 et
749 2511 941 2583 convocetis
954 2510 1133 2594 peregrinis
1147 2509 1295 2574 omnibus

134 2612 277 2678 sedimus
298 2631 397 2698 super
417 2615 542 2678 bestius
563 2623 693 2678 nostrus
713 2623 747 2679 et
767 2615 808 2678 de
831 2609 1016 2679 denuscleiu
1036 2615 1162 2698 egressi
1183 2629 1296 2679 suiuus

134 2716 176 2782 cd
195 2718 370 2783 crrstrslem
390 2718 519 2802 plegem
540 2735 614 2787 curn
642 2737 760 2802 mugire
781 2719 1005 2803 festinatione,
1036 2728 1068 2783 et
1087 2721 1123 2782 in
1145 2726 1298 2784 montcue

131 2819 282 2900 dudem
300 2827 521 2906 processimus
541 2840 600 2905 per
626 2823 701 2886 viss
720 2840 864 2904 asperus.
916 2823 1001 2888 Sunt
1026 2826 1111 2889 euim
1145 2831 1296 2888 montena

134 2924 188 2986 illu
208 2943 327 3008 expers
347 2926 476 3008 quidem
498 2935 532 2989 ei
552 2934 693 3010 petrose,
715 2926 775 2993 sed
796 2926 973 3010 iruotuoss,
994 2929 1153 2994 fructibus
1173 2934 1207 2989 et
1223 2925 1296 2988 liei-

135 3027 196 3106 bus
221 3037 254 3092 et
273 3028 372 3092 olivis
392 3031 496 3112 plere.
538 3031 577 3094 ln
597 3029 650 3093 bis
677 3031 885 3111 pervertimus
913 3030 956 3092 ud
973 3030 1102 3094 domum
1124 3027 1296 3114 quendum,

134 3131 168 3194 in
189 3131 255 3196 ulto
273 3132 437 3218 murmur,
457 3151 608 3217 magnum
629 3141 662 3196 et
683 3131 791 3215 duum,
821 3133 1035 3218 destructum,
1063 3153 1158 3219 quum
1189 3141 1297 3196 temen

133 3235 245 3304 dicunt
263 3238 370 3304 fuisse
389 3239 517 3305 domum
542 3238 650 3302 scrrcti
671 3238 762 3302 senis
782 3237 966 3322 Simeonis,
995 3240 1051 3323 qui
1069 3237 1236 3304 Christum
1262 3237 1297 3303 in

135 3341 219 3406 nnis
239 3347 385 3427 suscepit
405 3344 440 3409 iu
461 3343 581 3427 temple
601 3343 743 3425 Domini,
763 3343 844 3408 linc.
865 3346 897 3410 2
940 3347 1033 3408 Hcec
1062 3345 1176 3408 domus
1197 3341 1298 3406 multu

135 3447 232 3514 hebet
248 3448 446 3514 testudineis
463 3447 658 3530 bubitcculs,
678 3457 711 3512 et
728 3449 763 3512 in
773 3449 846 3531 ejus
863 3450 1049 3514 summittite
1064 3457 1115 3514 est
1128 3454 1297 3540 respectus
1332 3439 1339 3448 '

135 3552 178 3617 ud
197 3552 381 3646 Jemsslem
402 3563 436 3618 ci
456 3552 498 3618 sd
518 3552 722 3624 Bethlehem.
762 3553 866 3620 Juxie
886 3555 972 3618 beno
992 3552 1121 3620 domum
1142 3554 1298 3636 hymnum

135 3655 298 3722 simis
323 3657 583 3727 mummi
616 3657 718 3722 Nunc
738 3656 874 3724 dimittis
905 3666 979 3742 eto,
1013 3667 1046 3722 et
1078 3657 1297 3740 indulgentius

137 3763 315 3844 recepimus
347 3763 416 3847 (†).
456 3764 500 3850 Et
519 3762 596 3829 inde
616 3765 783 3847 progressi
821 3765 856 3826 iu
880 3763 1000 3826 vellem
1033 3763 1128 3828 vuldo
1158 3761 1298 3828 fertilem

137 3864 363 3931 descendimus
387 3876 421 3932 et
442 3865 485 3931 sd
507 3867 611 3933 locum
644 3867 802 3931 declivem
826 3869 912 3930 inter
944 3869 1103 3932 maceries
1132 3865 1298 3951 processi-

137 3987 217 4036 mus.
258 3973 298 4036 ln
315 3971 372 4036 illo
392 3980 502 4036 monte
525 3969 777 4036 aedificaverunt
797 3971 1008 4036 lllsuobsbcei
1030 3972 1197 4036 fortissimi
1229 3971 1298 4034 ior·

137 4074 271 4139 tulitiuru
302 4075 401 4140 vuldo
438 4075 595 4140 munitum
631 4083 746 4140 conire
777 4077 939 4139 incursum
975 4077 1140 4161 gentium,
1176 4073 1298 4140 dictum

138 4178 315 4264 Betheem,
348 4181 478 4264 idest,
508 4180 624 4246 domus
660 4181 796 4264 acerbe,
840 4181 913 4246 sive
946 4181 1060 4248 domus
1091 4177 1298 4245 fortitudinis.

138 4284 190 4346 Dc
210 4302 274 4366 quo
295 4286 433 4354 hebetur
454 4285 472 4350 1
494 4285 642 4349 Mecoeb.
669 4289 690 4349 4
710 4294 744 4350 et
763 4286 786 4350 b
805 4303 878 4369 cop.
919 4287 994 4355 Hoc
1015 4283 1201 4442 lerpqlitiuur
1225 4280 1299 4346 delo
