2896 4872
628 317 641 330 Ι

198 401 231 456 et
250 387 458 462 silvestribus
471 383 648 460 “orboribus
671 394 804 478 repleta,
825 403 858 459 et
879 405 994 461 contro
1013 415 1136 462 morem
1159 398 1260 464 illins
1282 410 1375 466 terro

197 499 292 581 aquis
314 505 384 560 erut
407 497 547 562 humido.
623 539 629 548 -
1093 495 1097 501 ’
1253 512 1256 522 ’

279 601 380 666 Porro
402 602 489 668 circe
506 604 671 668 meridiem
693 605 855 673 exivimus
888 615 1049 682 montona,
1068 616 1101 671 et
1121 607 1156 670 in
1179 612 1375 694 compesuit

198 710 271 775 locu
299 709 467 792 venimus,
499 711 720 791 venimusque
749 727 810 772 nos
845 717 958 773 contre
995 720 1138 776 austrum
1185 717 1308 778 stetim
1351 724 1375 778 n

195 814 359 880 mutuom
395 815 547 878 montium
587 823 620 877 et
647 817 681 878 in
710 814 927 878 fertilissimos
962 833 1061 898 egros
1095 819 1267 902 voni-us,
1318 826 1372 904 qni

195 923 284 1008 pleni
304 921 434 984 stabunt
459 920 557 983 olivis
585 927 618 982 et
640 919 720 982 licis.
763 919 945 983 Petivimns
966 931 1072 984 autem
1096 923 1374 986 Trutsebelmen-

194 1047 272 1092 uum
307 1036 470 1106 uestrum,
503 1032 539 1087 ut
574 1026 714 1106 spetlum
751 1023 966 1088 mendncundi
998 1025 1169 1108 indulgeret
1200 1026 1299 1088 nobis
1329 1030 1368 1088 in

197 1135 311 1198 umbre
331 1129 479 1195 orborum
501 1129 642 1213 illorum,
664 1129 724 1191 sed
756 1129 857 1208 noluit
885 1130 1014 1212 dicens,
1037 1131 1122 1214 qued
1141 1130 1260 1194 cameli
1280 1149 1369 1192 οιιε-

199 1241 261 1305 reti
280 1237 354 1301 ideo
377 1254 440 1299 non
461 1235 615 1298 deberent
637 1239 820 1316 exonerari,
852 1253 913 1298 neo
933 1245 1068 1316 possent
1085 1236 1285 1300 siconereti
1307 1235 1369 1298 lire

196 1353 285 1409 sture
306 1355 377 1419 peu
405 1341 477 1404 sine
497 1339 591 1403 nobis
613 1339 768 1402 deberent
788 1339 972 1422 procedere
1009 1341 1052 1402 lllt
1073 1342 1135 1403 hoc
1157 1359 1275 1403 verum
1300 1339 1365 1403 init.

196 1449 255 1513 Sto
285 1465 363 1529 ergo
402 1445 621 1526 processimus
665 1452 697 1506 et
728 1445 762 1507 iu
790 1444 892 1506 asinis
917 1445 1069 1508 sedentes
1102 1445 1307 1509 comedimus
1338 1455 1364 1507 et

196 1554 335 1616 bibimus
357 1569 411 1631 eu,
436 1566 521 1630 quoe
541 1548 581 1611 ud
603 1567 729 1611 monum
752 1549 933 1614 babuimus.
963 1548 1021 1612 Sic
1043 1552 1129 1613 enim
1156 1570 1276 1614 omnes
1298 1570 1361 1613 cum

196 1657 339 1723 oneratis
360 1653 494 1718 ecmelis
525 1654 718 1717 incedentes
746 1655 855 1718 iecere
885 1652 1007 1734 (lle)
1030 1673 1172 1724 necesse
1194 1665 1267 1738 est,
1297 1657 1361 1738 quio
1417 1645 1418 1724 J

198 1769 286 1824 sture
315 1741 390 1824 fixo'
405 1779 470 1822 non
492 1769 630 1842 possunt
657 1761 718 1822 sub
744 1761 915 1842 oneribus,
948 1761 1171 1824 sicut.melius
1194 1761 1361 1841 patebitiu

198 1866 336 1930 trensitu
373 1864 502 1928 deserti.
554 1863 651 1927 Circo
682 1881 840 1946 vesperos
869 1881 889 1924 e
915 1858 1091 1927 ¹montonis
1131 1864 1360 1927 declinavimus

195 1967 347 2052 paulatim
376 1969 462 2030 etin
495 1968 671 2033 latissimos
693 1984 825 2051 compos
844 1969 1051 2031 Pulsestinue
1072 1971 1224 2032 venimus
1247 1973 1282 2032 in
1303 1979 1358 2032 ter·

194 2091 262 2136 rum
288 2072 530 2156 Philistinorum
559 2084 670 2137 contro
701 2075 849 2140 Enetum.
900 2073 1106 2136 Protenditur
1140 2083 1254 2139 eutem
1291 2078 1358 2138 bueo

194 2176 330 2240 latitudo
362 2179 395 2240 in
428 2178 526 2241 lutum
549 2197 568 2240 o
591 2171 751 2242 montonis
787 2178 954 2261 usquead
980 2197 1068 2242 mere
1096 2179 1357 2244 mediterraneum

195 2299 255 2361 per
284 2281 345 2342 triu
372 2282 520 2346 milliaris
543 2287 724 2366 teutonica,
754 2303 813 2367 per
833 2285 970 2366 longum
998 2291 1106 2347 entem
1130 2303 1149 2345 e
1174 2285 1310 2368 Joppen
1333 2291 1359 2345 et

194 2392 306 2446 moute
326 2384 478 2467 liphruim
500 2389 658 2472 usquein
692 2392 854 2473 regionem
888 2388 1044 2453 Geruraru
1065 2390 1099 2451 in
1120 2390 1305 2474 Bersebee‚
1334 2397 1360 2450 et

192 2487 227 2550 in
253 2488 311 2550 ille
331 2490 463 2572 planitie
483 2503 559 2556 sunt
592 2494 744 2557 civitates
775 2495 858 2557 sitae
891 2494 1025 2576 multoe,
1054 2495 1232 2576 praecipue
1262 2505 1361 2557 tumeo
1417 2537 1418 2564 ι

195 2594 355 2678 quinque,
377 2615 462 2679 quse
483 2605 577 2661 erunt
598 2599 727 2680 regales
754 2608 786 2661 et
808 2597 1002 2681 principales
1029 2596 1279 2662 Philistinorum
1299 2601 1363 2660 sive

195 2698 471 2784 Palaestinorum,
508 2721 643 2786 qnorum
671 2705 800 2766 nomine
829 2713 904 2766 sunt
932 2705 1028 2766 boec:
1068 2702 1174 2785 Geth,
1204 2704 1363 2782 Accuron,

113 2807 122 2814 ”
193 2803 333 2887 Azotos,
348 2805 494 2869 Ascalon
508 2804 657 2872 'etGezo
680 2808 718 2869 ln
740 2807 791 2870 bis
813 2809 953 2889 quinque
974 2808 1158 2871 civitatibus
1181 2810 1364 2871 residebunt

192 2910 334 2992 quinque
344 2919 493 2994 satrupee
503 2911 802 2994 Philistinorum,ut
813 2921 901 2993 pelet
914 2915 941 2975 1.
954 2911 1037 2994 lleg.
1049 2913 1106 2975 Vl.
1118 2912 1161 2974 lit
1171 2931 1293 2976 omnes
1308 2915 1363 2976 bue

193 3015 343 3078 civitates
354 3025 430 3077 sunt
446 3017 530 3079 sitae
544 3034 642 3099 super
654 3015 744 3078 littus
756 3016 854 3078 meris
868 3018 977 3098 magni
991 3014 1048 3078 vel
1060 3034 1123 3079 non
1135 3017 1235 3098 longe
1248 3036 1272 3079 ι
1283 3017 1363 3081 muri·

277 3117 365 3204 Geth
386 3119 445 3183 luit
465 3122 505 3183 ob
528 3124 660 3204 antiquo
682 3121 799 3183 civitas
819 3121 986 3202 gigantum
1009 3122 1152 3203 fortium,
1182 3140 1287 3204 quom
1307 3123 1364 3184 Jo-

193 3239 274 3299 suu,
308 3225 359 3286 vir
380 3225 664 3306 bellicoslssimus,
700 3240 887 3308 expugnare
918 3243 982 3288 ncn
1013 3229 1133 3310 potuit,
1166 3228 1256 3289 sicut
1283 3234 1365 3308 putet

192 3328 317 3390 Josoee
334 3329 391 3391 Xl.
413 3329 509 3393 Unde
531 3339 562 3401 et
587 3327 728 3413 Gulietb,
750 3329 850 3412 quem·
867 3333 1030 3413 percussit
1049 3329 1168 3410 David,
1192 3328 1365 3392 Getbueus

191 3430 273 3514 fnit,
296 3441 331 3500 ut
354 3442 444 3516 putet
471 3435 498 3497 1.
520 3433 603 3516 neg.
625 3416 733 3496 XVII.
767 3436 810 3497 Et
829 3437 860 3498 u.
881 3434 964 3518 lieg.
985 3437 1038 3500 21.
1062 3437 1219 3498 recitetur
1237 3432 1280 3495 de
1299 3449 1366 3494 unu

192 3533 340 3600 Gotbooo
376 3556 510 3620 magno,
543 3539 632 3622 quod
651 3525 761 3603 babuit
792 3540 905 3604 xx1v
939 3539 1077 3625 digitos3
1112 3548 1146 3601 et
1177 3538 1286 3602 multu
1308 3537 1367 3602 dir

194 3641 343 3705 dicuntur
364 3641 405 3704 de
426 3643 513 3707 Geth
533 3644 566 3706 in
588 3645 748 3726 scripturo
769 3663 872 3708 sacre.

274 3747 394 3809 Dicunt
416 3749 512 3809 etiem
533 3749 702 3831 historice,
725 3748 809 3831 qnod
831 3754 964 3810 sonctns
988 3745 1244 3830 christophorus
1272 3747 1369 3812 fuerit

191 3849 370 3916 Gethueus.
400 3853 443 3914 nt
465 3851 561 3916 hodie
581 3854 728 3917 homines
749 3854 792 3916 ibi
815 3855 883 3916 riuti
902 3852 1100 3914 robustiores
1121 3862 1155 3914 et
1174 3851 1368 3918 bellicosio-

190 3973 244 4020 res
272 3973 351 4018 esse
385 3943 542 4020 dicuntur.
587 3941 721 4020 Dudum
744 3967 851 4020 eutem
884 3958 946 4020 fnit
978 3955 1143 4018 destructo
1180 3965 1216 4017 et
1240 3957 1368 4019 mansit

150 4059 157 4074 “
189 4075 326 4137 pervum
348 4060 533 4141 villeginm,
555 4060 640 4142 quod
663 4060 783 4124 Giblim
805 4081 899 4134 nunc
915 4061 1061 4150 dicitnr,
1083 4070 1116 4124 et
1137 4079 1202 4124 non
1224 4059 1371 4144 longos

189 4157 318 4236 Joppen
358 4169 391 4220 et
420 4159 487 4240 jem
519 4151 576 4222 vie
591 4165 703 4228 ‚meris
743 4165 795 4244 [e]
824 4167 981 4247 portubus
1013 4165 1123 4231 distat.
1166 4165 1238 4228 Sub
1277 4163 1370 4230 Gen

189 4251 414 4321 descendendo
436 4279 494 4340 per
510 4251 605 4324 ¹littus
626 4266 724 4326 muris
745 4271 855 4348 magni
876 4268 916 4330 ed
940 4269 1003 4332 dno
1028 4271 1176 4334 miliario
1196 4270 1370 4334 teutonico
