2896 4872
869 235 874 246 ι

446 309 451 320 ,
673 247 737 314 293

542 320 548 334 x
657 329 669 342 11
689 333 693 342 ι
788 343 791 350 Ι

704 349 710 370 Ιι

70 411 326 513 Ascalonem,
346 446 448 514 quam
466 438 540 516 epm
562 412 722 516 aliquibus
743 428 856 494 diebus
876 431 1118 522 impugnasset,
1137 447 1178 494 ea
1199 447 1281 494 eon-

77 534 233 600 ditione
263 536 356 598 eives
389 533 517 596 tradere
545 535 575 598 ei
606 536 772 598 civitatem
813 535 914 617 parati
950 543 1057 619 erant,
1092 535 1124 600 si
1170 553 1280 620 regem

19 623 318 706 Jerusalem.
351 636 535 704 (inidonem
585 648 618 701 et
666 640 861 720 Magistrum
922 640 1047 723 templi,
1116 659 1200 734 quoa
1246 641 1281 704 iu

81 743 208 808 bello
206 752 371 826 ceperat,
407 723 610 808 Christianis
633 745 850 807 restitueret·
868 740 962 820 Quae
982 752 1076 827 pacta
1107 727 1281 808 Saladinus

81 850 249 944 libenter
269 848 471 932 amplectens
509 858 638 931 recepta
671 847 818 943 civitate,
845 855 882 910 nt
901 847 934 909 in
956 849 1061 944 pactis
1080 850 1281 950 promiserat,
1305 933 1309 942 Ι

84 971 162 1038 reg
164 973 222 1016 em
248 953 432 1016 Jerusalem
460 971 533 1016 cnm
564 955 727 1035 Magistro
759 938 868 1052 templi
896 949 1005 1029 (282
1015 950 1069 1034 Δ)
1091 959 1127 1016 et
1156 970 1282 1021 omnem
1337 1025 1341 1034 .

34 1137 39 1144 ,
87 1061 239 1124 illorum
280 1058 490 1126 domesticam
529 1058 680 1122 familiam
720 1044 839 1120 liberos
873 1047 965 1128 abire
1005 1057 1166 1139 permisit..
1209 1057 1283 1120 Hae

87 1173 220 1228 autem
246 1161 327 1236 urbe
353 1163 403 1226 sie
430 1165 562 1226 obtenta
591 1162 768 1226 Saladiuus
793 1160 835 1224 ad
870 1161 951 1223 alias
983 1163 1081 1223 urbes
1112 1167 1146 1222 et
1171 1168 1281 1230 eastra

88 1244 375 1334 Christianorum¹
390 1286 428 1330 se
448 1270 608 1332 convertit
635 1276 667 1328 ct
695 1268 729 1328 ιιι
750 1267 843 1354 brevi
863 1267 1017 1346 temporis
1038 1264 1144 1347 spatio
1160 1264 1282 1329 omnis
1344 1307 1348 1313 ·

59 1423 65 1430 .
91 1354 299 1456 subjugavit
328 1372 444 1437 ιιιιιιι
475 1373 637 1456 aliquibus
657 1370 823 1460 ιιιιιιιιιιι
844 1369 1048 1450 evanum,
1069 1368 1192 1453 ιιιριιι
1212 1367 1282 1430 ιιι-

92 1482 187 1544 licet
210 1488 242 1541 et
262 1480 357 1561 Tyro.
382 1475 499 1552 Comes
522 1478 619 1539 etiam
641 1461 870 1558 Tripolitanus,
892 1472 1116 1556 Raymundus,
1138 1473 1282 1556 proditor

48 1583 52 1591 '
94 1586 286 1668 pessimus,
310 1590 406 1644 noete
427 1572 651 1666 praecedenti,
674 1578 832 1663 quando
823 1596 857 1644 ιιι
879 1576 932 1639 die
953 1565 1107 1641 tradenda
1129 1597 1187 1660 per
1208 1595 1282 1650 eum

97 1691 170 1753 fuit
195 1689 311 1760 altiles
331 1686 501 1768 saladino,
516 1687 699 1751 mortuus·
689 1705 734 1748 ιιι
742 1683 845 1746 lecto
853 1690 1001 1782 repertus
1022 1682 1098 1765 fuit,
1131 1691 1165 1746 et
1185 1682 1281 1764 signa

96 1778 336 1875 abnegationis
356 1790 432 1854 fidei
454 1800 486 1852 et
504 1793 659 1872 stigmate
679 1787 939 1866 circumcisionis
954 1803 1036 1848 suae
1069 1795 1102 1848 et
1123 1775 1281 1868 proditio-

94 1903 159 1963 nis
184 1899 312 1962 litterae
340 1895 487 1970 omnibus
518 1903 595 1957 sunt
617 1902 759 1957 ostensa
797 1889 951 1958 sex
893 1909 971 1978 ergo
969 1883 1174 1954 Jerusalem
1195 1887 1281 1953 Gui-

100 2004 170 2084 do,
194 2001 321 2084 perdita
342 1999 473 2061 civitate
494 2017 575 2060 auae
595 1997 684 2060 sedis
705 1997 747 2060 ad
768 1980 922 2078 Tripolim
945 2014 984 2058 se
1005 1994 1150 2075 eontulit,
1171 1994 1280 2076 ibique

102 2126 186 2171 cum
215 2105 283 2166 auis
314 2103 522 2185 principibus
545 2100 701 2166 consedit.
738 2101 827 2162 ¹Est
848 2108 955 2161 autem
990 2097 1146 2188 'l'ripolis
1163 2098 1280 2160 civitas

48 2225 51 2231 '
78 2211 270 2274 'maritima
297 2210 331 2268 in
367 2207 498 2289 regione
531 2205 705 2271 Phoenicis
743 2206 823 2322 sita,
857 2203 949 2267 fortis
980 2212 1011 2265 et
1044 2202 1279 2285 antiquissima,

103 2311 384 2398 negotiationibus
403 2319 487 2393 apta

105 2585 171 2659 De
196 2587 293 2655 statu
320 2579 479 2661 civitatis
512 2593 663 2660 sauctae
701 2582 920 2661 Jerusalem·
944 2589 1029 2682 post
1066 2585 1150 2682 ejus
1190 2603 1278 2682 cap-

108 2703 266 2792 tionem,
301 2709 340 2774 ct
374 2699 421 2777 de
462 2703 610 2801 regibus
647 2710 731 2804 ejus
773 2701 989 2778 tutelaribus
1035 2713 1075 2778 ct
1120 2701 1278 2800 diversis

110 2820 451 2898 trau’sloeationibus
473 2822 567 2898 tituli
588 2824 697 2921 regni
717 2821 1019 2928 Jerosolymitani
1043 2833 1126 2915 ete,
1164 2831 1203 2898 et
1228 2821 1276 2904 de

113 2940 354 3017 commotione
370 2940 484 3015 totius
498 2940 700 3016 occidentis
715 2951 754 3016 et
777 2965 952 3021 succursu
970 2950 1091 3018 terrae
1115 2939 1287 3018 sanese:

197 3142 374 3223 Postquam
395 3143 493 3224 igitur
526 3143 587 3204 fuit
612 3152 726 3206 sancta
760 3101 883 3206 civitas
913 3144 1051 3208 Domino
1080 3145 1125 3208 ita
1143 3143 1278 3234 permitg·

115 3253 205 3310 tenta
242 3247 445 3310 inmanibus
476 3247 725 3310 sarracenorum
759 3251 924 3332 resignata
942 3257 987 3312 -et
1006 3257 1105 3312 totum
1126 3248 1196 3310 fere
1216 3247 1278 3310 Je-

114 3351 376 3433 rosolymitanum
397 3370 532 3434 reguum
563 3352 720 3436 perditum
744 3362 775 3415 et
797 3353 934 3437 populus
955 3353 1147 3416 christianus
1167 3354 1278 3417 multi·-

113 3456 237 3538 plieiter
267 3453 408 3526 afflictus
440 3466 486 3534 etl
502 3456 737 3520 confusibiliter
758 3457 799 3520 de
827 3476 927 3541 regno
955 3457 1080 3540 eiectus
1117 3467 1151 3520 et
1184 3461 1275 3543 Papa

113 3559 262 3624 Urbanus
287 3561 345 3644 Ill.
377 3561 440 3623 hoc
467 3561 605 3642 primum
636 3560 833 3646 audivisset,
864 3582 943 3646 prae
972 3565 1070 3627 nimio
1102 3563 1212 3628 dolore
1244 3574 1278 3636 et

114 3666 239 3728 tristitia
267 3665 376 3728 statim
397 3665 430 3727 in
452 3666 569 3730 lectum
602 3665 721 3730 decidit
752 3677 791 3754 etp
806 3676 951 3732 mortuus
981 3675 1033 3732 cst
1053 3671 1088 3734 in
1117 3671 1277 3756 Ferraria,

15 3829 19 3840 ,
114 3770 164 3832 ubi
185 3780 263 3833 tunc
282 3777 364 3838 erat.
385 3771 434 3831 lbi
455 3770 551 3834 etiam
571 3772 693 3834 sinistri
713 3791 859 3836 rumores
880 3781 912 3835 et
933 3771 1156 3836 lamentabiles
1178 3791 1276 3838 casus

115 3874 264 3938 universa
293 3873 472 3936 occidentis
503 3892 604 3956 regna
646 3884 882 3940 concusserunt
919 3894 1097 3958 omnesque
1125 3895 1221 3962 reges
1241 3887 1276 3940 et
1356 3903 1362 3913 ·

116 3977 272 4058 principes
298 3977 340 4040 ad
361 3978 591 4042 vindicandum
613 3977 869 4045 Christianorum
890 3982 1082 4064 sanguinem
1104 4001 1142 4045 ae
1163 3969 1275 4044 aecin-

116 4086 238 4147 xerunt.
277 4079 375 4145 Anno
403 4101 481 4166 ergo
509 4083 640 4146 Domini
672 4086 762 4153 tres.
794 4092 1006 4147 convocatum
1037 4083 1098 4148 tuit
1123 4084 1276 4168 generale

117 4182 279 4266 eonsilium
300 4184 433 4250 Parisiis
440 4188 502 4269 ,lin
523 4206 587 4271 que
609 4188 814 4252 ammirabilis
836 4197 869 4252 et
888 4187 1087 4251 incredibisss
1101 4183 1275 4252 'mutuando

117 4285 246 4356 militum
261 4303 301 4350 ac
316 4289 458 4370 peditum
476 4293 509 4354 in
526 4291 705 4356 subsidium
721 4299 827 4356 terrae
843 4300 976 4356 saumae
993 4309 1121 4358 crucam
1138 4294 1272 4377 accepit.
