3014 4864
708 271 751 336 117

142 449 251 520 Jus'sit
272 465 380 518 tamen
403 455 510 522 onrria
531 463 625 518 scuta
646 453 741 535 dejici
762 463 794 515 et
806 453 902 516 avelli
924 463 999 517 eta
1019 453 1195 536 perietibus
1211 454 1309 518 abrs-⁶

143 547 187 642 di,
207 567 240 622 et
261 560 294 621 in
316 576 413 621 uuum
435 568 593 644 congesta
614 559 811 622 cumulum
801 575 909 640 iguem
932 559 1012 622 16611
1032 560 1169 644 supponi
1205 577 1308 643 eaque

50 699 56 708 =
142 665 331 751 apmbussit.
380 661 438 726 Sic
470 681 547 746 crgo
578 665 642 725 iam
678 679 743 726 nec
761 669 855 724 scuta
867 663 920 726 lbi
947 671 1034 744 sunt,
1069 683 1130 728 nec
1162 665 1308 749 integrae
1362 681 1365 688 ·

142 769 300 849 picturae,
322 767 380 830 sed
402 781 554 830 corrosae
575 773 606 828 et
629 757 793 830 confusae.

222 871 293 938 Alii
314 891 372 953 per
393 874 544 955 ternplum
569 872 820 935 circumiverunt
849 887 922 932 curn
955 867 1091 932 occultis
1112 867 1262 930 ferreis
1253 883 1306 928 rn-

144 976 350 1058 strumentis,
377 982 411 1038 et
432 975 472 1038 ad
495 976 566 1038 loce
597 983 712 1038 sumta
734 973 927 1037 accedentes
949 972 1075 1055 tepidos
1107 987 1219 1033 sacros
1251 986 1306 1031 m-
1375 1035 1378 1042 ,

143 1078 263 1143 debant
285 1088 318 1142 et
341 1077 495 1142 rodebant
526 1076 568 1139 de
595 1079 645 1142 eis
676 1079 851 1161 particulas
879 1075 1106 1140 descindentes
1127 1084 1160 1137 et
1181 1071 1307 1137 discer-

143 1169 277 1268 pentes,
313 1189 351 1246 ut
389 1181 430 1245 ad
454 1177 543 1243 ¹suas
579 1192 690 1264 partes
722 1167 885 1266 deferrent
927 1201 986 1266 pro
1013 1179 1175 1263 reliquiis.
1234 1178 1323 1240 tioc-

143 1288 292 1369 quemvis
313 1285 456 1368 speciem
493 1287 624 1368 pietatis
652 1287 784 1370 habeat,
817 1289 981 1370 impietate
1000 1295 1107 1350 tamen
1130 1294 1163 1347 et
1190 1283 1310 1346 vitiosa

144 1391 330 1454 curiositate
352 1391 484 1452 minime
502 1397 613 1474 caret,
634 1377 766 1474 privare
788 1393 871 1455 enirn
891 1393 963 1456 1666
973 1401 1087 1456 sancta
1098 1407 1160 1452 suo
1179 1386 1307 1468 decore,

145 1503 180 1557 et
202 1503 353 1558 tnrncare
373 1495 548 1560 artificiose
580 1496 743 1559 laboribus
771 1505 805 1558 et
827 1499 980 1579 expensis
1003 1497 1115 1560 c'rnat'a
1142 1498 1175 1556 et
1196 1491 1308 1555 delor-

144 1618 247 1684 merc,
277 1619 361 1682 qnae
382 1601 461 1679 ratio
483 1599 582 1662 dictat
604 1601 668 1663 nisi
690 1619 818 1683 errans,
840 1603 925 1664 vitio
943 1596 1139 1665 6116666161
1165 1597 1218 1661 lix
1244 1598 1308 1660 lrac

145 1703 247 1770 stulta
267 1707 452 1768 corrosione
474 1704 614 1787 lapidum
633 1703 854 1768 devenimus
846 1727 878 1768 m
900 1723 1035 1789 magnes
1047 1703 1224 1786 angustias,
1241 1719 1309 1762 non

143 1807 261 1890 semel,
289 1809 349 1870 sed
376 1810 461 1892 plus.
484 1805 657 1887 Quadam
686 1827 826 1892 namque
851 1814 930 1875 vice
960 1822 1034 1894 pest
1066 1807 1308 1890 peregrinorum

143 1903 307 1976 recessum
329 1929 402 1976 cum
425 1923 631 1995 pernoctem
653 1931 686 1975 ιιι
698 1913 851 1976 Anastasr
873 1913 1118 1993 mansissemus,
1139 1912 1317 1972 inventurn·

144 2023 195 2110 est
211 2033 315 2096 mane,
339 2003 542 2109 quadrupes
565 2015 736 2078 calvariae
758 2033 888 2080 corrosa
910 2017 969 2077 luit
1001 2023 1033 2076 61
1052 2015 1164 2076 tabula
1192 2031 1308 2074 monu-

144 2120 243 2183 menti
274 2116 928 2200 61166161666611661611661161.06611
957 2107 1032 2180 dum
1057 2119 1110 2180 6111
1133 2116 1308 2180 Christiani

144 2221 317 2288 orientales
338 2221 507 2304 vidissent,
531 2221 782 2286 clamaverunt*
773 2242 806 2286 ιιι
828 2223 966 2286 ecclesia
996 2229 1108 2284 contra
1135 2238 1195 2284 nos
1223 2221 1310 2282 sicut

143 2311 255 2393 centra
277 2328 366 2418 fures
388 2337 420 2390 et
442 2337 600 2416 raptores,
627 2336 660 2390 61
681 2329 820 2392 mrcitata
841 2337 893 2391 est
913 2327 1031 2414 seditio
1053 2328 1085 2388 in
1098 2345 1157 2390 uos
1176 2325 1306 2409 pericu-

144 2433 225 2516 losa,
240 2442 278 2496 61
300 2435 485 2498 comminati
505 2442 581 2496 sunt
600 2433 707 2517 nabis,
730 2434 816 2516 quod
837 2433 956 2498 vellant
979 2434 1132 2517 conqueri
1155 2431 1195 2495 de
1212 2431 1306 2494 nobis

117 2620 124 2631 Ι
146 2534 284 2624 dominis
295 2539 421 2602 Mauris
441 2547 480 2602 61
499 2539 696 2603 sarrecenis.
741 2538 815 2603 Hoc
846 2541 980 2604 audiens
1004 2541 1100 2602 Pater
1122 2537 1306 2602 Gordianus
1332 2562 1339 2572 ·

147 2645 294 2726 ¹expavit,
315 2636 543 2725 considerans,
578 2644 708 2726 mande.
737 2647 830 2708 nobis
865 2647 1032 2708 imminere
1056 2643 1250 2727 periculum,
1273 2645 1306 2701 et

146 2762 258 2807 omnes
276 2765 336 2810 nos
358 2748 399 2810 ad
422 2747 581 2830 capellam
601 2733 718 2812 beatae
739 2750 888 2833 Virginis
912 2749 1105 2812 convocavit
1126 2758 1158 2810 et
1189 2753 1305 2810 aucto·

145 2847 242 2910 ritate
270 2853 448 2933 apostolica
471 2854 763 2942 excommunicavit
784 2871 969 2916 corrosores
1010 2871 1073 2916 nec
1105 2852 1307 2914 deecclesia

145 2953 236 3012 exire
256 2957 411 3036 permisit,
433 2971 602 3037 quousque
630 2956 737 3036 petiae
765 2956 896 3020 decisae
916 2955 1045 3020 'fuerunt
1067 2958 1129 3018 sibi
1147 2969 1306 3036 praesen-

146 3063 243 3125 tatae.
285 3058 329 3118 Et
349 3057 394 3118 116
416 3076 490 3120 curn
504 3059 724 3147 'ignominiosa
747 3060 935 3122 contusione
956 3063 1115 3139 stetimuS,
1141 3065 1175 3130 61
1197 3071 1309 3118 omrtcs

145 3159 179 3224 ia
214 3173 274 3222 uos
307 3167 471 3244 tamquam
506 3163 540 3226 iu
570 3162 749 3245 sacrilegos
785 3163 972 3226 tremebant.
1025 3163 1185 3226 Venimus
1213 3159 1310 3222 etiarn

144 3273 276 3348 propter
297 3266 434 3338 similem
456 3285 587 3336 causam
609 3267 642 3330 1ιι
668 3284 820 3351 magnam
841 3269 1074 3332 tribulationem
1098 3267 1139 3329 atl
1162 3273 1309 3327 sanctam

146 3367 356 3433 catharinam
379 3373 412 3434 iu
434 3371 569 3455 Arabia,
591 3381 623 3434 61
645 3373 792 3454 proiecto
814 3375 943 3438 horrore
966 3384 997 3436 et
1018 3381 1158 3436 tremore
1187 3386 1310 3434 ocricu-

145 3474 217 3567 tior,
236 3473 365 3557 quando
385 3477 546 3540 recordor.
590 3477 725 3543 sesnes
747 3479 832 3542 enirn
855 3479 962 3542 traditi
984 3499 1003 3542 a
1025 3479 1194 3560 calogeris
1227 3477 1309 3558 ipsis

144 3577 324 3662 Arabibus,
358 3599 526 3666 quousque
548 3600 658 3644 amara
689 3585 888 3646 necessitate
920 3588 1023 3648 coacti
1053 3585 1171 3646 fuimus
1203 3582 1311 3644 ablata

145 3701 308 3766 reponere.
353 3687 425 3748 Has
447 3688 651 3750 corrosiones
673 3705 737 3750 non
761 3687 886 3750 faciunt
908 3689 1090 3752 devotionis
1112 3705 1227 3770 causa,
1251 3686 1312 3750 sed
1395 3755 1399 3764 ,

145 3788 244 3871 aliqui
283 3789 409 3851 nobiles
442 3793 579 3873 curiosi,
614 3792 793 3875 aliquarum
830 3796 1040 3860 ecclesiarum
1076 3794 1131 3856 vel
1163 3793 1311 3856 altarium

144 3893 271 3974 patroni
292 3893 355 3957 hoc
376 3894 518 3977 faciunt,
546 3903 581 3957 ut
611 3895 678 3957 illis
707 3875 804 3958 rebus
837 3902 906 3963 suis
938 3901 1087 3964 ecclesiis
1118 3907 1310 3961 concursum

144 3996 307 4063 hominum
341 4001 483 4064 excitent
505 4005 541 4060 et
565 4007 734 4081 quaestum
757 4001 917 4086 habeant,
948 3989 981 4068 61
1009 4009 1053 4066 116
1089 4004 1224 4067 avaritia
1255 4020 1311 4063 eos

146 4102 298 4187 inrigat,
339 4112 374 4167 ut
406 4104 484 4166 talia
520 4102 621 4180 (218
646 4103 703 4187 Α)
737 4113 896 4168 attentent
937 4114 1050 4168 contra
1082 4107 1311 4191 prohibitiones

148 4207 327 4288 peregrinis
349 4205 472 4292 lactas,
496 4209 548 4272 fol.
572 4209 614 4273 89
634 4211 661 4271 Β
687 4211 719 4273 in
744 4213 856 4292 quinto
889 4221 921 4274 61
943 4212 1032 4274 XVl.
1063 4214 1170 4294 artic,
1200 4219 1233 4272 et
1257 4209 1310 4270 161.

149 4311 211 4374 110
237 4309 275 4394 Β,
305 4311 338 4374 in
370 4314 427 4376 lV.
461 4323 494 4376 et
531 4315 603 4377 Xll.
640 4313 827 4382 erasmus
858 4325 964 4380 autem
994 4323 1045 4377 est
1071 4315 1113 4400 de
1144 4315 1225 4404 illis,
1258 4315 1313 4396 qui

1080 4415 1099 4470 7
1405 4415 1407 4422 ,
