2896 4872
549 139 560 170 d

30 425 204 506 figere
230 413 416 504 planitiem,
433 435 472 482 eo
493 423 579 488 anno
600 425 688 482 more
706 433 767 482 sno
788 437 853 482 non
876 419 1025 484 ascendit
1047 421 1087 486 ad
1109 425 1249 508 signnm,

30 528 144 591 mort
170 527 301 590 solent·
314 543 434 608 ponere
455 522 621 607 Aegyptii,
644 521 706 584 sed
725 539 873 604 magnam
895 532 1018 607 partam
1048 537 1152 594 torrae
1179 528 1249 592 dis-

30 641 258 715 oopertam
288 639 322 693 et
355 631 477 702 siccam
505 627 650 711 reliquit,
682 626 768 710 quod
794 647 863 692 non
899 631 984 694 arari
1014 650 1077 696 nec
1095 625 1248 697 seminari

30 738 165 800 :valuit
187 735 254 798 illo
282 753 378 798 anrro.
423 729 532 810 Quare
558 730 721 794 Soldanus
750 733 889 796 mturam
916 735 1034 800 timens
1071 739 1248 821 caritatem,
1289 771 1291 776 v

30 861 112 904 aua
147 841 233 904 cum
259 837 444 902 Corradirio
468 837 566 899 fratre
585 853 657 918 suo,
687 837 749 900 snb
770 837 822 901 his
851 840 958 921 pactis
987 831 1101 922 pacem
1133 834 1248 905 obtulit

30 945 286 1024 Christianis,
311 937 353 1006 'ut
386 942 511 1004 scilicet
551 958 696 1026 erucem,
726 959 812 1024 quae
842 941 918 1006 olim
949 953 1045 1028 capta
1079 945 1183 1020 iuerat
1212 948 1248 1009 in

30 1050 209 1112 uictoria
234 1035 382 1110 Saladini
413 1065 487 1110 cum
516 1046 649 1124 ciuitate¹
666 1051 792 1109 sancta
811 1047 994 1111 Jerusalem
1033 1055 1068 1110 et
1097 1037 1248 1120 omnibus

30 1155 230 1237 captivis,
255 1155 310 1235 qai
332 1161 392 1234 per
410 1151 599 1232 Aegyptum
621 1159 653 1212 et
678 1167 811 1232 regnam
833 1151 988 1214 Damasci
1008 1155 1077 1216 vivi
1096 1163 1247 1236 poterant

30 1257 227 1342 reperiri,
257 1257 389 1338 insuper
417 1263 451 1316 et
477 1264 602 1316 sumtus
630 1253 671 1316 ad
705 1255 902 1338 reparandos
935 1274 1043 1320 muros
1064 1259 1246 1322 Jerusalem
1356 1273 1362 1280 ·

30 1361 227 1444 redderet
256 1361 322 1442 eis,
353 1367 387 1422 ct
413 1367 516 1420 totum
539 1346 673 1441 regnum
697 1360 1023 1446 Jerasotymitannm,
1046 1361 1131 1445 qnod
1150 1369 1246 1425 antea

30 1467 256 1538 ¹Christiani
279 1451 456 1546 tenuerant,
479 1466 663 1526 restitueret
683 1481 726 1527 ex
744 1467 881 1547 integro,
901 1475 932 1527 et
954 1465 1191 1529 Praecurchum
1212 1475 1246 1530 et

35 1580 215 1636 montem
245 1569 405 1651 regalem,
427 1575 606 1650 quaesunt
629 1561 691 1630 duo
714 1578 821 1634 castra
841 1569 911 1632 urbi
921 1570 1104 1633 Jerusalem
1125 1572 1245 1655 vicina,

41 1695 117 1760 per
162 1691 250 1758 quae
279 1653 476 1736 mercatores
497 1672 746 1735 Sarracenornm
775 1683 807 1737 et
839 1677 1079 1758 peregrinorum
1091 1677 1244 1743 Meccam

40 1781 248 1846 tendentes
269 1780 410 1842 transire
431 1777 548 1841 solent.
581 1779 666 1840 'Hoc
681 1777 844 1842 Soldanus
866 1780 1245 1866 totnmrvolebatagera,

48 1884 248 1950 dummodo
268 1865 444 1947 Christiani
466 1883 506 1945 ab
528 1886 769 1965 impugnatione
790 1866 961 1946 Damiataa
993 1877 1186 1948 desisterent
1212 1887 1247 1950 et
1361 1874 1367 1889 ‘

51 1992 186 2054 soluta
208 1987 376 2052 obsidione
396 1988 428 2049 in
451 1986 578 2068 Syriam
602 1989 713 2069 copias
734 2005 811 2048 suas
833 1986 1032 2050 reducerent.
1126 1987 1138 2001 ''

160 2093 255 2154 llaec
279 2101 375 2175 pacta
392 2091 591 2174 acceptanda
612 2110 687 2154 esse
720 2092 848 2180 omnino
875 2099 907 2153 et
929 2090 1122 2156 Christiania
1150 2094 1246 2156 valde

58 2199 173 2261 utilia
193 2199 348 2260 censebat
375 2196 621 2261 rexJohannes
639 2197 821 2259 Jerusalem
852 2203 890 2257 et
916 2213 1029 2258 omnes
1057 2197 1184 2260 nobi-les
1212 2207 1246 2261 et

62 2302 138 2366 dux
167 2301 320 2364 Austriae
342 2311 374 2363 et
396 2319 509 2363 omnes
531 2302 691 2382 capitanei
712 2301 991 2384 Theutorricornm,
1015 2300 1075 2363 sed
1091 2301 1245 2384 Pelagius

62 2409 206 2489 legatas
226 2403 297 2492 ipse
317 2413 350 2466 at
371 2405 553 2487 patriarcha
560 2450 575 2487 ,
602 2406 746 2487 episcopi
768 2414 801 2467 et
831 2405 1058 2488 archiepisopi,
1093 2406 1245 2489 Templa-

66 2514 107 2575 rii
132 2518 172 2572 et
192 2510 416 2592 Hospitalarii,
438 2509 624 2573 Veneti-et
647 2507 842 2591 Gennenses
874 2519 906 2572 et
935 2511 1055 2573 caeteri
1083 2511 1156 2572 Itali
1193 2512 1245 2574 his

70 2596 183 2698 pactis
208 2633 245 2676 se
267 2615 526 2696 opponebantet
547 2615 632 2676 iacta
652 2615 712 2704 init
734 2614 867 2698 grandis
900 2615 1017 2678 divisio
1044 2615 1077 2676 in
1099 2618 1245 2678 exercitu

72 2728 200 2782 inostro.
240 2719 407 2801 Principes
429 2719 523 2794 ‚enim
552 2717 737 2780 saeculares
759 2739 830 2781 oum
853 2718 952 2800 vulgo
984 2728 1078 2801 quarn·
1110 2718 1247 2782 libenter
1340 2753 1343 2768 ·

77 2841 194 2905 paoem
215 2825 415 2905 accepissent
436 2840 508 2895 cnm
531 2823 797 2886 civitatesancta
808 2821 991 2884 Jerusalem
1004 2831 1037 2883 et
1057 2831 1124 2884 toto
1146 2842 1246 2906 regno

80 2936 115 2990 et
145 2925 338 2990 obsidionem
367 2926 543 2990 solvissent
576 2935 610 2990 et
638 2929 700 2990 hoa
729 2929 847 2990 bonum
881 2933 914 2987 et
948 2925 1088 2987 salutare
1118 2927 1245 3010 fuisset,

84 3031 191 3094 sede
216 3033 371 3096 contrario
402 3032 530 3114 legatus
559 3039 594 3094 et
625 3031 839 3094 ecelesiastici
859 3029 995 3111 praelati
1026 3047 1097 3091 eum
1127 3031 1246 3093 italicis

83 3137 308 3199 mercatoribus
346 3136 540 3218 clamabant,
574 3136 761 3218 capiendam
796 3134 999 3213 Damiatam,
1026 3133 1246 3218 aestimantes,

85 3242 213 3303 civitate
232 3259 270 3302 ea
291 3241 427 3304 subacta
446 3241 583 3304 faciliter
607 3248 674 3302 tam
695 3239 934 3321 Jerosolymam
956 3247 1051 3320 quam
1081 3238 1145 3300 alia
1165 3241 1246 3303 snb-

83 3345 224 3426 jicienda.
267 3343 335 3408 Sed
355 3347 410 3428 qui
431 3344 526 3407 nimis
558 3346 725 3428 emungit,
758 3337 846 3406 elicit
873 3346 1074 3426 sanguinem.
1127 3343 1184 3408 Sic
1213 3354 1246 3408 et

87 3450 149 3512 illis
169 3452 304 3532 contigit,
327 3451 404 3532 quia
424 3452 588 3532 negotium
600 3451 673 3512 ‘lroo
686 3446 770 3512 malo
791 3457 1015 3531 prosperatum
1039 3450 1099 3512 luit
1120 3451 1153 3511 in
1170 3450 1244 3512 line.

89 3552 246 3637 Cupiditas
269 3553 674 3632 enimeoclesiastiooram
697 3563 729 3616 ot
749 3554 940 3617 insatiabilis
962 3557 1098 3617 avaritia
1120 3573 1247 3618 merca-

92 3667 201 3746 torum,
221 3661 335 3744 quihus
355 3659 409 3720 hio
431 3661 619 3742 agebantur,
645 3659 682 3722 in
700 3661 817 3722 bonnm
838 3653 936 3721 finem
969 3669 1056 3722 recte
1085 3658 1248 3724 deducere

92 3779 153 3824 non
172 3771 319 3844 poterant.
364 3763 485 3826 Verum
511 3765 585 3845 quia
605 3765 766 3846 Damiata,
781 3765 927 3845 superba
947 3765 1044 3825 maris
1056 3762 1245 3826 dominatrix

97 3871 127 3924 ct
157 3863 402 3930 Christianorum
431 3867 614 3950 spoliatrix,
654 3869 758 3930 stabat
789 3867 977 3950 premenda,
1010 3867 1129 3933 idcirco
1163 3869 1245 3930 haec

100 3969 194 4030 omnia
208 3979 280 4032 aaut
301 3971 457 4034 divinitus
476 3973 645 4053 permissa.
699 3972 781 4036 Cam
810 3990 886 4054 ergo
909 3971 1083 4035 Saladinus
1108 3973 1172 4034 iam
1204 3969 1245 4032 de

98 4087 171 4152 paca
188 4071 395 4157 desperasset,
418 4077 500 4140 olam
523 4076 564 4138 de
575 4085 670 4140 nootc
684 4095 835 4159 magnam
848 4076 1085 4140 multitudinem
1101 4074 1244 4157 peditum

100 4175 176 4238 misit
200 4177 229 4240 in
253 4180 433 4264 civitatem,
464 4181 506 4243 da
534 4183 775 4264 quibusmulti
804 4200 825 4243 a
854 4163 976 4244 nostris
1007 4180 1092 4261 eapti
1108 4185 1188 4243 {snat
1211 4187 1244 4240 at

100 4281 197 4344 occid.
232 4279 368 4360 Quidam
392 4293 499 4350 antem
524 4285 646 4349 milites
669 4305 710 4348 ex
739 4285 889 4349 mandato
919 4285 1017 4366 legati
1047 4280 1089 4345 ad
1120 4289 1242 4365 portam
