2962 5022
676 427 811 532 ,486

198 597 398 676 Alexandria
412 607 662 693 fabricaverunt,
675 607 717 688 ut
731 605 855 670 die'etur
876 607 931 669 soi.
953 607 1031 671 131.Ι
1050 607 1148 670 Hnno
1169 623 1249 688 ergo
1265 605 1359 669 iudum
1428 659 1429 690 p

199 733 272 780 cum
293 716 377 777 bove
398 722 429 775 et
444 711 547 775 vituio
567 711 719 774 viderunt
741 709 797 774 fliii
813 712 913 773 israel
937 720 970 775 et
991 711 1063 773 ideo
1084 710 1235 791 vituium,
1248 718 1360 772 taurum

194 819 359 901 juvenem,
381 835 423 880 ex
444 834 522 879 auro
544 816 716 878 conflatum
741 835 799 897 pro
827 811 898 878 deo'
916 817 1002 878 siout
1032 814 1189 896 Aegyptii
1221 815 1283 875 sibi
1303 813 1363 874 ele-

198 931 316 1006 gerunt
339 924 438 1005 eique
460 919 655 1010 chorizando
677 928 710 982 et
742 919 956 982 sacrificando
978 930 1009 982 et
1031 900 1363 1010 aitaaeoonstrnendn

198 1027 285 1090 siout
307 1028 341 1090 iu
360 1026 515 1110 Aegypto
536 1023 701 1107 viderant,
723 1024 843 1114 cultum
864 1014 1090 1106 'impenderunt
1111 1026 1143 1088 iu
1165 1023 1228 1084 hoc
1249 1039 1361 1103 campo.

283 1134 322 1212 ln
345 1147 519 1214 progresso
540 1129 689 1192 venimus
710 1129 742 1190 iu
765 1129 884 1204 locum,
908 1129 963 1191 ubi
983 1129 1093 1211 magni
1115 1125 1236 1190 cumuli
1259 1144 1364 1188 arena-

201 1241 270 1300 rum'
304 1246 394 1299 erant
427 1243 458 1298 et
490 1243 575 1296 terra
605 1240 784 1313 tumorosa3
817 1213 850 1296 in
886 1213 950 1315 quo
981 1234 1053 1295 loeo
1087 1231 1205 1314 sepulti
1227 1231 1362 1294 dicuntur
1428 1301 1429 1310 ἵ

201 1340 306 1404 fnisse
327 1339 386 1422 iili,
401 1339 455 1421 qni
475 1343 607 1420 propter
627 1336 838 1416 idololatriam
860 1337 946 1399 iiiam
965 1337 1092 1424 fuerunt
1105 1337 1225 1419 Moyse
1241 1337 1363 1419 jubente
1428 1329 1429 1372 ¹

201 1444 374 1526 interfecti,
395 1443 507 1505 xxm
539 1441 820 1524 miliia-virorum,
849 1451 882 1504 ut
912 1441 1046 1502 habetur
1067 1441 1171 1504 Exodi
1193 1432 1320 1504 xxxn
1339 1448 1364 1498 et

203 1547 232 1610 1.
256 1545 330 1610 Cor.
354 1548 395 1609 X.
440 1529 688 1627 consequenter
710 1545 917 1608 ascendimus
943 1532 975 1607 in
996 1544 1051 1607 itia
1072 1544 1147 1608 lata'
1165 1545 1255 1616 vaiie
1282 1554 1314 1606 et
1333 1542 1366 1604 ad

132 1690 147 1712 .
202 1651 307 1731 ipsam
329 1657 451 1712 arctam
472 1649 590 1712 veliem
614 1632 779 1730 venimus,
798 1669 857 1732 per
876 1637 970 1731 quam
992 1650 1056 1711 itur
1085 1648 1125 1710 ad
1147 1649 1366 1712 monasterium

202 1752 237 1814 S.
258 1751 470 1835 Catharinae,
492 1771 550 1834 per
569 1770 664 1834 quam
694 1738 897 1835 ingressi-in
911 1738 1044 1815 ¹honum
1074 1737 1261 1816 monasterii
1281 1732 1386 1814 veni-¹
1428 1795 1429 1854 p

143 1925 147 1933 p
202 1875 292 1939 mus,
325 1858 379 1938 qui
408 1857 523 1919 hortus
555 1873 579 1930 a
606 1875 698 1919 muro
737 1858 921 1921 monasterii
955 1857 1122 1920 deseendit
1155 1877 1214 1940 per
1247 1859 1368 1938 tongum
1428 1859 1429 1920 i

202 1963 344 2043 spatium
362 1969 406 2052 ¹et
436 1952 602 2043 irri'ga'tnr‘
618 1979 657 2022 eo
679 1961 791 2046 modo,
813 1945 911 2024 sicut
930 1962 1042 2024 hortus
1074 1959 1114 2024 a'd
1135 1961 1197 2024 iila
1231 1963 1367 2040 sanctos,
1428 1999 1429 2014 2

203 2077 296 2152 prout
318 2064 434 2140 ibidem
458 2065 661 2128 dictumest.
700 2065 760 2126 Est
791 2074 897 2138 antem
919 2067 1030 2129 hortus
1052 2068 1196 2129 consitus
1218 2064 1313 2128 olivis
1340 2075 1366 2124 et
1428 2051 1429 2056 ’

205 2174 327 2238 diversi
345 2171 492 2255 'generis
526 2161 710 2249 arboribus,
746 2187 885 2260 maguus
916 2178 949 2233 et
981 2171 1174 2246 solatiosus,
1213 2180 1247 2233 et
1280 2171 1370 2232 muita

203 2287 279 2360 aunt
306 2261 338 2340 i'u
375 2296 413 2339 eo
430 2275 535 2356 ¹loca,
553 2267 610 2334 'de
630 2255 747 2356 quibus
782 2275 900 2338 mentio
937 2275 974 2337 iit
995 2276 1028 2336 in
1064 2293 1159 2338 saera
1196 2265 1368 2358 scriptura.
1428 2347 1429 2352 γ

203 2382 288 2458 Dum
311 2399 389 2462 ergo
410 2399 467 2463 per
487 2379 612 2441 hortum
636 2377 853 2460 ascendimus,
866 2379 962 2460 jussit
984 2388 1217 2462 nosostensor
1236 2379 1372 2442 locorum

204 2480 333 2556 sursum
355 2485 388 2545 in
406 2484 486 2566 juga
505 2472 657 2545 montium
682 2473 838 2564 aspicere.
870 2481 1021 2546 Vidimus
1042 2483 1197 2546 autemin
1219 2483 1374 2546 altissima
1428 2517 1429 2552 t

204 2591 301 2670 rupe,
324 2607 406 2675 quae
434 2567 600 2669 consurgit
622 2591 706 2649 ”anto
727 2594 865 2679 montem
890 2583 996 2668 0reb,
1019 2587 1154 2649 vitulum
1177 2595 1321 2678 stantem
1341 2595 1372 2646 et

183 2699 317 2753 ’contra
338 2708 398 2752 nos
420 2691 657 2772 respicientem,
676 2691 770 2774 ‘quasi
791 2700 946 2772 paratum
959 2690 998 2776 ad
1021 2684 1203 2754 'saltandum
1228 2691 1376 2754 deorsum
1428 2713 1429 2718 ¹

205 2801 239 2855 et
262 2785 416 2876 apparuit,
430 2793 475 2854 ita
497 2795 670 2857 manifeste
691 2785 762 2856 oum
793 2795 941 2858 omnibus
969 2795 1172 2902 lineamentis
1193 2803 1227 2856 et
1250 2795 1378 2878 quanti-

205 2906 272 2964 tate
298 2897 422 2978 debita,
444 2897 534 2958 acsi
565 2917 645 2960 vere
667 2899 783 2960 animal
806 2899 938 2981 fuisset,
969 2899 1022 2960 vei
1045 2907 1237 2982 apparenter
1258 2892 1379 2961 uitulus
1428 2903 1429 2954 i

206 3005 322 3068 suisset
344 3001 449 3074 faetus
470 3008 556 3084 arte,
577 3001 727 3094 seduco
762 3003 918 3065 itatnraiis
951 3021 1013 3065 nec
1047 3003 1225 3066 artificialis
1260 3003 1381 3066 vitutus
1428 2995 1429 3050 ἶ

207 3117 269 3191 est,
292 3117 342 3170 est
364 3115 470 3169 antem
492 3106 649 3189 quaedam
672 3125 769 3188 rupes
792 3108 825 3169 in
857 3108 955 3170 altum
978 3116 1145 3188 protensa,
1174 3105 1273 3188 cujus
1292 3125 1383 3169 snm-
1428 3171 1429 3180 p

206 3215 303 3276 mites
325 3213 397 3274 sine
413 3213 607 3282 ,intentione
640 3209 778 3291 alicujus
810 3213 949 3285 hominis
982 3221 1075 3294 rupta
1106 3218 1157 3272 eat
1179 3216 1213 3270 et
1236 3211 1384 3272 ‘inferius
1428 3231 1429 3264 t

206 3320 356 3401 inspecta
387 3314 514 3378 videtur
536 3331 615 3376 esse¹
632 3314 763 3376 vitulus,
806 3315 900 3377 Unde
929 3315 1046 3378 fratres
1074 3315 1262 3376 monasterii
1283 3331 1384 3395 saepo
1428 3307 1429 3350 ¹

207 3406 292 3483 moti'
304 3421 491 3484 curiositate
510 3417 725 3482 ascenderunt
741 3428 891 3502 montem,
906 3419 964 3481 sed
986 3417 1105 3481 nuliam
1126 3417 1221 3480 vituli
1246 3418 1384 3500 figuram

208 3527 360 3606 superius
392 3524 539 3586 invenire
571 3531 757 3604 potuerunt,
789 3522 847 3585 sed
888 3522 991 3585 solum
1028 3525 1186 3607 abruptas.
1210 3530 1330 3602 petras
1357 3529 1385 3580 et

208 3623 358 3703 scopulos
399 3636 604 3710 praeruptos,
642 3629 697 3710 qui
736 3626 873 3689 inferius
919 3610 1052 3710 figuram
1091 3625 1185 3688 vituii
1229 3625 1386 3688 videntur

206 3726 326 3789 habere
357 3727 441 3789 siout
483 3748 596 3793 saxum
638 3733 672 3793 in
704 3732 838 3814 Aegaeo
875 3734 956 3794 mari
1002 3740 1067 3812 eat,
1105 3727 1191 3812 qood
1241 3731 1384 3813 figuram

206 3831 304 3895 habet
341 3847 458 3912 caprae
492 3851 512 3896 a
542 3835 640 3918 longe
660 3837 874 3918 inspectum,
907 3844 1039 3918 propter
1076 3833 1161 3917 quod
1198 3841 1234 3896 et
1277 3838 1388 3918 ipsun

207 3955 296 4002 mare
320 3936 470 4018 Aegeum
504 3938 634 4023 dieitur,
657 3942 731 4025 quia
763 3959 864 4022 aegeo
893 3939 1008 4002 dicitnr
1037 3951 1156 4021 graece
1185 3954 1300 4020 capra.
1350 3939 1391 4000 Et

208 4045 240 4107 in
276 4043 340 4106 aiio
366 4041 437 4104 loeo
467 4045 564 4105 maris
592 4043 731 4108 vidimus
763 4043 929 4126 scopulum
966 4045 1059 4127 quasi
1090 4041 1211 4124 aspidis
1248 4041 1394 4106 formam

207 4148 379 4211 habentem
414 4163 434 4214 a
462 4149 608 4229 remotis,
637 4149 694 4211 sed
733 4149 807 4212 dnm
842 4167 943 4231 prope
977 4163 1134 4228 essemus,
1156 4153 1226 4208 erat
1261 4145 1397 4228 grande

208 4263 335 4319 suum.
376 4249 433 4311 Sic
455 4249 528 4312 dum
560 4253 638 4334 quis
670 4253 817 4319 ascendit
845 4253 886 4314 de
908 4250 1025 4335 oppido
1046 4249 1237 4331 Wisastaig
1266 4265 1398 4314 versus

208 4345 346 4426 Ulmum,
368 4351 497 4414 videtur
519 4354 552 4414 in
574 4353 639 4416 atto'
661 4349 772 4437 procul
795 4364 885 4438 petra
907 4355 1131 4437 erecta,quasi
1150 4352 1251 4417 homo
1272 4356 1399 4436 senip-

180 4495 184 4501 -
210 4445 274 4516 ¹¹¹³,
315 4447 373 4504 sed
408 4449 483 4512 dum
515 4455 610 4516 homo
642 4477 742 4540 prope
763 4461 871 4541 veuit,
885 4449 972 4523 ‘ninii
1005 4467 1154 4542 apparet,
1187 4457 1255 4521 uisi
1293 4473 1401 4542 rupe·
