2842 4882
779 251 846 314 rso

244 443 336 507 nohis
368 434 532 520 apparuit,
564 431 600 494 S.
620 431 761 514 Moyses
782 432 911 514 insigne
938 429 1119 514 pmdigium
1154 428 1264 510 vidit,
1298 428 1364 491 scili

244 549 350 628 ignem
374 541 486 603 rubum
509 537 748 600 comburentem
779 545 813 598 et
842 537 915 618 ejus
937 535 1133 598 viriditatem
1156 543 1192 594 et
1216 534 1329 595 florem
1342 549 1364 590 ov

243 649 373 712 iateous
394 643 622 724 depascentem
646 649 679 700 et
700 639 774 721 ejus
801 657 907 702 noros
938 639 1123 701 fructiferos
1152 637 1251 700 nulio
1280 631 1364 698 inoeul

245 752 482 827 devastantem,
502 745 654 826 quamvis
674 744 802 805 flamma
822 742 921 804 velox
941 751 975 804 et
994 742 1178 804 vehemens
1198 743 1303 802 nimis
1321 755 1364 800 ese

330 853 446 916 Stabat
468 858 574 912 autem
606 849 705 910 rubus
734 846 889 909 mirabitis
916 845 972 907 ille
1002 847 1035 906 in
1056 843 1151 920 loco,
1184 846 1248 907 uhi
1271 855 1364 905 nunct

248 951 423 1025 unionum
451 955 576 1016 hienae
608 951 648 1014 ad
681 951 809 1014 llohum
832 949 865 1012 in
887 949 994 1030 capite
1020 947 1202 1029 ecclesiae,
1238 949 1325 1010 unde
1343 961 1364 1003 rt

246 1067 310 1128 hoe
329 1064 465 1143 rroyses
495 1055 669 1120 ammirans
700 1054 856 1134 vidisset,
885 1052 966 1114 dixit
994 1053 1027 1114 in
1049 1069 1088 1112 se
1109 1053 1203 1133 ipso:
1242 1052 1364 1115 vadant

248 1166 366 1230 videbo
388 1163 546 1226 visionem
568 1160 654 1220 hanc
674 1175 841 1238 maguam,
863 1173 964 1237 quare
982 1175 1047 1218 nou
1078 1157 1297 1218 comburatur
1315 1155 1364 1215 mhi

248 1273 292 1332 Et
312 1268 387 1330 dnm
408 1277 466 1348 per
488 1263 666 1324 districtum
686 1269 845 1342 pergeret
877 1269 909 1322 et
931 1262 1011 1323 ruho
1043 1261 1290 1322 flammescenti
1309 1271 1364 1338 eppo

248 1374 432 1456 pinqoaret,
454 1385 591 1429 exorsus
613 1375 665 1428 cst
688 1367 718 1427 ei
735 1365 893 1426 Dominus
913 1365 1011 1446 loqui,
1032 1373 1066 1426 ut
1086 1363 1234 1428 hahetur
1247 1363 1339 1425 Exodi
1351 1355 1364 1416 ll

332 1475 384 1534 Ab
408 1493 447 1534 eo
467 1488 546 1551 ergo
567 1469 641 1532 loco
662 1478 735 1551 post
756 1469 899 1531 camelos
921 1476 954 1529 et
974 1469 1084 1530 asinos
1105 1475 1230 1530 contra
1262 1477 1364 1528 mount

248 1577 329 1639 rium
359 1575 603 1654 properavimus
629 1583 662 1636 et
684 1573 759 1636 dum
792 1572 833 1633 ad
855 1572 1011 1654 plateam,
1039 1588 1125 1653 quae
1156 1581 1213 1633 est
1243 1581 1315 1633 ante
1333 1569 1364 1627 m

249 1677 435 1742 monasterii
457 1677 680 1758 venissemus,
701 1679 884 1739 invenimus
906 1677 949 1739 ihi
972 1675 1127 1737 sedentes
1149 1677 1278 1738 multos
1298 1673 1364 1734 Aeli

231 1763 339 1846 ¹ruore
369 1799 430 1843 suo
450 1791 608 1863 armatos,
642 1784 697 1863 qui
720 1783 806 1843 fame
827 1789 965 1864 cogente
986 1779 1028 1840 de
1048 1779 1280 1860 penetralibus
1305 1779 1364 1840 dett

252 1885 432 1951 ascendunt
462 1885 503 1947 ad
532 1888 759 1948 monasterium
791 1905 850 1968 pro
880 1887 982 1948 frusto
1009 1885 1104 1966 panis
1134 1885 1315 1965 paximatii.
1351 1877 1364 1934 l

252 1993 363 2056 horum
387 1999 594 2071 conspectum
617 1990 751 2052 multum
775 1991 955 2057 corrtvrhati
978 1990 1112 2068 fuimus,
1143 1989 1303 2051 timentes
1321 1985 1364 2045 trist

252 2097 312 2159 lari
344 2105 420 2158 ante
441 2103 551 2177 portas
572 2096 759 2156 monasterii
784 2083 825 2155 ah
846 2098 905 2156 eis.
949 2091 1178 2156 Ascenderant
1201 2095 1302 2155 ctiam
1331 2083 1364 2149 nd

254 2197 445 2278 nobiscum,
468 2199 523 2280 qui
545 2198 639 2258 nohis
660 2197 693 2258 in
716 2196 820 2273 deviis
841 2197 962 2260 deserti
982 2197 1212 2260 adhaeserant.

337 2303 597 2378 Exoneravimus
627 2320 705 2383 ergo
727 2303 850 2364 bestias
881 2312 1010 2364 nostrus
1031 2310 1064 2362 et
1084 2318 1216 2362 omnem
1238 2291 1364 2381 supellec

254 2404 317 2464 lem
339 2403 372 2464 in
393 2423 491 2464 unum
511 2403 672 2466 cumulum
694 2408 961 2488 congregavimus
976 2424 1114 2488 eumque
1136 2403 1364 2466 cirmmstetivt

254 2526 297 2567 ne
324 2505 443 2586 aliquid
476 2517 627 2587 raperent
666 2520 856 2590 praesentes
890 2519 1045 2593 raptores.
1091 2508 1290 2598 ¹tludieutes
1318 2517 1364 2566 auu

255 2610 371 2671 fratres
394 2608 566 2671 adventum
589 2621 621 2672 et
642 2615 857 2694 praesentiam
891 2624 1033 2677 nostram
1062 2614 1191 2696 egressi
1230 2621 1308 2672 sunt
1325 2607 1364 2682 dp

259 2722 294 2776 et
314 2715 398 2774 bene
419 2724 634 2795 susceperunt
655 2735 716 2778 nos
737 2727 768 2779 et
787 2717 940 2798 juverunt
961 2735 1022 2780 nos
1044 2736 1170 2779 omnem
1190 2715 1364 2797 supellechl

257 2820 347 2881 intus
375 2819 418 2880 ed
447 2819 552 2880 locum
584 2821 747 2900 hospitum
781 2829 919 2902 portare.
971 2825 1009 2884 lu
1028 2821 1107 2898 'ioco
1138 2819 1308 2903 hospitum
1334 2829 1364 2876 ert

258 2923 369 3007 plures
395 2922 532 2984 cellulae
553 2925 682 2986 omnino
701 2943 843 3006 vacuae,
862 2935 895 2986 et
915 2944 971 3006 per
988 2927 1070 2986 istas
1092 2923 1272 2987 divisimus
1293 2933 1364 2998 nost

259 3030 444 3091 societates.
493 3028 571 3090 Erat
598 3030 692 3090 etiam
719 3029 813 3109 juxta
841 3027 976 3090 cellulas
997 3046 1062 3090 nna
1088 3029 1218 3109 capella
1243 3029 1364 3090 Latium

256 3150 329 3193 cum
351 3130 443 3192 altari
465 3139 497 3192 et
528 3133 590 3210 ibi,
626 3133 703 3214 qnia
736 3132 876 3194 noudum
911 3131 1062 3194 meridies
1093 3133 1268 3216 transivit,
1300 3127 1364 3209 (itt

257 3253 341 3297 unus
364 3234 404 3294 de
425 3238 604 3316 peregrinis
628 3238 759 3297 missam
781 3239 876 3298 nohis
897 3237 996 3318 legit,
1029 3255 1123 3318 quam
1147 3253 1224 3298 cum
1256 3238 1364 3300 devoti

258 3337 451 3400 audivimus.
485 3339 564 3400 Post
585 3341 721 3402 Missam
743 3341 832 3422 ligna
852 3339 894 3401 ad
916 3341 1084 3422 coquinam
1108 3343 1252 3404 emimus
1277 3362 1298 3404 a
1319 3353 1364 3402 mol

258 3440 330 3502 chis
353 3450 387 3502 et
408 3442 449 3503 de
469 3443 653 3525 provisione
676 3454 796 3524 nostra,
811 3463 906 3527 quam
929 3443 970 3505 de
995 3452 1082 3506 terra
1103 3453 1223 3507 saneta
1243 3447 1364 3508 tuleram

257 3546 349 3607 cibos
370 3547 516 3608 coximus
539 3556 571 3607 et
593 3548 877 3622 manducavimus,
907 3546 1024 3610 deinde
1046 3547 1087 3610 ad
1109 3550 1364 3630 quiescendum

257 3648 438 3712 locavimus
457 3657 491 3712 et
512 3652 622 3733 quiete
643 3651 733 3712 linita
754 3651 785 3712 in
807 3651 979 3714 ecclesiam
1008 3651 1043 3714 S.
1070 3649 1274 3716 catharinae
1296 3657 1364 3732 virgi

258 3754 408 3814 venimus
428 3752 470 3814 ad
492 3753 563 3832 ejus
593 3754 797 3835 sepulchrum
820 3764 853 3816 et
873 3755 1046 3818 oratorium
1078 3756 1114 3818 S.
1136 3758 1268 3819 hieriae
1298 3751 1364 3820 adt

260 3853 335 3918 bum
357 3865 389 3917 et
411 3851 453 3916 ad
475 3856 538 3918 alia
558 3858 631 3920 loca
651 3868 765 3920 sancta
787 3859 1014 3941 transivimus,
1036 3860 1220 3942 dequibus
1242 3863 1278 3924 in
1301 3861 1364 3926 ordo

263 3961 311 4022 ria
339 3963 548 4041 processione
575 3963 688 4025 dicam.
731 3963 774 4024 lit
795 3964 846 4026 his
881 3965 1021 4045 peractis
1047 3964 1228 4028 nummus
1257 3967 1293 4028 in
1315 3977 1364 4028 mot

262 4064 361 4126 sterio
383 4063 416 4124 in
438 4062 519 4126 locis
541 4083 602 4128 nec
622 4075 716 4148 septa
737 4067 810 4148 ejus
831 4071 958 4149 egressi
977 4085 1090 4131 sumus
1112 4067 1168 4130 illo
1190 4066 1257 4131 die.
