3030 4864
730 253 795 318 aab

64 493 66 498 .
179 439 414 520 denegaremus
434 451 550 516 panem
574 439 606 496 et
625 445 760 519 aquam,
783 443 816 497 et
837 435 1019 500 securiores
1051 453 1211 501 essemus.
1258 437 1355 503 Unde

178 561 308 626 semper
327 542 361 604 in
374 557 448 604 sero
462 554 575 604 omues
589 540 682 603 nobis
696 541 824 624 ignotos
844 543 1094 607 convocavimus
1117 551 1150 605 et
1172 543 1222 606 eis
1237 560 1354 626 panem

177 657 211 714 et
241 664 356 731 aquam
385 643 426 708 ad
454 657 636 708 mensuram
665 646 928 728 participavimus
957 647 1125 712 hortantes
1151 666 1219 730 eos,
1253 666 1295 710 ne
1316 665 1355 712 se

174 753 268 837 juxta
289 751 427 813 tentoria
455 759 565 813 nostra
587 749 748 833 locarent,
772 749 831 814 sed
853 750 987 834 abirent,
1016 750 1101 835 quod
1130 752 1160 815 si
1180 769 1279 814 secus
1303 751 1355 814 la·-

177 865 298 940 cerent,
315 871 373 918 eos
394 872 467 916 oum
490 855 629 918 fustibus
652 862 685 917 et
707 855 830 918 baculis
853 872 872 918 a
893 856 986 919 nobis
1008 856 1165 939 repellere
1181 856 1353 938 vellemus,

177 964 262 1028 sicut
284 977 345 1024 nec
366 968 497 1054 nostros
517 977 632 1023 servos
654 961 844 1024 accumbere
865 960 1033 1028 uobiscum
1056 961 1273 1045 permisimus.

390 1259 524 1342 Gravis
546 1270 585 1338 et
610 1247 804 1360 singularis
831 1235 941 1341 casus
965 1266 1010 1341 ll.
1035 1264 1080 1342 El.
1106 1266 1157 1382 lt.

261 1495 386 1576 Quarta
407 1489 532 1556 decima
555 1491 617 1573 die,
634 1491 717 1572 quae
740 1501 790 1556 est
812 1492 1017 1558 exaltationis
1034 1495 1079 1558 S:
1092 1497 1210 1579 crucis,
1232 1505 1265 1560 ct
1284 1505 1352 1560 erat

174 1603 337 1678 ‚dominica
358 1597 432 1662 XV.
463 1606 537 1680 post
567 1596 750 1680 trinitatis,
784 1615 879 1668 mane
910 1609 985 1661 ante
1017 1600 1120 1662 lucem
1152 1606 1352 1666 surreximus

177 1708 387 1793 disponentes
406 1719 466 1765 nos
489 1701 530 1764 ad
552 1713 727 1762 recessum.
771 1700 853 1765 Orta
875 1712 926 1765 est
951 1707 1062 1766 autem
1080 1706 1194 1768 iterum
1216 1705 1296 1768 dura
1319 1717 1352 1770 et

175 1813 309 1900 grandis
331 1807 494 1872 altercetis
521 1806 604 1907 inter
625 1805 814 1887 peregrinos
843 1818 876 1871 et
905 1809 1093 1873 eamelcrlos
1124 1818 1156 1871 et
1178 1809 1370 1893 asinarius,

176 1921 262 1984 sicut
283 1917 379 2002 quasi
398 1911 536 1994 singubs
559 1909 672 1972 diebus
694 1913 880 1995 contingere
909 1913 1042 1977 solebat.
1088 1915 1161 2002 lloc
1181 1915 1267 1976 enim
1291 1913 1352 1976 de·-

175 2009 327 2092 testabile
346 2017 462 2082 malum
478 2018 512 2077 in
533 2016 595 2078 hac
617 2019 875 2099 peregrinatione
896 2021 1120 2102 sustinuimus,
1138 2019 1224 2103 quod
1240 2017 1351 2083 famuli

177 2130 291 2212 nostri,
313 2141 396 2209 quos
427 2119 541 2205 grandi
564 2115 784 2186 'corr'duuimus¹
816 2125 918 2207 pretio
946 2134 978 2188 et
1011 2126 1183 2188 excessivo
1205 2125 1353 2208 pecunia

177 2235 324 2314 emimus,
340 2248 398 2312 pro
412 2236 520 2289 nostro
543 2225 698 2289 famulatu
719 2239 811 2292 erant
826 2230 919 2292 nobis
940 2229 1088 2292 infideles
1112 2237 1144 2292 et
1166 2229 1353 2292 furabantur

179 2339 298 2420 omnia,
317 2351 402 2418 quae
422 2337 582 2414 poterant.
607 2330 768 2399 Noctibus
794 2333 920 2396 occulte
942 2333 983 2396 ad
1008 2351 1124 2396 saccos
1145 2335 1353 2415 paximatium

172 2461 216 2507 -se
248 2425 457 2510 conterebant
495 2445 528 2499 et
560 2436 717 2499 foramina
748 2435 952 2519 lacerabant,
984 2443 1017 2497 et
1048 2446 1168 2519 quauta
1205 2447 1352 2519 poteraut

177 2545 389 2630 accipiebant,
408 2541 555 2603 iurabant
577 2540 662 2603 enim
684 2539 836 2614 rodentes
858 2541 942 2602 sieut
961 2537 1071 2621 glires,
1085 2557 1146 2601 neo
1167 2547 1352 2622 poteramus

175 2647 447 2729 adeodiligeuter
466 2647 614 2730 vigilare,
627 2645 703 2727 quin
726 2645 873 2708 omnibus
895 2643 1043 2708 noctibus
1058 2629 1201 2726 rapinam
1217 2663 1236 2707 a
1256 2645 1352 2708 nobis

177 2758 393 2840 deportarent,
416 2757 494 2814 sunt
517 2752 600 2814 enim
623 2748 881 2815 artificiosissimi
904 2750 1002 2831 iures,
1025 2750 1167 2812 scientes
1191 2749 1225 2812 in
1247 2747 1353 2812 oculis

175 2861 367 2928 intuentium
382 2875 507 2940 rapere.
531 2835 583 2944 hd
603 2855 665 2918 hoc
679 2857 774 2918 etiam
794 2865 881 2918 erant
897 2841 1102 2918 involuntarii
1119 2851 1160 2916 ad
1174 2852 1352 2918 tollendum

177 2963 412 3050 supellectilem
435 2969 589 3044 nostram,
611 2960 860 3044 propterquam
882 2969 989 3022 tamen
1010 2959 1100 3042 ipsos
1122 2975 1199 3022 cum
1217 2959 1352 3022 camelis

177 3073 330 3152 emimus,
351 3077 383 3130 et
404 3065 490 3130 omrri
512 3072 656 3146 tempore
686 3064 829 3128 instante
861 3065 1046 3128 oneratione
1071 3063 1265 3146 abjiciebant
1295 3081 1351 3127 res

177 3185 308 3240 nostras
330 3179 363 3234 et
397 3153 563 3232 nobiscum
587 3166 839 3252 contendebant,
861 3189 922 3234 uec
952 3169 1088 3253 pacifice
1113 3165 1269 3231 tollebant
1290 3169 1352 3230 ab·-

174 3279 281 3362 jecta,
315 3276 380 3338 nisi
412 3292 529 3336 novum
563 3282 747 3356 argentum,
769 3273 855 3359 quod
884 3274 961 3340 dare
993 3275 1121 3337 minime
1153 3273 1352 3356 tenebamur,

172 3383 334 3451 viderent.
378 3377 485 3462 Supra
506 3378 634 3441 modum
650 3394 757 3460 saepe
779 3379 988 3442 turbaverunt
1006 3396 1068 3442 nos
1092 3377 1139 3440 illi
1168 3379 1293 3460 miseri3
1320 3378 1351 3440 si

180 3499 245 3553 non
269 3484 488 3578 timuissemus
520 3482 624 3564 majus
650 3483 827 3564 periculum
853 3484 947 3547 nobis
973 3469 1229 3566 superfuturum,
1251 3495 1352 3564 saepe

106 3591 113 3596 ’
178 3589 369 3656 verberibus
391 3597 426 3652 et
444 3586 550 3670 plagis
571 3605 628 3648 ecs
644 3585 879 3672 effecissemus,
896 3590 971 3673 quia
994 3607 1051 3651 eos
1073 3590 1167 3651 vivos
1192 3586 1352 3670 deglutire

181 3697 415 3783 potuissemus,
437 3701 471 3754 nt
491 3693 652 3753 communi
674 3692 767 3780 modo
796 3693 946 3775 loquendi
978 3703 1058 3756 utar.
1101 3691 1206 3755 Multa
1237 3693 1269 3754 in
1300 3691 1358 3756 his

178 3803 344 3868 vindictae
365 3799 494 3862 divinae
516 3798 734 3860 commisimus
761 3807 793 3860 et
825 3799 999 3882 injustitias
1021 3798 1210 3862 manifestas
1231 3795 1353 3860 tolera·

178 3911 296 3973 vimus.
318 3897 422 3988 lgitur
446 3903 588 3966 oneratis
602 3901 718 3980 bestiis
742 3921 762 3964 a
791 3901 919 3966 deserto
950 3903 1134 3986 Magdabee
1157 3902 1354 3966 recessimus

177 4022 210 4076 et
223 4010 415 4074 intravimus
435 4007 608 4070 vastiorem
632 4015 664 4067 et
685 4007 914 4070 horribiliorem
932 4007 1148 4091 solitudinem,
1164 4027 1259 4096 quam
1280 4005 1354 4071 heri

179 4125 213 4178 et
245 4114 362 4177 nudius
393 4112 507 4174 tertius
528 4111 714 4192 habuimus,
746 4130 808 4177 nec
839 4111 978 4195 amplius
1009 4120 1066 4176 aut
1097 4113 1260 4176 hominnm
1294 4117 1354 4173 aut

166 4221 354 4312 ,bestiarum
375 4215 616 4300 deprehendere
636 4217 778 4301 vestigia
798 4227 991 4301 poteramus.
1023 4217 1126 4301 lgitur
1146 4235 1296 4300 gressum
1318 4223 1354 4279 et

183 4317 354 4387 transitum
376 4332 489 4388 contra
501 4322 538 4389 S.
560 4322 755 4388 Cathorinae
776 4323 902 4395 stellam
923 4321 1107 4406 accepimus
1127 4325 1200 4386 siue
1220 4323 1277 4385 via
1293 4337 1356 4404 pet
