2954 4914
190 453 405 533 nonpoterat
429 445 556 528 inipso
577 443 677 527 valle,
713 463 803 508 mnro
825 445 888 508 sibi
913 445 1063 510 collidam
1096 447 1279 512 construxit
1303 447 1368 509 vel

191 554 225 615 in
247 553 314 616 alto
334 569 433 634 snpra
454 565 567 632 rupes,
589 548 676 617 narde
697 567 803 631 usque
823 549 921 612 bodie
942 553 1070 615 suntin
1091 552 1180 615 ealle
1202 561 1235 614 et
1255 569 1366 634 supe-

57 731 61 748 ·
192 658 259 721 rius
281 665 390 720 tantae
410 674 571 720 murorum
593 656 720 734 ruinae,
744 653 832 716 acsi
854 655 973 719 civitas
993 657 1038 719 ibi
1060 657 1185 720 inisset.
1227 655 1366 719 Nihilo-

192 763 299 826 minus
341 761 448 824 adbuc
476 759 605 843 aliquae
636 766 781 822 muratae
814 759 952 822 cellulae
972 769 1078 843 stant,
1100 768 1135 823 et
1158 763 1289 843 tuguria
1316 760 1366 824 de

192 868 333 930 maceria
362 865 471 929 multa.
514 864 650 947 lnsnper
670 862 714 925 ibi
746 861 897 926 videntur
928 871 1034 930 tnrres
1061 865 1147 928 altae
1185 865 1288 928 fuisse
1325 875 1364 928 et

191 972 344 1036 solennes
365 969 579 1034 habitationes
611 976 644 1030 ct
665 965 779 1028 domus
806 985 944 1051 maguae
964 985 1064 1052 snpra
1082 987 1191 1050 rupes,
1212 970 1245 1030 in
1259 970 1364 1051 eupi-

191 1077 254 1140 bus
281 1086 315 1139 et
346 1077 439 1140 inira
481 1073 633 1136 Ecclesia
659 1071 723 1133 loci
744 1069 850 1134 adbuc
871 1081 936 1136 stat
958 1075 1103 1155 integra,
1137 1082 1169 1136 et
1191 1081 1243 1134 est
1264 1089 1361 1136 eenr-

192 1189 339 1265 petcnter
370 1197 487 1260 magna
515 1188 548 1240 et
570 1183 623 1240 est
644 1193 744 1258 supra
765 1194 874 1259 rupem
898 1175 1046 1259 lundata,
1074 1195 1160 1260 qnae
1190 1195 1287 1260 rupes
1316 1177 1362 1240 de

191 1284 294 1346 latere
315 1283 500 1346 extenditur
529 1299 626 1364 snpra
654 1280 790 1363 vallem,
823 1282 1002 1344 nechabet
1030 1301 1128 1366 rupes
1160 1281 1216 1342 illa
1236 1281 1360 1344 funda-

192 1395 351 1468 mentum,
383 1385 442 1448 sed
469 1394 522 1449 est
551 1387 652 1450 libera
673 1405 731 1468 per
762 1388 948 1466 circuitum,
979 1385 1087 1449 demto
1113 1386 1203 1469 loco,
1237 1387 1293 1450 ubi
1316 1385 1359 1450 de

191 1493 315 1573 pariete
335 1489 546 1572 pmgreditnr.

275 1593 375 1656 Porro
411 1591 473 1655 snb
505 1601 596 1674 petra
628 1595 788 1658 ecclesiae
816 1605 868 1657 est
897 1597 1084 1658 concavitas
1114 1596 1288 1656 tenebrosa
1322 1599 1357 1656 et

192 1697 342 1782 grandis,
376 1695 537 1782 profunde
570 1695 693 1761 dnoens
714 1701 747 1761 in
771 1707 928 1781 montem,
962 1717 1091 1781 exque
1122 1706 1358 1780 emanataqua

192 1803 287 1885 viva,
319 1802 444 1866 modica
472 1809 596 1884 tamen,
628 1821 693 1886 qua
721 1804 869 1866 monachi
900 1805 944 1866 ibi
975 1805 1147 1885 vivebant,
1175 1807 1209 1862 et
1240 1801 1357 1865 dicitur

192 1908 266 1970 fons
288 1906 323 1969 S.
347 1906 485 1970 Sabbae.
526 1909 647 1969 Horret
667 1907 781 1991 homo,
811 1908 929 1971 videns
961 1907 1131 1970 eeclesiam
1162 1906 1260 1968 simul
1281 1923 1357 1968 oum

192 2011 265 2074 aliis
286 2013 457 2075 structuris
485 2019 573 2073 stare
594 2028 692 2093 snpra
712 2021 836 2094 petram
869 2011 1101 2093 dependentem
1124 2013 1198 2073 sine
1235 2009 1357 2073 lunda·
1462 2095 1463 2100 ἵ

192 2123 311 2179 mento.
354 2115 459 2179 Juxta
477 2114 648 2176 ecclesiam
678 2125 729 2178 est
750 2116 832 2178 cella
853 2115 893 2178 S:
916 2114 1045 2178 Sabbas
1066 2116 1098 2177 in
1119 2123 1211 2196 petra
1232 2117 1357 2197 excisa,

192 2220 233 2284 ad
256 2239 350 2304 quam
372 2223 437 2283 itur
457 2239 516 2301 per
535 2219 624 2280 illum
647 2218 887 2284 formidulosum
910 2223 1090 2303 transitum,
1110 2219 1151 2282 de
1172 2237 1237 2301 qno
1257 2235 1357 2300 supra

192 2325 256 2388 feei
289 2327 495 2387 mentionem·
540 2321 624 2384 Sunt
659 2325 754 2386 etiam
785 2325 825 2386 ab
854 2325 918 2386 alia
944 2331 1038 2408 parte
1065 2324 1225 2388 ecelesiae
1256 2341 1357 2405 supra

192 2428 433 2511 petronillam
466 2426 650 2492 habitacula
680 2429 922 2510 monachorum,
956 2428 1062 2492 adbuc
1092 2430 1136 2491 ibi
1158 2429 1357 2510 degentium,

192 2548 326 2598 numero
350 2549 429 2610 sex,
449 2531 506 2612 qui
527 2547 730 2613 nequaquam
759 2535 803 2594 ibi
825 2551 955 2596 manere
975 2539 1128 2616 possent,
1157 2535 1221 2596 nisi
1242 2541 1357 2594 essem
1461 2601 1462 2618 ρ

192 2634 356 2696 Arabibns
377 2633 613 2714 confoederati,
636 2638 691 2719 qui
712 2655 769 2700 eos
791 2636 967 2700 defendunt
989 2647 1022 2700 et
1044 2645 1217 2720 protegunt
1242 2635 1357 2699 aSar-
1461 2621 1462 2632 ἵ

193 2737 337 2820 mouri,
370 2747 402 2800 et
434 2747 486 2802 est
514 2743 614 2826 ¹qnasi
647 2747 789 2823 apertum
825 2752 964 2806 castrum
1004 2743 1146 2804 Arabum
1175 2750 1355 2804 eteorum

193 2841 363 2925 retugium,
385 2842 459 2906 ideo
480 2844 572 2908 locus
595 2864 767 2928 numquam
791 2855 841 2910 est
862 2848 1106 2932 sirreArabibus
1129 2846 1354 2929 praedonibus.

273 2948 375 3013 Porro
413 2966 513 3032 supra
534 2949 652 3013 vallem
675 2958 751 3014 sunt
770 2951 827 3018 lati
848 2953 952 3034 campi
978 2969 1143 3034 agrorum,
1174 2967 1256 3034 quos
1278 2949 1354 3012 olim

193 3053 339 3117 monaehi
366 3055 549 3137 coluerunt,
571 3064 605 3118 et
624 3075 690 3118 non
712 3056 817 3124 solum
840 3075 897 3139 pro
919 3074 973 3137 se,
1002 3056 1062 3119 sed
1082 3073 1141 3137 pro
1160 3055 1356 3138 pauperibus

194 3157 314 3240 Syriae
343 3169 376 3221 et
403 3159 607 3222 Palaestinae
645 3162 853 3224 nutrimenta·
871 3162 937 3224 olei
966 3169 998 3224 et
1033 3161 1183 3224 frumenti
1219 3158 1260 3221 de
1291 3158 1355 3222 illis

192 3265 316 3344 eampis
346 3279 444 3344 opera
465 3265 890 3346 mannum'conquirebant.
934 3265 1018 3329 Dum
1041 3268 1104 3330 hoc
1125 3265 1354 3354 monasterium

194 3382 267 3428 cum
299 3373 388 3426 terra
416 3373 530 3426 sancta
564 3365 669 3430 adlrnc
701 3376 791 3431 esset
824 3373 857 3434 in
886 3369 1034 3435 manibus
1065 3369 1225 3451 fidelium,
1257 3367 1354 3430 talem

192 3467 336 3530 ordinem
369 3469 543 3534 servabant
574 3473 722 3535 monachi
742 3475 776 3534 in
797 3473 905 3538 cilicio
927 3475 1052 3557 divino,
1090 3475 1146 3558 qni
1166 3473 1355 3536 servabatur

191 3573 226 3634 in
256 3571 398 3634 ecelesia
426 3570 577 3636 dominici
614 3575 779 3657 sepulolni
809 3587 873 3641 tam
914 3587 1072 3643 nocturno
1113 3597 1208 3663 quam
1241 3576 1354 3640 dromo

193 3683 346 3757 tempore.
377 3672 460 3736 Cum
482 3677 564 3742 enim
588 3677 695 3762 aliqua
714 3681 794 3745 hora
813 3682 1003 3764 pulsabatur
1029 3686 1063 3746 in
1085 3684 1225 3747 ecclesia
1242 3699 1355 3746 resur-

193 3777 346 3841 rectionis
367 3780 507 3862 Domini,
529 3783 638 3846 stetim
673 3785 792 3851 domini
824 3789 971 3852 canonici
993 3788 1160 3872 regulares
1189 3791 1224 3851 in
1246 3795 1355 3850 monte

192 3881 284 3964 Syon
314 3883 410 3946 etiam
437 3884 617 3965 pulsabant.
660 3887 740 3952 l’ost
770 3907 828 3952 eos
857 3892 1028 3973 pulsabarn
1060 3893 1208 3957 monachi
1225 3892 1354 3959 ⁴montis

192 3984 314 4048 oliveti
347 4005 406 4070 per
434 3988 601 4056 ecclesias.
646 3990 718 4069 Quo
739 3993 850 4087 andito
871 3998 905 4057 in
925 3997 1100 4078 Bethania,
1132 3998 1231 4059 fiebat
1251 4004 1284 4058 et
1310 3996 1355 4058 ibi

192 4089 304 4172 pulsus
326 4109 383 4173 per
404 4092 575 4177 ecclesias,
595 4097 651 4177 qui
669 4099 741 4182 (Β)
763 4100 876 4183 pulsus
897 4118 1002 4184 usqne
1021 4097 1062 4163 ad
1078 4109 1226 4162 sanctum
1247 4097 1355 4161 Sabba

192 4192 345 4278 sonabat,
379 4197 433 4278 qui
468 4198 637 4282 pulsantes
669 4202 880 4266 audiebantur
910 4205 944 4267 iu
976 4204 1058 4267 locis
1090 4223 1148 4285 per
1174 4203 1354 4284 circuitum,

192 4308 224 4368 at
244 4301 291 4372 ita
311 4300 389 4372 ordo
417 4303 608 4381 tenebatur,
643 4307 729 4387 quod
751 4325 880 4388 semper
900 4309 1022 4388 primus
1056 4306 1169 4390 pulsus
1190 4306 1288 4369 tiebat
1319 4308 1353 4368 in
1457 4355 1458 4396 3
