2954 4914
173 535 1171 625 hitisveeerutflsrrseeuietspertissstiissosq'eeemt
1197 543 1355 605 -Asoem-

173 647 279 711 dimus
305 654 411 709 aetem
439 661 554 708 onnes
587 643 684 706 simul
716 645 751 706 im
780 653 930 708 mun
957 656 1097 710 mntem
1117 647 1212 730 Syos
1243 657 1281 709 et
1315 649 1357 708 in

173 751 255 833 troo,
274 751 308 812 iu
329 747 439 834 quos.
451 747 609 830 Stephssl
619 766 739 831 eorpus
758 751 930 812 memte·
949 750 1090 814 locatum
1116 752 1234 831 imt,
1257 749 1358 812 llis-

172 871 243 918 sam
265 854 330 937 legi
350 854 498 922 terimur.
540 855 594 915 De
615 853 679 917 hoc
700 853 773 916 loeo
796 853 876 916 vide
895 853 950 916 iol
973 855 1037 918 lit)
1055 857 1092 917 B.
1115 852 1246 917 officiis
1269 855 1358 916 lisi-

172 961 219 1022 tis
238 958 442 1022 condiximus
462 957 566 1040 uobis,
589 956 676 1039 quotl
696 967 772 1040 post
792 957 960 1039 prastliun
978 959 1020 1021 ael
1041 960 1150 1042 ulique
1164 959 1237 1020 loca
1259 959 1355 1020 intre

173 1067 340 1129 civitatem
370 1071 532 1126 muctam
573 1061 732 1124 vellemus
771 1065 930 1147 transire,
974 1065 1009 1126 is
1046 1065 1163 1146 quibus
1200 1061 1352 1125 nondum
1447 1115 1448 1128 ,

174 1171 394 1336 maltam
414 1271 508 1335 fluite
528 1271 747 1335 convenimus
767 1272 802 1333 is
823 1280 933 1335 memte
959 1271 1051 1354 Syou
1072 1281 1106 1334 et
1126 1271 1351 1334 ”sumsimus

173 1381 341 1442 rotimum
361 1375 511 1442 cntnum
537 1379 704 1457 mirorem,
725 1375 931 1458 Elplralrsllo,
953 1385 987 1438 et
1007 1378 1199 1438 intravimus
1220 1377 1350 1438 civita-

175 1493 240 1545 tem
261 1479 444 1545 Jerusulom
466 1497 524 1560 per
545 1487 671 1560 portam
691 1481 888 1563 sterquilinii
908 1481 963 1543 vel
984 1490 1179 1562 stercorum,
1213 1479 1254 1542 de
1278 1499 1347 1561 qna

174 1585 210 1649 flt
232 1587 352 1650 mentio
373 1601 473 1666 saepe
493 1585 527 1646 lu
549 1583 726 1667 Scriptura,
752 1587 921 1667 signanter
939 1585 1170 1650 Nenemiaea
1212 1586 1350 1647 Dicitur

174 1697 279 1752 antem
303 1699 395 1772 porta
412 1697 590 1752 stercorum
612 1690 653 1753 ab
672 1690 805 1772 entique
836 1699 870 1752 et
889 1689 995 1772 hodie,
1016 1672 1095 1773 qui'a
1123 1689 1230 1752 omniu
1259 1707 1348 1771 pur·

177 1802 329 1876 gemente
360 1804 393 1856 et
423 1793 519 1855 limus
550 1811 609 1876 per
641 1791 726 1855 haue
752 1803 984 1877 exportantur,
1016 1805 1049 1857 et
1080 1803 1192 1858 eontra
1222 1795 1346 1858 vallem

175 1896 395 1980 fflunduntur,
427 1897 512 1961 unde
543 1915 585 1960 er
619 1895 822 1960 multitudiue
849 1909 1138 1981 purgamentorum¹
1160 1900 1267 1961 iaetus
1290 1907 1346 1960 est

174 2001 322 2066 cumulus
342 2004 426 2066 sicut
447 2000 651 2082 monticulus,
672 1998 782 2081 (w
803 2001 858 2084 Δ)
886 2003 921 2064 in
944 2011 1034 2064 tants
1053 2003 1232 2084 altitraline,
1253 2003 1344 2084 quod

173 2109 392 2192 supereminet
418 2125 508 2170 mero
530 2107 672 2169 civitatis
692 2108 725 2166 in
749 2105 805 2168 illa
825 2115 927 2188 parte.
969 2108 1115 2188 ingressi
1143 2125 1220 2188 ergo
1243 2108 1343 2170 veni-

174 2233 245 2276 mus
267 2214 308 2277 ati
331 2213 433 2277 iorum
456 2229 607 2293 pecorum
629 2218 663 2272 ct
685 2209 803 2272 deinde
823 2210 1017 2271 intravimus
1048 2211 1157 2273 viuum
1179 2211 1342 2293 quendem

174 2327 313 2400 aretum,
334 2319 369 2381 in
390 2334 456 2398 qne
475 2315 660 2378 residebant
681 2315 772 2376 multi
783 2313 960 2376 Christiani
979 2313 1133 2395 Noniani,
1157 2322 1192 2378 et
1211 2315 1340 2377 illorum

175 2421 348 2483 eeclesiam
373 2420 586 2501 pulsavimus.
628 2419 790 2482 Reserate
820 2426 928 2481 antem
961 2420 1045 2481 estio
1075 2411 1267 2480 intravimus
1307 2428 1340 2480 et

174 2524 350 2586 orationem
385 2523 532 2587 fecimus.
575 2525 654 2587 lirat
687 2533 794 2586 aetem
824 2521 967 2587 ecclesis
998 2525 1079 2586 setis
1111 2541 1247 2605 magna,
1278 2522 1340 2584 sed

176 2626 325 2707 obseura,
347 2627 431 2688 sient
460 2645 573 2690 omttes
594 2629 809 2691 orientalium·
832 2627 991 2690 eeclesiae
1018 2628 1175 2690 obscurae
1204 2637 1280 2690 sunt
1305 2636 1339 2688 et

176 2729 375 2792 tenebrosae.
413 2732 505 2793 llaec
526 2731 666 2794 ecelesia
687 2739 754 2794 stat
776 2733 809 2794 in
831 2751 871 2795 ee
892 2732 974 2814 loeo,
995 2733 1049 2795 nbi
1071 2732 1231 2815 quoniam
1246 2732 1338 2793 stetit

176 2833 291 2896 domus
312 2834 437 2897 sturiae
459 2837 571 2898 matris
591 2835 838 2918 ieiunum-qut
861 2839 1105 2918 cognominatur
1125 2835 1274 2915 Marcus,
1294 2835 1336 2896 sd

175 2954 271 3022 qnam
287 2940 407 3002 Petrus
433 2959 493 3022 per
520 2939 671 3021 angelum
692 2939 733 3002 tle
755 2957 886 3004 earcere
914 2941 1050 3004 eductus
1076 2941 1231 3023 pulsavit.
1287 2939 1337 3000 De

175 3063 238 3127 qno
260 3045 395 3108 habetur
416 3045 521 3110 duleis
542 3043 676 3107 historia
692 3046 833 3107 Autnurn
855 3046 928 3108 xil.
953 3049 957 3055 '
993 3047 1046 3108 Ab
1072 3047 1135 3108 hoe
1162 3045 1233 3106 loeo
1255 3062 1336 3106 eon·

174 3160 348 3234 sequenter
377 3152 543 3233 progressi
565 3147 729 3232 paululum
752 3148 794 3210 atl
807 3148 911 3212 aliem
934 3150 1062 3214 domum
1083 3151 1336 3214 Christianorum

174 3256 375 3318 orientalium
410 3257 576 3334 venimus,
610 3262 643 3315 et
674 3255 872 3335 intromissi,
931 3254 1142 3338 ostenderunt
1172 3253 1266 3315 nobis
1300 3252 1335 3312 in

174 3360 262 3420 ouria
284 3359 398 3420 domus
414 3359 597 3437 cisternam,
619 3347 776 3440 dieentes,
797 3339 1008 3440 qnotlseneto
1020 3359 1163 3421 Thermae
1177 3356 1333 3438 Apostolo

173 3459 217 3521 ibi
240 3457 390 3522 Christus
420 3460 576 3539 apperuit.
631 3459 717 3522 Dum
748 3462 833 3524 enim
865 3459 964 3524 vellet
993 3480 1107 3544 aquam
1136 3463 1261 3524 haurire
1300 3469 1334 3522 et

172 3569 275 3632 steret
301 3563 336 3622 in
365 3577 432 3624 uns
452 3571 545 3642 parte
566 3563 737 3647 cisternae,
760 3567 868 3629 stebat
888 3567 1048 3628 Dominus
1070 3567 1173 3628 Jesns
1204 3566 1238 3628 in
1267 3564 1331 3626 alis

173 3673 206 3726 et
225 3667 390 3747 praecepit
412 3666 489 3748 sibi,
511 3676 547 3729 ut
568 3667 629 3730 iret
656 3673 689 3731 in
724 3669 857 3735 indiam.
901 3656 996 3732 ilaue
1024 3672 1189 3734 historiam
1214 3667 1331 3731 ¹‹litstnt

173 3766 349 3829 orientales
370 3769 413 3830 lbi
436 3785 512 3832 esse
534 3770 671 3854 iaetem3
692 3772 752 3834 sed
772 3772 911 3856 legenda
931 3774 1144 3838 homburdica
1166 3773 1253 3855 neit,
1273 3773 1331 3835 hoe

171 3887 249 3933 esse
270 3869 389 3934 lactum
411 3873 444 3935 in
457 3871 630 3956 Caesarea,
653 3883 686 3938 et
708 3878 763 3940 alii
785 3879 857 3940 libri
880 3880 992 3940 nostri.
1034 3879 1162 3941 Deinde
1189 3876 1328 3938 edulium

170 3974 307 4037 domum·
320 3975 478 4064 venimus,
499 3977 555 4040 ubi
583 3980 681 4042 etiami
702 3990 771 4044 erut
792 3980 940 4064 eeclesia,
960 3984 993 4045 in
1015 4001 1080 4066 qua
1100 3982 1210 4045 dieunt
1226 3980 1329 4042 aries*

170 4075 252 4140 tales
263 4077 428 4142 ohrlstiani
450 4088 582 4144 sanctos
597 4081 786 4168 Apostolos,
802 4085 959 4149 iacobum
970 4095 1004 4149 et
1015 4088 1208 4167 iohannem,
1232 4083 1329 4146 inisse

169 4188 279 4263 natos,
312 4181 388 4264 quie
409 4181 604 4246 zebedaeus
632 4196 724 4267 peter
755 4207 865 4252 eorum
886 4189 1001 4254 dicitur
1036 4207 1110 4255 enm
1141 4205 1204 4252 sne
1233 4205 1329 4250 uxore

168 4283 334 4349 habitasse
357 4285 447 4366 [lll]‚
467 4285 526 4348 setl
548 4287 757 4372 depauperati
778 4295 999 4376 migraverunt
1027 4294 1102 4358 inde
1129 4295 1163 4354 in
1188 4290 1327 4353 Gelilse-

167 4400 217 4450 ern
234 4395 266 4450 et
291 4385 332 4451 ad
352 4403 439 4452 rasta
450 4385 616 4454 Galilaeae
631 4394 810 4474 piscatione
823 4414 868 4468 ‚se
889 4400 1076 4462 nutrierunt
1121 4397 1198 4462 lieo
1212 4395 1324 4458 dieitur
