2896 4872
703 213 772 278 342

169 415 247 464 esse
267 411 377 478 agrum
391 393 481 456 illum
498 401 657 476 sonetum,
679 389 886 457 escendimus
905 409 963 474 per
977 391 1148 462 mecerimu
1163 387 1201 462 iu
1221 395 1340 476 ipsum,

169 509 207 568 ut
237 511 356 564 terram
386 495 648 571 deoscularemus
686 482 719 560 et
751 505 943 560 consuetus
962 498 1124 560 erutiones
1159 497 1345 562 diceremus

31 629 35 636 ·
135 614 202 670 -et
222 603 431 667 collationem
456 601 636 691 faceremus
650 600 704 664 de
727 599 928 676 mirabilibus
961 595 1011 662 ibi
1025 600 1132 662 lectis.
1178 602 1252 664 Sed
1275 623 1347 670 ecce

168 708 281 774 nobis'
273 727 305 772 ιιι
319 725 430 790 ugrum
445 705 637 772 saltantibus
652 697 710 787 per
725 706 910 788 maceriam,
928 707 1067 768 occurrit
1078 703 1213 788 quidam
1227 727 1347 772 suevus
1421 767 1422 774 ,

168 814 369 880 Sarracenos
391 829 464 873 cum
489 808 683 872 clamoribus
707 813 834 892 mugnis
864 817 899 872 et
925 810 1054 872 levatos
1083 811 1215 892 lapides
1238 823 1347 876 contro

100 947 102 954 ·
170 939 232 984 nos
254 919 340 982 misit
363 917 485 979 crebris
508 913 650 1010 jactibus
679 932 803 1010 nosque
829 915 864 978 vi
893 914 1032 1002 decgro
1054 915 1193 997 repulit,
1232 927 1269 979 et
1291 921 1344 980 vix

131 1011 145 1062 .‘
170 1027 241 1092 sine
261 1024 406 1114 laesione
436 1019 609 1110 recidimus
638 1038 695 1101 per
721 1005 896 1088 maceriam
917 1020 1030 1094 ,imam
1074 1017 1218 1090 Celinus
1241 1031 1345 1086 eutem
1421 1069 1422 1074 ,

154 1138 212 1220 ¹et
226 1129 377 1192 ductores
398 1125 500 1187 nostrl
527 1122 810 1187 uolentes.·locum
853 1123 946 1186 dere·
966 1123 1034 1185 irae
1065 1125 1272 1206 incipiebant
1299 1147 1348 1189 re-

172 1235 264 1320 gredi
285 1235 320 1294 in
343 1229 521 1315 ciuitatem,
557 1246 616 1290 nos
648 1237 755 1292 nutem
783 1246 985 1311 nequaquem
1008 1237 1071 1290 tom
1104 1230 1172 1292 cito
1188 1231 1348 1294 recedere

158 1333 360 1412 ,volaremus
381 1352 402 1395 ιι
423 1333 494 1396 loco
517 1339 582 1396 tum
605 1332 747 1416 notabili,
768 1332 825 1394 sed
848 1333 926 1395 irem
949 1333 1088 1395 hominis
1107 1333 1253 1422 plecnrc'
1274 1355 1348 1398 oon-
1421 1335 1422 1346 ’

173 1435 352 1521 tendimus,
385 1439 477 1500 utin
508 1436 580 1501 loco
612 1435 775 1520 devotioni
808 1433 932 1513 vocare,
958 1437 1123 1520 paululum
1158 1425 1348 1520 possemus.

172 1543 413 1611 Revocavimus
436 1559 514 1621 ergo
543 1539 694 1602 Calinnm
716 1550 749 1602 et
771 1539 928 1625 diximus,
962 1549 998 1602 ut
1020 1543 1091 1629 cum
1113 1543 1253 1607 homine
1275 1564 1349 1611 oon·

173 1649 356 1714 ventionem
384 1625 524 1726 iaceret,
557 1653 589 1706 et
617 1645 703 1727 quod
727 1645 851 1726 justum
875 1655 963 1709 esset
994 1645 1155 1710 vellemus
1182 1649 1347 1711 sibilare

174 1773 232 1838 pro
266 1749 503 1814 intromissione
524 1752 558 1810 in
591 1767 701 1831 ugrum
733 1744 836 1814 suurn.
880 1753 962 1812 Ertt
986 1750 1069 1813 enlm
1093 1749 1249 1814 dominus
1273 1756 1349 1835 egri.

172 1855 332 1922 Promissi
353 1859 428 1916 sunt
457 1872 550 1935 ergo,
556 1853 623 1915 sibi
646 1862 786 1956 quatuor
814 1854 969 1935 mediol,-
981 1862 1016 1916 et
1043 1855 1105 1916 bec
1135 1858 1351 1937 promissione

176 1963 265 2027 lecto
286 1960 436 2044 placatus
458 1957 574 2034 lactus
586 1965 636 2018 cst
667 1959 761 2022 homo
791 1969 823 2022 et
852 1955 1002 2022 escendit
1028 1961 1209 2022 maceriam
1232 1971 1267 2022 et
1295 1980 1351 2044 pe-

72 2137 74 2142 ,
154 2068 311 2158 ‚regrnrts
332 2065 365 2130 in
389 2059 451 2127 ulie
471 2070 563 2144 purte
584 2063 745 2126 stantibus
767 2082 894 2126 manum
914 2064 1081 2165 porrexit
1084 2073 1116 2126 et
1144 2084 1247 2127 unum
1279 2055 1351 2148 post

114 2164 119 2172 ’
176 2175 310 2238 alterum
335 2185 471 2231 sursum
501 2165 600 2230 traxit
637 2176 668 2229 et
705 2169 743 2232 iu
769 2186 881 2251 agrum
906 2187 1007 2231 suum
1038 2169 1106 2229 ire
1126 2169 1301 2249 permisit
1322 2180 1352 2234 et

180 2287 306 2344 nosmet
328 2275 368 2336 od
391 2256 496 2335 locum
518 2270 687 2355 perduxit,
719 2269 760 2332 de
781 2291 844 2356 quo
865 2273 1008 2335 creditur
1039 2271 1148 2335 limum
1170 2282 1352 2336 assumtum

178 2384 281 2445 luisse
302 2399 359 2465 pro
381 2395 515 2458 corpore
536 2375 635 2466 Adue
661 2377 838 2466 secundum
870 2380 1041 2470 ueritatem
1070 2375 1287 2472 catholicam,
1322 2384 1352 2439 et

111 2473 135 2484 ‘¹
178 2487 336 2560 hominem
360 2483 494 2565 primum
515 2472 577 2543 ibi
587 2454 777 2563 productum
804 2482 924 2566 fuisse,
958 2476 992 2544 et
1014 2499 1222 2566 nequaquem
1244 2490 1354 2544 atten-

179 2591 284 2654 dimus
309 2584 350 2648 ed
372 2584 536 2672 gentilium
559 2594 721 2666 poetarum
742 2585 967 2668 deliramenta,
983 2605 1067 2670 queo
1087 2592 1222 2665 canunt,
1248 2605 1355 2667 quen·
1359 2583 1362 2590 ⁴

184 2694 256 2757 dem
278 2690 480 2754 Phoroneum
493 2705 580 2750 esse
603 2690 737 2770 primum
760 2693 936 2766 mortalium
969 2699 1106 2773 patrem,
1134 2697 1170 2764 ut
1190 2689 1356 2762 Eusebius

183 2799 223 2866 de
233 2797 362 2879 Eveng.
380 2794 493 2876 Prnep.
506 2791 577 2856 trib.
587 2787 628 2856 X.
645 2777 732 2862 dicit.
747 2795 974 2877 EtAethiopes
987 2797 1048 2878 ipsi
1061 2795 1257 2857 uirtute‘soli
1272 2795 1356 2878 apud

183 2923 222 2968 se
250 2904 370 2988 primos
391 2899 538 2963 homiues
560 2899 711 2980 coepisse
733 2900 858 2981 dicunt,
876 2908 911 2962 ut
931 2899 1093 2962 Diodorus
1113 2899 1151 2960 L.
1175 2899 1235 2961 tv.
1258 2897 1298 2962 C.
1327 2902 1358 2963 l.·

153 3006 156 3013 ’
183 3009 290 3082 eicit,
316 3009 357 3069 Et
378 3003 534 3092 increduli
556 3003 714 3086 Aegyptii
737 3003 876 3085 tradunt,
896 3005 1017 3085 primos
1037 3003 1187 3065 homines
1208 3004 1300 3085 opud
1323 3023 1358 3065 se

182 3124 320 3196 erectos,
335 3121 401 3174 tum
422 3109 564 3170 bonitate
586 3108 665 3192 soli,
694 3115 761 3190 tum
785 3117 923 3192 propter
945 3105 1075 3190 Nilum,
1096 3109 1150 3190 qui
1173 3110 1276 3171 multe
1298 3130 1359 3192 gc-

184 3227 285 3300 neret,
308 3205 391 3299 quae
415 3213 490 3274 olibi
512 3230 667 3294 nusquam
692 3215 901 3295 reperiuntur.
946 3213 1014 3276 Sed
1039 3213 1144 3278 omniu
1162 3212 1246 3276 haec
1267 3234 1356 3276 vanc

186 3321 370 3394 credentes,
392 3317 565 3380 verissime
586 3315 618 3378 et
640 3316 825 3379 firmissime
847 3317 911 3380 tide
932 3318 1029 3400 moti,
1057 3336 1130 3380 cum
1150 3317 1280 3399 ,ingenti
1301 3318 1360 3380 de-

99 3473 109 3482 .
184 3426 316 3488 votione
339 3431 370 3484 et
402 3420 573 3482 lacrimis
563 3441 596 3482 ιιι
618 3422 680 3484 hoo
702 3429 815 3484 scitoto
847 3421 955 3485 loco
946 3431 1119 3484 interram
1150 3422 1360 3509 procidimus,

186 3527 391 3609 comquet'b
392 3527 410 3608 )
361 3524 623 3588 bdeosoulati
655 3545 778 3589 sumus
810 3534 841 3588 et
882 3526 1079 3588 orationibus
1110 3528 1295 3607 consuetis,
1328 3529 1362 3587 in

186 3628 423 3716 processionali
447 3637 551 3692 terrae
573 3639 705 3692 sorrctse
727 3631 882 3712 signatis,
908 3630 1003 3694 dictis
1021 3629 1241 3712 indulgentius
1262 3648 1363 3692 ncce-

72 3822 75 3828 .
184 3739 290 3822 pimus
304 3735 362 3818 (i)
377 3741 408 3795 et
425 3743 498 3817 post
509 3734 591 3796 hoec
598 3733 642 3796 ed
662 3735 724 3796 loci
736 3731 1036 3816 contemplationem
1051 3753 1111 3796 nos
1125 3735 1360 3798 convertimus.

187 3897 461 4002 Corttemplatio
495 3897 543 3973 de
567 3893 725 3973 eminent
724 3897 759 3972 ia‘
709 3893 936 3972 tAdae''
924 3922 961 3970 ιιι
998 3905 1096 3972 statu
1128 3868 1362 4022 innocentiae

485 4020 494 4035 '
689 4017 904 4122 pulchre·
1099 4036 1101 4039 ’
1243 4023 1249 4034 ’

268 4160 467 4223 Delectnbile
485 4160 582 4222 ‘enim
608 4159 712 4223 valde
734 4165 839 4222 estet
862 4158 1031 4244 devotum,
1069 4127 1284 4229 considerare
1309 4178 1362 4222 res

189 4273 302 4341 gestas
324 4266 356 4326 in
378 4265 441 4324 hoc
462 4273 552 4344 egro,
569 4264 624 4343 qui
645 4262 822 4326 secundum
845 4263 997 4328 doctores
1020 4265 1189 4346 theologos
1208 4273 1262 4329 est
1285 4283 1363 4348 eger
