2954 4914
199 451 333 516 visitare
366 449 480 516 iocum.
532 449 591 516 Sic
625 469 703 536 ergo
738 437 854 533 (280)
866 451 920 534 h)
951 451 1004 514 vir
1022 461 1055 513 ‘a
1087 449 1180 514 rrolrle
1217 449 1369 515 recessit.

199 557 350 640 Vespere
372 557 458 618 iacta
489 559 754 641 exspectavimus
784 559 878 641 quasi
906 552 1074 639 usquead
1101 554 1181 618 solis
1201 571 1368 637 oceasum,

199 661 426 742 aestimantes,
448 657 534 743 qnod
556 662 608 725 vir
640 662 733 724 nohis
753 662 920 726 illusisset.
965 659 1033 746 Sed
1054 677 1150 740 ecce,
1180 659 1270 723 lilius
1291 661 1366 742 ejus

197 765 301 850 Ahre,
336 766 421 830 forte
441 765 523 829 xix
544 785 717 850 nouorum,
750 769 841 831 venit
862 785 935 830 cnm
956 784 1023 828 uno
1045 765 1163 828 lanuto
1179 764 1225 830 s'd
1244 783 1308 830 nos
1331 767 1367 828 iu

197 881 336 936 montem
359 870 451 955 Syon
479 881 513 934 et
538 870 629 935 duxit
660 890 721 936 uos
737 893 799 956 per
817 873 910 936 vicos
931 870 1076 933 occultos
1096 868 1281 932 Jerusalem
1302 887 1367 932 ns-

196 996 261 1062 que
282 975 323 1042 sd
345 987 470 1060 portam
490 975 662 1060 Ephraim,
689 995 775 1060 quae
807 986 859 1040 est
880 983 973 1059 porte
1004 971 1039 1037 S.
1062 973 1235 1058 Stephani,
1267 983 1299 1036 et
1322 973 1368 1038 nd

197 1082 388 1164 ecclesium,
422 1100 506 1164 quoe
537 1082 601 1144 iem
624 1089 675 1144 est
700 1081 874 1164 Memoria,
911 1083 1070 1144 venimus.
1113 1077 1188 1157 Qua
1219 1085 1369 1142 reserata

201 1187 389 1250 muschenm
410 1187 550 1268 ingressi
571 1203 684 1250 sumus
723 1194 756 1248 et
777 1186 818 1249 de
843 1177 983 1250 ecclesis
1002 1187 1037 1248 in
1065 1187 1218 1248 ambitum
1239 1185 1366 1245 transi-

198 1290 317 1354 vimus.
349 1289 403 1352 Ad
425 1291 511 1354 latus
535 1299 641 1353 autem
670 1292 830 1354 ecelesiae
855 1301 987 1353 estune
1006 1290 1152 1354 fenestra
1173 1307 1271 1371 super
1293 1297 1367 1350 ter·

201 1411 280 1475 ram,
303 1395 388 1457 sient
411 1394 573 1458 fenestrae
592 1396 869 1472 habitaculorum,
901 1398 1072 1480 inquibus
1094 1403 1266 1478 operantur
1288 1400 1366 1455 tex-

196 1507 305 1581 tores,
336 1497 389 1562 uel
412 1493 498 1564 sient
527 1507 605 1563 sunt
629 1500 792 1564 fenestrae
813 1501 1044 1586 cellariorum,
1065 1521 1123 1584 per
1144 1516 1225 1583 quas
1253 1497 1365 1560 mmen

196 1613 230 1666 et
254 1623 311 1667 ner
330 1604 518 1686 ingreditur.
560 1605 602 1668 Et
624 1624 683 1688 per
710 1607 798 1669 illam
833 1607 1008 1670 fenestram
1037 1615 1088 1668 est
1122 1607 1293 1686 ingressus
1320 1600 1364 1664 ed

196 1708 304 1772 locum
326 1710 507 1791 nativitatis
525 1707 641 1771 heatae
662 1710 828 1793 Virginis,
852 1714 929 1795 quie
950 1713 1068 1774 ostium
1091 1720 1242 1794 cryptae,
1276 1704 1364 1789 qnod

199 1821 270 1876 erat
290 1815 323 1876 iu
344 1814 495 1896 ecclesia,
511 1815 740 1906 obstruxerunt
761 1813 922 1898 infideles,
945 1817 1021 1899 quia
1044 1815 1084 1878 de
1106 1815 1177 1898 loco
1198 1813 1253 1876 illo
1275 1811 1365 1874 nulls

195 1927 246 1980 est
267 1918 316 1980 eis
340 1936 427 1981 cure.
460 1919 553 1982 Unus
573 1938 652 2002 ergo
674 1924 865 2005 peregrinus
887 1920 1024 2004 pedihus
1044 1921 1147 2003 primo
1169 1917 1365 1982 intromissis

194 2023 227 2086 in
248 2021 424 2086 fenestram
440 2023 588 2088 deorsum
608 2027 641 2087 in
661 2036 809 2110 cryptam
830 2044 869 2090 se
890 2025 1022 2107 dimisit,
1037 2027 1091 2107 qui
1107 2026 1242 2088 inferius
1259 2023 1362 2102 stetit,

195 2136 228 2191 et
249 2127 387 2211 ungulis
409 2149 466 2211 pro
488 2131 578 2192 scale
601 2131 677 2214 luit3
711 2133 823 2195 hebuit
844 2134 928 2196 enim
954 2149 1068 2193 manus
1090 2139 1216 2193 erectas
1238 2127 1280 2190 ad
1300 2144 1363 2210 pe-

193 2234 322 2314 rietem,
356 2242 388 2294 et
410 2232 609 2296 descendere
629 2235 745 2298 volens
767 2238 868 2318 primo
898 2236 999 2319 pedes
1021 2237 1129 2319 posuit
1154 2253 1252 2317 super
1282 2248 1362 2294 sares

194 2355 325 2419 manns,
358 2346 391 2398 et
411 2337 487 2400 inde
508 2338 605 2399 alium
628 2337 743 2419 pedem
764 2357 864 2422 super
885 2350 999 2425 caput,
1029 2342 1084 2404 vel
1106 2341 1257 2403 humeros
1279 2336 1361 2420 ejus,

193 2449 227 2502 et
251 2438 293 2502 de
313 2439 456 2503 humeris
478 2441 663 2506 resiliebant
684 2442 727 2504 iu⁴
740 2451 876 2528 terram,
899 2451 933 2507 et
954 2447 1000 2509 ite
1020 2464 1139 2518 omnes,
1153 2462 1251 2526 snper
1272 2441 1362 2506 illum

192 2545 414 2628 peregrinum,
447 2544 502 2624 qui
525 2555 593 2606 eret
614 2545 707 2608 miles
729 2548 868 2628 insignis
897 2568 1038 2634 genere,
1076 2548 1304 2614 descendimus
1328 2547 1363 2608 iu

193 2649 318 2729 locum,
351 2657 384 2711 et
404 2650 554 2711 accensis
582 2648 742 2735 candelis,
775 2652 851 2734 quis
872 2657 1076 2719 tenebrosum
1104 2662 1193 2737 erat,
1225 2651 1364 2715 circuire

191 2753 382 2836 incepimus.
426 2749 586 2816 Venimus
607 2763 714 2818 autem
747 2758 781 2818 in
803 2776 901 2822 unum
923 2777 1073 2843 specum,
1104 2761 1136 2822 in
1158 2777 1222 2842 quo
1251 2757 1366 2820 dieunt

191 2861 293 2944 primo
324 2860 426 2924 fuisse
458 2857 603 2942 sepultos
637 2858 787 2925 Joachim
820 2872 852 2926 et
882 2864 1030 2948 Annam,
1062 2875 1215 2948 parentes
1245 2865 1380 2943 beatae*

192 2967 340 3050 Virginis
361 2966 494 3031 Mariae.
529 2964 656 3030 Deinde
676 2969 840 3052 progressi
861 2970 895 3032 in
915 2970 1011 3034 ailam
1039 2970 1279 3032 subterraneum
1302 2981 1364 3028 ea-

189 3071 309 3156 pellam
331 3075 480 3146 venimus
502 3072 665 3156 latiorem,
686 3092 771 3157 quae
792 3074 952 3158 quondam
976 3080 1047 3138 erat
1068 3074 1202 3156 pulchre
1222 3071 1362 3152 depicto,

190 3186 222 3240 et
249 3179 294 3240 ibi
320 3178 461 3242 ereditur
482 3195 558 3240 esse
579 3181 767 3243 beatissima
787 3180 892 3261 Virgo
920 3179 1026 3242 Maria
1047 3187 1131 3242 ueta.
1175 3175 1361 3256 incepimus

189 3289 296 3340 nutem
318 3281 362 3344 ihi
380 3279 530 3360 jocundis
553 3283 691 3344 vocibus
713 3293 844 3346 eantare
861 3283 1003 3344 carmina
1024 3283 1065 3346 de
1087 3285 1257 3347 nativitate
1278 3281 1361 3342 hee-

188 3389 242 3443 tae
263 3381 421 3464 Virginis,
443 3383 573 3461 signata
597 3385 630 3445 in
652 3383 884 3466 processionali
905 3394 1010 3448 terrae
1030 3399 1175 3470 sanetae,
1198 3394 1229 3447 et
1249 3383 1360 3448 indul·

189 3485 319 3566 gentias
338 3484 423 3566 (isi)
443 3484 608 3567 plenariae
629 3487 830 3550 remissionis
853 3492 1053 3573 accepimus,
1077 3501 1110 3556 et
1131 3502 1247 3554 terrem
1265 3490 1359 3572 juxte

187 3603 307 3650 morem
336 3583 576 3671 peregrinorum
604 3589 783 3654 deosculati
805 3611 927 3656 snmus.
972 3594 1041 3658 Sub
1072 3598 1171 3661 choro
1200 3595 1359 3658 eeclesiae

189 3699 239 3754 est
258 3689 349 3754 locus
370 3691 425 3755 ille
446 3701 589 3774 sanctus,
612 3693 666 3757 uhi
688 3694 750 3756 fnit
771 3697 958 3783 triclinium,
981 3703 1014 3762 ln
1036 3718 1100 3785 qno
1121 3701 1233 3785 gennit
1261 3699 1360 3762 Anna

186 3794 314 3858 heataru
337 3797 505 3881 Virginem
537 3796 691 3880 Mariam,
728 3801 813 3864 siout
844 3802 935 3868 iocus
963 3807 1143 3870 nativitatis
1165 3807 1285 3870 Christi
1306 3813 1358 3868 est

186 3901 246 3964 sub
268 3903 365 3966 choro
388 3895 869 3993 eeclesine'hethlehemitanne,
890 3911 924 3972 in
946 3912 1199 3976 confutationem
1221 3909 1358 3974 menda-

185 4005 310 4069 cissimi
332 4001 528 4090 Alchoreni,
550 4011 606 4091 qni
627 4013 734 4093 ponit,
770 4014 871 4096 ipsum
894 4016 1064 4099 Virginem
1088 4018 1226 4081 Mariam
1247 4025 1358 4079 natam

185 4112 218 4174 in
240 4109 416 4196 Aegypta,
449 4122 482 4175 et
503 4131 579 4178 esse
599 4115 697 4179 liliam
719 4116 867 4205 Mirjam,
896 4123 1017 4184 sororis
1048 4121 1176 4205 Aaron,
1207 4129 1243 4184 ut
1265 4127 1358 4205 petet

184 4234 283 4302 supra
304 4217 359 4282 fel.
390 4219 453 4284 rto
473 4219 509 4282 ll.
554 4219 636 4284 Viso
668 4239 745 4306 ergo
774 4222 864 4308 loco,
899 4228 1016 4290 iterum
1047 4243 1131 4290 nnus
1165 4227 1358 4310 peregrinus

183 4340 242 4403 per
262 4323 343 4390 alios
372 4322 503 4410 adjutus
524 4343 582 4410 per
605 4325 781 4392 fenestram
805 4345 936 4396 sursum
956 4332 992 4394 iu
1013 4329 1164 4394 ambitum
1195 4330 1357 4410 ascendit,
