2948 4876
82 416 119 480 0
150 412 255 480 irate'r
276 413 432 499 humana,
462 413 581 476 utinam
615 410 746 474 videres
777 409 1010 496 ierosolymis,
1046 428 1142 496 quam
1164 395 1270 474 vene-

86 522 213 584 rabilis
235 527 286 582 est
305 520 403 592 ⁴illius
425 515 636 581 exsecrabilis
666 515 865 577 Maohometi
886 517 999 599 templi
1029 525 1202 601 aspectus,
1235 525 1269 578 et

87 625 304 688 delectabilis
330 624 401 707 ejus
426 622 548 706 aditus,
580 617 735 704 nl-patet'
765 619 818 682 tol.
841 619 913 684 Μ.
936 622 986 704 Β,
1017 639 1114 704 quam
1149 619 1269 685 munda

89 732 184 810 atria
206 739 238 792 et
259 731 385 812 quieta,
406 747 504 813 quara
525 725 697 810 splendida
719 734 751 787 et
769 724 858 788 clara
879 726 913 787 iu
935 724 1082 788 ominibus
1101 727 1267 809 munditia,

89 854 198 919 quam
222 833 359 900 devotus
378 833 628 916 ingredientium
650 847 842 913 processus,
865 849 960 912 quam
983 830 1127 894 aeriosus
1148 833 1268 894 oratio-

88 959 175 1001 num
198 947 329 1021 gestus,
361 957 434 1026 curu
456 946 577 1022 quanta
604 934 775 1017 disciplina
797 934 949 997 mulieres
971 953 1034 996 nou
1057 935 1122 996 nisi
1150 927 1268 998 velatis

88 1040 246 1109 faciebus
267 1044 312 1106 ibi
332 1061 372 1105 se
392 1044 574 1124 continent,
609 1048 642 1102 et
663 1040 726 1102 viri
747 1040 787 1102 ab
810 1040 859 1100 eis
887 1041 1052 1122 segregati
1082 1039 1116 1100 in
1137 1039 1269 1102 silentio
1294 1107 1298 1114 ,

89 1153 210 1214 orant!
244 1147 282 1211 Si
304 1149 422 1213 hocin
454 1147 582 1210 silentio
603 1143 751 1227 videres,
784 1161 887 1226 graue
908 1143 1096 1206 scandalum
1119 1142 1194 1226 (B)
1215 1144 1269 1207 val

87 1271 237 1338 gravem
258 1252 510 1336 indignationem
542 1269 687 1314 sumeres
719 1258 831 1312 contra
862 1247 1004 1342 fidelium
1037 1249 1268 1332 negligentiam

91 1368 130 1421 et
155 1359 417 1441 irreverentiam,
449 1376 531 1440 quae
560 1364 611 1420 est
643 1357 729 1419 eirca
764 1355 924 1418 ecclesias
953 1362 1092 1416 nostras.
1143 1355 1268 1424 Varum

92 1469 211 1526 tamon
233 1471 266 1525 et
296 1463 378 1541 haec
399 1464 470 1546 ipsa
501 1462 699 1544 negligentia
720 1463 753 1523 in
776 1459 891 1529 melius
923 1461 1126 1542 interpretari
1149 1443 1267 1543 potest,

94 1567 178 1648 quia
215 1585 287 1630 cum
319 1550 398 1629 vera
429 1576 631 1629 sacramenta
663 1567 857 1646 habeamus,
895 1583 1029 1646 quorum
1070 1563 1267 1647 principales
1321 1603 1327 1620 t

93 1671 238 1734 effectus
258 1663 446 1758 consistunt
460 1673 493 1733 iu
515 1680 711 1734 mortuorum
733 1667 1013 1733 commendatione
1035 1677 1068 1732 et
1088 1671 1266 1731 attimacum

92 1779 276 1856 sanatione,
298 1777 339 1840 ad
361 1797 457 1862 quam
479 1779 584 1841 omnis
606 1775 748 1839 fidelium
769 1747 906 1838 oonalus
928 1774 1047 1856 tendit,
1069 1774 1143 1837 ideo
1164 1775 1268 1837 minor

93 1882 279 1960 sollicitudo
297 1890 348 1954 est
365 1883 453 1944 cirea
473 1882 666 1946 exteriorum
686 1880 878 1962 templorum
893 1886 1092 1942 ornamenta.
1115 1875 1266 1943 Gentiles

96 2006 189 2068 veru,
209 1987 264 2068 qui
284 1989 412 2050 animae
433 1988 604 2069 puritatem
621 2005 684 2048 nou
707 1992 875 2068 quaerunt,
897 2001 968 2048 oum
987 1991 1078 2044 tauta
1099 1982 1267 2065 diligenda

97 2091 292 2172 exteriorem
328 2089 513 2151 munditiem
553 2097 743 2166 sectantur„
790 2086 828 2149 Si
859 2095 965 2148 autern
986 2086 1163 2150 Christiani
1193 2088 1267 2152 illas

96 2194 319 2258 immunditias
367 2192 538 2257 admittunt
581 2201 712 2276 proptor
750 2191 992 2254 irreverentiam
1034 2198 1068 2252 ei
1101 2192 1266 2273 incuriam,

96 2298 210 2379 gravis
242 2299 357 2362 abusio
378 2307 450 2380 est,
477 2299 562 2363 siout
583 2306 671 2380 patet
698 2313 756 2380 per
783 2299 971 2380 Hugoucm,
1004 2297 1061 2380 qui
1084 2297 1168 2359 inter
1200 2297 1264 2360 xit

96 2401 230 2468 claustri
248 2404 422 2478 abusiones
444 2421 541 2468 unam
560 2405 666 2486 pouit,
690 2402 933 2494 irreverentiam
956 2403 1044 2466 circa
1066 2402 1178 2466 altore.

165 2648 356 2750 Templum
376 2647 506 2724 beatae
531 2649 674 2725 Mariae
700 2649 865 2750 Virginis
890 2649 927 2724 in
951 2621 1041 2727 area
1062 2651 1201 2728 Areae.

180 2827 232 2890 Ad
253 2825 340 2890 latus
361 2820 505 2892 australe
534 2832 651 2894 Bethel
684 2841 716 2893 et
739 2832 868 2928 tempii7
900 2831 987 2914 quod
1007 2834 1174 2896 nominant
1195 2832 1263 2896 Sa·
1299 2823 1307 2832 ’

100 2930 251 3015 lomouis,
286 2935 321 2994 iu
345 2933 459 2996 eadem
486 2952 563 2996 area
594 2935 704 2998 Aruae
735 2938 892 3023 Jebusaci
930 2944 983 2998 est
1018 2934 1105 2997 aliud
1137 2933 1262 3019 grando

102 3034 250 3116 templum
283 3044 315 3097 et
337 3036 477 3100 ecclesia
498 3039 707 3121 perpulchra,
736 3039 778 3100 ad
811 3039 953 3102 modum*
968 3038 1179 3102 ecclesiarum
1202 3060 1262 3103 uo-

102 3145 235 3200 strarum
256 3137 458 3224 peremnia,
489 3142 723 3224 quaeexcodit
750 3143 905 3225 templum
927 3141 1110 3206 Salomonis
1134 3146 1264 3226 magui-

102 3242 208 3304 tudino
228 3253 358 3326 propter
379 3245 508 3330 longam
531 3247 691 3311 ecclesiae
719 3265 854 3330 navem,
887 3257 919 3310 et
941 3258 992 3312 ost
1012 3248 1142 3334 plumbo
1165 3259 1261 3334 tecta,

102 3356 132 3408 et
161 3348 269 3412 multis
300 3369 359 3432 per
386 3353 551 3416 circuitum
585 3353 738 3414 fenestris
763 3352 924 3419 illustrata
952 3354 993 3418 dc
1014 3354 1095 3434 die,·
1111 3355 1261 3417 noctibus

101 3471 174 3517 vero
209 3454 419 3537 octingentae
439 3457 471 3521 iu
494 3477 533 3519 eo
561 3458 675 3521 ardent
703 3459 887 3541 lampades,
916 3459 992 3544 quia
1025 3466 1077 3520 est
1108 3460 1268 3522 maruaria.

103 3557 181 3640 apud
207 3557 408 3623 Sarracenos
440 3563 656 3627 sanctissima.
714 3561 796 3640 uuis
829 3573 935 3626 autern
969 3566 1053 3626 hauc
1088 3563 1258 3626 ecclesiam

102 3665 310 3730 construxerit
353 3673 388 3728 et
424 3665 553 3750 quando
584 3675 770 3744 constructa
797 3668 858 3752 sit,
889 3669 985 3752 plana
1014 3669 1162 3732 invenire
1195 3689 1259 3732 non

103 3769 184 3850 potui
216 3771 256 3832 ab
287 3769 395 3853 aliquo
428 3773 657 3856 couscriptum.
700 3772 798 3856 Apud
819 3791 871 3836 me
901 3782 1009 3836 tamen
1043 3773 1259 3836 indubitatum

105 3881 221 3954 manet,
254 3875 341 3957 quod
368 3873 542 3940 Christiani
563 3896 633 3940 eam
667 3863 810 3978 fecefint
847 3883 923 3960 post
950 3877 1093 3940 ultimam
1116 3878 1258 3969 civitatis

104 3987 229 4040 sanctae
247 3981 538 4064 recuperationem,
561 3989 709 4062 ‘tempore
731 3980 901 4046 latinorum
930 4001 1042 4066 regum
1063 3982 1258 4065 denudem,

105 4081 174 4164 quip
192 4082 293 4146 forma
313 4093 345 4148 et
366 4084 505 4152 aedilicii
527 4085 669 4169 qualitas
691 4084 811 4148 iudicat
833 4106 905 4150 eam
926 4086 1153 4150 aChristiuuis
1175 4103 1257 4148 con-

104 4191 261 4250 structam.
312 4189 406 4257 stou
441 4165 544 4256 iortlra
576 4191 701 4282 ternph'⁴
742 4192 829 4275 quod
863 4193 1029 4259 nominant
1062 4189 1256 4284 Salomonis,

105 4289 267 4356 manifeste
299 4280 469 4380 monstrat,
507 4293 593 4378 quod
623 4315 642 4357 a
672 4297 809 4392 paganis
841 4306 892 4359 est
919 4302 1160 4376 constructum,
1193 4310 1255 4356 noc
1322 4291 1335 4316 ¹
