2926 5050
684 350 724 418 71

24 563 42 644 p
102 543 147 600 et
169 535 235 623 aab
250 533 353 616 petris
372 541 485 617 aura,
502 541 538 596 et
558 533 592 598 in
613 531 744 596 nanta
761 533 941 616 parietibus
960 548 1142 615 mannae,
1170 531 1288 627 partim

10 799 40 844 lll

18 897 40 949 li

104 637 324 719 naturaliter,
345 639 462 720 partim
482 635 693 720 artificialiter
721 637 845 724 sactae,
866 640 899 702 in
931 635 1058 720 quibus,
1081 635 1157 714 olim
1184 633 1289 720 dege-

107 747 198 808 butt
225 740 338 811 Sancti
368 744 553 822 chdstianl,
586 749 673 806 totus
700 743 785 808 enim
811 761 904 808 mons
939 740 1080 824 repletus
1107 750 1178 804 erat
1206 739 1287 805 viris

109 845 300 930 religiosis,
335 849 487 929 quicum
517 845 656 936 Domino
687 847 732 910 iot
759 848 793 910 in
824 840 1043 931 poenitentiali
1074 845 1287 930 castigatione

110 950 284 1020 vivebant.
326 949 498 1036 Evagatrm
525 971 598 1016 snm
628 949 663 1014 in
692 960 828 1035 atraque
857 969 930 1018 moa
961 951 1219 1034 peregrinatione
1253 949 1287 1015 in

110 1057 182 1120 lane
201 1073 296 1119 sacro
318 1062 427 1118 monto
463 1062 496 1118 ot
515 1054 627 1116 inveni
661 1053 780 1121 maltos
804 1053 956 1138 udlnlaa,
981 1055 1079 1118 ‘saxis
1106 1052 1287 1118 durissimis

53 1209 56 1214 .
110 1161 256 1242 incisas,
279 1167 312 1225 et
331 1161 367 1222 in
389 1157 626 1240 abruptissimis
648 1157 748 1241 petris
768 1160 961 1244 minnota,
982 1167 1016 1221 ct
1034 1158 1069 1223 in
1097 1157 1287 1240 periculosis

10 1319 13 1330 .
112 1263 256 1327 odonis
278 1279 453 1344 novennes,
474 1263 508 1327 in
529 1261 647 1344 quibus
680 1263 749 1326 vidi
771 1261 932 1346 horrenda
965 1269 1151 1352 *unctorum
1168 1247 1288 1326 'mona-

112 1369 253 1433 cnorum
273 1365 456 1450 habitacula
482 1374 515 1428 ct
533 1366 732 1449 deprehendi
743 1369 776 1432 ln
795 1367 860 1432 illis
878 1366 1030 1432 cavernis
1048 1367 1119 1430 loca
1135 1366 1288 1434 distincta

22 1529 26 1544 ,
113 1491 177 1554 pro
206 1471 366 1552 oratione,
396 1490 454 1553 pro
485 1467 692 1554 dormitione,
723 1492 781 1555 pro
812 1473 1003 1538 cibuiornm
1030 1458 1286 1555 praeparatione,
1349 1525 1350 1530 ,

13 1637 16 1650 ,
114 1595 178 1659 pro
199 1593 304 1643 retum
325 1577 580 1640 necessariarum
601 1576 867 1672 conservatione,
889 1586 922 1640 et
941 1579 977 1638 in
997 1574 1175 1660 parietibus
1188 1566 1287 1639 'lora-

117 1681 206 1747 nn’na
219 1679 384 1762 quadrata
404 1701 462 1764 pro
484 1681 636 1746 librorum
659 1682 865 1766 repositione.
907 1681 947 1746 In
971 1682 1130 1764 oppositis
1150 1677 1286 1749 saltibus

116 1785 187 1848 vidi
217 1803 391 1868 cavernas,
422 1785 464 1848 ad
492 1804 575 1870 qnos
605 1804 699 1850 nemo
729 1794 837 1869 potest
869 1786 984 1850 venus
1002 1785 1079 1851 -nisi
1110 1791 1285 1850 venatores

22 1951 26 1957 .
114 1907 309 1972 caprearum
329 1897 362 1952 ct
384 1891 542 1971 seruum,
564 1891 735 1974 inquibus
756 1890 905 1955 monachi
926 1890 1002 1954 olim
1023 1890 1230 1973 habitavere,
1251 1893 1286 1950 et

12 2061 31 2076 ,γ
113 2014 177 2077 per
199 1994 346 2062 occulos
368 2001 495 2058 meatus
514 1993 586 2076 (B)
606 1995 768 2058 intrabant
789 2001 823 2056 st
844 1995 991 2076 cubant,
1015 2001 1054 2056 ct'
1070 1995 1158 2059 visrn
1180 1988 1304 2058 omni-¹

10 2169 11 2180 χ
86 2119 89 2126 “
116 2101 180 2164 bus
201 2099 363 2178 celabant,
384 2107 419 2160 nt
439 2118 503 2160 non
528 2099 786 2182 inquietarentur
807 2115 866 2181 per
886 2099 1091 2182 frequentias
1109 2097 1285 2164 hominnm.
1384 2087 1387 2094 ⁴

117 2202 207 2284 Sed,
236 2203 316 2265 heu!
352 2219 465 2267 omnes
486 2203 550 2264 liae
571 2219 731 2274 cavernae
753 2210 785 2264 ct
813 2202 950 2265 cellulae
971 2213 1047 2266 sunt
1064 2201 1130 2284 jam
1163 2217 1286 2264 vacuae

38 2347 41 2352 -
118 2315 153 2370 et
175 2307 315 2368 ferarum
337 2306 462 2369 foveae
506 2305 582 2368 Non
604 2317 681 2370 sunt
703 2307 794 2382 multi
816 2303 920 2390 elapsi
941 2308 1037 2389 anni,
1072 2303 1157 2388 quod
1179 2303 1285 2378 adhuc

118 2421 301 2475 conventus
323 2410 548 2506 mantuanorum
571 2411 773 2478 orientalium
795 2413 839 2475 ibi
858 2411 1030 2494 habitarit,
1051 2405 1283 2507 quodquidam

119 2515 269 2580 dommus
291 2513 694 2600 dmaroasarraceous,
719 2515 796 2580 indo
816 2515 941 2601 expulit
966 2522 1001 2580 et
1034 2515 1121 2580 viarm
1143 2509 1184 2578 ad
1205 2532 1285 2598 spe·

10 2691 12 2706 ¹
76 2616 78 2622 ’
119 2639 193 2686 cnm
215 2621 392 2704 destruxit,
428 2621 491 2703 ita,
522 2620 608 2704 qnod
629 2641 723 2686 nemo
745 2621 835 2687 adira
865 2612 977 2704 potnit.
1021 2617 1096 2684 son,
1119 2617 1285 2692 soldanus

113 2743 177 2807 ‚per
198 2707 410 2792 Christianos
423 2726 645 2810 interpellatus
679 2727 767 2790 viam
795 2728 958 2808 reparavit
978 2727 1040 2790 ltoc
1061 2723 1172 2809 modo,
1199 2724 1285 2787 sicut

119 2828 215 2892 laodic
237 2839 310 2892 stat
334 2830 390 2918 Ad
409 2831 491 2894 haec
512 2836 665 2894 montana
687 2831 945 2899 conscenderunt
965 2829 1031 2897 dnn
1053 2817 1283 2914 captoratores,

119 2950 202 3015 qnos
221 2933 325 2996 Josna
350 2935 384 2996 in
407 2934 537 3008 Jericlao
559 2934 705 3017 miscet,
737 2943 772 3000 et
792 2937 826 2999 in
847 2935 1012 3018 speluncis
1031 2937 1096 2998 illie
1117 2935 1280 2999 latuerunt

10 3009 12 3138 ἐ
118 3035 211 3117 iul·
232 3037 401 3102 comtum
425 3038 517 3102 Raab
541 3038 737 3118 meretricis,
760 3047 796 3100 ut
815 3039 951 3104 habetur
971 3039 1095 3104 Menae
1112 3040 1149 3136 ΛΞ.
1191 3108 1195 3117 ,

121 3270 180 3346 Dc
203 3291 358 3345 ascensu
381 3267 530 3344 alterins
565 3267 696 3344 montis
718 3277 757 3345 cl
780 3267 1051 3344 difficultatibus
1072 3267 1121 3344 ini
1142 3266 1283 3344 habitis
1402 3254 1413 3275 ”

200 3451 410 3518 Perlnstratis
440 3449 633 3525 habitaculis
652 3460 685 3514 et
705 3454 855 3516 cavernis
884 3452 1076 3518 Sanctorum
1097 3452 1282 3534 optavimus

121 3573 181 3620 uos
201 3573 278 3622 csse
309 3565 547 3640 consequenter
566 3557 600 3620 in
620 3557 805 3621 summitate
832 3555 968 3640 mortis,
995 3556 1037 3619 ad
1068 3575 1164 3640 qnam
1186 3556 1283 3640 longa

120 3663 175 3724 via
193 3677 324 3724 anranm
351 3669 420 3724 erat
443 3680 502 3744 per
519 3661 702 3727 eminentes
720 3679 834 3746 rupes,
856 3672 890 3726 st
911 3661 992 3726 adeo
1013 3680 1111 3746 asper
1131 3669 1162 3726 ot
1184 3681 1282 3745 prae-

122 3782 200 3848 ceps
220 3783 380 3830 secamus
404 3766 460 3830 ille
491 3767 585 3830 nobis
617 3765 803 3850 videbatur,
831 3765 917 3851 quod
944 3785 1039 3830 tremo
1070 3768 1222 3849 sperabat
1243 3784 1282 3829 se

120 3887 218 3952 posse
249 3869 435 3934 madae.
486 3867 624 3948 Quidam
655 3879 763 3934 antem
800 3879 871 3934 erat
901 3872 1087 3954 nobiscum,
1116 3874 1171 3956 qui
1200 3870 1281 3934 allas

121 3975 215 4040 wara
237 3973 445 4056 manderet,
466 3976 523 4058 qui
543 3973 623 4038 dixit
644 3975 756 4057 nobie,
788 3974 875 4060 quod
895 3983 959 4038 non
981 3993 1150 4058 possemus
1171 3977 1205 4037 in
1226 3973 1282 4036 illa

119 4087 212 4160 parta
232 4078 274 4142 ad
293 4097 449 4144 cacmcn
469 4079 592 4163 venire,
607 4077 667 4144 sed
686 4079 719 4142 si
738 4079 897 4146 vellemne
917 4079 1104 4162 sammon,
1120 4087 1280 4162 oporteret

121 4201 180 4250 nna
207 4185 301 4267 qnasi
333 4183 477 4259 totaliter¹
494 4181 720 4268 ¹descendere,
751 4181 845 4248 etin
872 4188 994 4248 moratis
1026 4183 1134 4247 radice
1169 4190 1281 4246 contra

120 4287 302 4370 qudem
322 4305 456 4372 gyrare,
475 4296 508 4352 ct
527 4289 569 4350 ab
590 4287 705 4355 codem
723 4287 825 4352 latare
846 4305 1018 4374 possemus
1041 4289 1116 4352 sine
1136 4283 1279 4370 periculo

123 4391 302 4474 praecipitii
330 4391 523 4476 emoneo,
553 4390 612 4456 sed
643 4411 708 4456 nou
728 4392 803 4456 sino
821 4379 936 4478 grandi
955 4389 1066 4456 labore
1087 4399 1120 4454 at
1149 4389 1279 4459 sudore.
