2842 4882
649 215 713 282 too

73 399 282 474 Reoessus
305 396 576 499 peregrinorum
609 400 763 476 eoam
795 373 922 482 oonba
945 399 1130 478 desertum
1155 423 1260 500 mog.

431 539 513 592 num
538 515 587 591 ad
611 526 766 592 montem
792 515 919 640 Syriai

175 700 273 764 Nona
294 695 347 760 die
367 694 568 780 Septembris
588 715 683 760 mane
704 708 865 766 venerunt
884 643 1141 768 oarnelarii'eum
1162 703 1261 768 'l'rut-

77 805 303 872 sehelmanno
326 810 358 868 et
379 815 505 866 omnem
537 802 770 886 supelleetilom
798 815 942 870 nostram
976 813 1206 891 eportaverunt
1226 808 1259 870 iu
1293 867 1302 886 „

74 910 234 978 medium
265 909 374 971 euriae
414 906 631 990 ponderantes
657 909 780 980 similia
802 920 835 974 et
868 911 1040 992 librantes,
1057 919 1106 974 ·ut
1126 912 1259 993 seirent,

77 1025 173 1104 quot
191 1014 307 1080 cameli
330 1011 425 1076 nobis
446 1018 563 1078 esseut.
579 1015 755 1077 neeessarii
775 1023 806 1078 et
827 1016 1020 1084 invenerunt
1035 1021 1157 1084 tantum
1176 1033 1260 1112 pon-
1366 1044 1369 1049 ·

78 1125 172 1205 dus,
194 1118 280 1204 quod
301 1117 398 1180 xxn
420 1117 535 1182 oameli
565 1135 631 1183 nou
652 1117 841 1184 sufficerent
862 1129 1001 1203 portare,
1024 1137 1086 1182 neo
1106 1118 1261 1182 volebant

43 1231 50 1240 '
79 1246 166 1292 nos¹
183 1224 319 1304 dooere,
347 1222 410 1286 nisi
440 1221 545 1286 adhue
579 1230 648 1288 tres
680 1225 822 1288 camelos
843 1221 922 1307 (w
933 1226 979 1308 a)
1003 1221 1257 1306 disponeremus.

78 1335 141 1396 Elx
165 1330 227 1394 hoo
249 1332 357 1396 autem
383 1334 486 1390 ortum
508 1336 559 1392 est
580 1347 730 1412 magnum
752 1330 892 1414 litigium
921 1332 1086 1393 internos
1108 1337 1141 1392 et
1161 1329 1259 1392 'l'rut-

6 1425 7 1468 ἕ
80 1434 360 1502 schelmonnum.·
379 1431 452 1495 Nos
473 1431 681 1515 volebamus,
704 1433 790 1518 quod
811 1436 883 1518 ipse
905 1435 1059 1518 expensis
1083 1435 1153 1498 suis
1174 1435 1259 1496 resi-

80 1545 175 1608 duos
200 1537 342 1603 oamelos
370 1536 571 1622 disponeret,
601 1553 695 1622 prout
726 1540 759 1602 iu
786 1539 829 1608 V.
862 1539 996 1604 artioulo
1024 1539 1255 1608 ¹conuentionis

18 1677 20 1682 ¹
79 1653 224 1714 nostroe
244 1659 434 1725 expressum
456 1649 541 1726 erat,
564 1651 599 1707 ut
619 1642 756 1708 babetur
776 1645 812 1706 P.
837 1645 865 1708 l.
886 1635 943 1713 sol.
963 1643 1037 1708 219.
1080 1645 1156 1728 lpse
1177 1661 1257 1716 vero

79 1751 192 1818 noluit
227 1750 290 1814 boo
329 1746 440 1809 faeere
485 1746 616 1830 dioens,
658 1749 791 1812 multam
821 1747 1077 1832 suppelleotilem
1111 1747 1256 1812 inutilem

79 1861 187 1941 (nos)
208 1853 344 1932 babere,
366 1865 431 1933 qua
452 1849 591 1932 rejecta,
613 1852 644 1914 si
662 1852 811 1918 defeotns
832 1861 921 1916 esset
942 1853 1165 1936 eomelorum,¹
1183 1855 1257 1936 ipso

6 1987 7 2000 ¹
80 1967 254 2032 teneretur
274 1951 443 2036 supplere,
465 1955 547 2018 alias
580 1973 671 2040 non.¹
698 1955 885 2039 Repntebst
914 1958 999 2020 enim
1021 1956 1178 2040 quasdam
1201 1973 1256 2020 res

82 2062 289 2147 superfluas,
320 2074 405 2139 quae
434 2059 528 2121 uobis
561 2065 653 2122 eraut
686 2058 783 2124 valde
814 2062 1027 2125 neeessariae.
1071 2061 1261 2143 Antequam·

82 2177 196 2234 autem
216 2162 290 2228 illas
312 2179 365 2224 res
377 2160 543 2226 -vellemns
555 2153 716 2247 abjicere,
734 2163 946 2242 conduximus
963 2165 1117 2248 expensis
1137 2165 1256 2227 nostris

82 2273 195 2339 adhue
217 2279 284 2332 tres
306 2266 455 2329 camelos.
493 2266 551 2330 Sie
575 2286 653 2352 ergo
675 2269 843 2350 habuimus
863 2271 962 2334 XXV
983 2269 1135 2351 oamelos,
1158 2269 1256 2332 XXX

80 2380 214 2460 affines,
257 2374 321 2438 Vll
371 2371 560 2437 oamelarios
582 2376 631 2455 ,et'
656 2374 705 2438 Vl
741 2376 917 2459 asinarios,
953 2374 1034 2439 duos
1067 2375 1255 2457 capitaneos
1298 2366 1307 2430 .'

6 2491 7 2512 ¹
81 2487 241 2560 ductores,
259 2478 386 2542 Arabes
408 2485 441 2541 et
463 2478 544 2542 duos
565 2477 781 2565 Sarracenos,
801 2480 949 2551 calinum
972 2500 1107 2564 parvum
1130 2479 1255 2562 liipha-

7 2601 8 2606 ’
81 2591 206 2656 ballum
231 2602 304 2649 oum
322 2581 445 2665 juvene
469 2584 642 2668 Aethiope,
665 2596 697 2649 et
724 2597 793 2650 erat
814 2605 940 2652 summa
968 2586 1131 2650 hominnm
1152 2572 1255 2649 nostri

83 2695 250 2760 exereitus
271 2687 332 2750 Xlr
364 2705 531 2770 personae
583 2683 647 2752 llis
677 2692 790 2776 itaque.
825 2692 1014 2775 compositis
1052 2691 1144 2755 alluit
1175 2691 1255 2754 hora
1351 2667 1355 2690 ⁴

83 2794 308 2864 comestionis.
349 2789 557 2856 comedimus
578 2811 656 2876 ergo
678 2804 710 2856 et
736 2798 875 2872 bibimus
897 2797 929 2856 in
959 2794 1097 2874 laetitia,
1120 2809 1177 2873 pro
1199 2809 1252 2864 eo,

84 2899 173 2985 quod
203 2905 330 2979 tempus
360 2913 513 2959 reoessus
543 2899 645 2959 nostri
679 2897 864 2966 advenerat.
907 2899 1055 2960 Emimus'
1082 2903 1188 2957 autem
1218 2895 1254 2954 iu

82 3007 152 3070 line
172 3001 408 3081 malogranata,
431 2998 538 3064 dnloia
559 2999 612 3062 vel
633 3018 758 3082 amara,
780 2999 822 3064 ad
844 3001 1010 3084 plaoilum,
1032 3005 1127 3082 prout
1148 3015 1253 3076 unus·¹

84 3110 224 3191 quisque
243 3101 386 3185 volebat,
407 3110 444 3164 ut
464 3122 523 3186 per
543 3104 628 3166 viem
651 3104 769 3168 deserti
789 3109 990 3188 sugeremus.
1021 3105 1122 3168 lliraut
1144 3111 1260 3170 autem.

85 3215 150 3278 ista
171 3225 265 3292 poma
285 3209 319 3276 in
346 3207 465 3288 optimo
488 3207 574 3292 foro,
595 3228 669 3294 nam
693 3229 751 3292 pro
772 3229 836 3274 uno
869 3210 996 3274 madino
1017 3216 1145 3294 poterat
1166 3223 1251 3271 unua

84 3316 205 3381 habere
247 3313 309 3375 XL
354 3319 410 3375 aut
449 3313 479 3375 {a
516 3314 734 3397 malogranata
776 3333 894 3399 magua
933 3325 966 3378 et
1017 3313 1249 3378 recentissima.

84 3423 265 3487 'l'ransoots
286 3419 395 3499 itaque
416 3415 549 3480 meridie
577 3420 669 3482 venit
691 3421 999 3484 'l'rutsohelmaunns
1032 3422 1065 3481 in
1087 3437 1171 3501 equo
1193 3435 1252 3480 se-

83 3527 165 3592 dens
199 3533 232 3588 et
259 3522 390 3586 asinarii
412 3540 485 3586 oum
506 3524 617 3587 asinis.
659 3523 829 3603 Quamvis,
848 3533 954 3589 autem
985 3527 1113 3590 asinarii
1140 3532 1252 3588 essent

83 3630 277 3712 christiani,
303 3637 412 3692 tamen
435 3627 474 3692 ad
508 3629 636 3694 modum
656 3631 796 3694 Arabum
820 3632 925 3714 eapite
947 3648 1007 3696 sua
1033 3632 1251 3711 mutaverant,

82 3739 253 3802 ot-minus'
267 3753 326 3817 per
348 3733 510 3798 desertum
531 3735 761 3804 infestarentur
782 3737 822 3799 ab
835 3738 1006 3800 Ambibns.
1035 3734 1249 3800 Adduxeruut

86 3843 180 3905 eliam
211 3838 374 3904 camelarii
414 3839 556 3906 oamelos
598 3859 720 3925 eosque
755 3843 852 3905 rebus
880 3845 1002 3906 nostris
1032 3845 1249 3904 oneraverunt

84 3943 163 4008 duas
184 3953 291 4020 temen
313 3953 441 4026 sportas
460 3962 584 4010 vacuas
606 3945 801 4029 dimiserant,
814 3945 854 4009 ad
876 3964 958 4029 quas
979 3945 1145 4028 posuimus
1166 3942 1249 4004 duos

85 4049 409 4132 militesperegrinos
437 4049 568 4114 debiles.
614 4051 696 4114 cum
732 4058 840 4115 eutem
878 4049 992 4114 eameli
1017 4048 1086 4130 jam
1122 4049 1254 4120 onerati·

84 4160 208 4233 esseut,
226 4152 321 4234 jussu
343 4153 623 4218 'l'rotselrelmenni
645 4155 856 4220 aeoinxerunt
880 4173 918 4217 se
946 4154 1064 4216 milites
1085 4148 1247 4232 peregrini

83 4255 197 4336 gladiis
214 4265 247 4320 et
267 4256 366 4342 aliqui
386 4265 531 4324 emerant
548 4277 643 4324 arens
659 4267 692 4322 et
713 4259 778 4324 tela
790 4259 831 4322 ad
850 4257 976 4323 modum
997 4258 1246 4322 Sarraoenorum
