2926 5050
679 400 721 466 ss
909 423 960 483 ι.

21 589 22 666 j
97 582 192 656 lilius
202 583 306 646 liclial
318 584 444 666 accepit
456 581 545 646 illam
561 583 733 647 ecclesiam
758 591 790 646 et
810 582 1004 646 domicilium
1021 585 1117 644 sirum
1128 597 1201 646 mm
1214 581 1278 648 sibi

21 695 22 700 ’
99 688 285 770 constituit,
297 696 328 749 et
345 704 438 750 exea
454 690 583 770 rapinas
599 689 772 752 exercebat
787 694 821 751 et
833 694 1096 770 pertranseuntes
1106 685 1277 770 spoliabat,

99 791 315 873 singulariter
350 801 459 855 tamen
492 795 641 858 omnibns
661 791 859 864 Christianis
897 791 1060 875 speciales
1091 789 1278 856 iuimhitias

101 893 283 958 addixerat.
326 897 390 958 Est
422 905 533 960 autem
554 898 588 960 in
618 893 1137 980 oriente,consuetudo‚.quando
1159 895 1222 975 duo
1243 897 1278 962 iu

101 1015 223 1080 campo
245 1000 308 1060 sibi
330 1001 479 1084 obviant,
501 1009 533 1064 et
554 1018 646 1064 unus·
661 1001 797 1064 alterum
820 1001 926 1082 timet,
954 999 1027 1080 ille,
1049 997 1281 1083 quidesperat

101 1119 143 1164 se
165 1119 266 1183 posse
298 1103 433 1166 alterum
467 1107 621 1189 vincere,
648 1104 951 1186 caditssdebestia,
981 1111 1013 1165 et
1035 1101 1139 1186 pedes
1165 1110 1282 1168 eontra

102 1207 294 1269 obviantem
320 1209 428 1291 venit,
461 1211 646 1293 insignum
675 1209 893 1289 reverentiae,
924 1207 1031 1277 uteie
1062 1207 1278 1284 reverentiam

102 1310 136 1372 ei
159 1309 270 1373 faciat.
315 1310 373 1375 Sic
404 1313 501 1376 etiam
529 1314 843 1398 quandoexercitus
866 1313 1021 1375 exercitui
1050 1310 1279 1397 deferrevult,

102 1431 223 1477 omues
248 1413 289 1476 de
310 1414 423 1492 bestiis
443 1415 653 1488 descendunt.
695 1417 754 1482 Sic
786 1416 913 1501 quando
946 1434 1004 1479 rex
1027 1415 1093 1478 uel
1125 1419 1278 1498 princeps

21 1567 22 1576 ,
103 1524 140 1580 et
167 1516 341 1581 Sarraceui
372 1529 427 1583 aut
461 1521 657 1586 Mamalucci
677 1523 814 1587 ¹nobiles
845 1519 1039 1603 procedunt,
1068 1520 1117 1582 eis
1149 1519 1277 1603 obvim
1332 1603 1340 1617 ,
1372 1585 1379 1608 χ

103 1622 282 1684 venientes
303 1622 343 1686 de
365 1626 467 1688 asinis
487 1625 676 1710 prosiliunt,
709 1636 740 1689 et
762 1633 869 1707 stant,
902 1641 1071 1709 quousque
1090 1632 1278 1708 pertranse-

102 1733 174 1788 unt.
219 1723 366 1804 Quodsi
387 1728 428 1791 de
447 1730 549 1793 beatis
568 1749 633 1794 non
654 1730 881 1794 descenderint
917 1733 952 1792 in
982 1727 1162 1813 praedietis
1189 1727 1277 1810 calii-

21 1913 22 1924 ,
102 1831 180 1914 bus,
195 1833 230 1892 vi
253 1832 293 1895 ab
315 1832 389 1896 aliis
411 1833 603 1916 dejiciuntur
615 1834 667 1898 de
683 1835 841 1918 iumentis
857 1853 931 1908 cnm
947 1851 1066 1920 magua
1083 1829 1279 1900 contumelia

103 1943 138 1996 et
160 1937 318 1998 molestia.
361 1939 532 2001 'l'imebant
553 1958 631 2023 ergo
654 1940 803 2002 ductores
827 1933 929 2002 nostri
949 1937 1093 2018 Arabena
1113 1937 1214 2019 illum,
1235 1953 1278 2002 ue

104 2040 191 2103 forte
214 2059 287 2104 cum
310 2043 519 2126 complicibus
541 2041 666 2106 suisiu
689 2040 829 2106 ecclesia
851 2045 1006 2124 latitaret,
1019 2051 1053 2104 et
1069 2046 1279 2126 emmpentes

104 2163 169 2207 nos
202 2145 412 2230 invaderent,
443 2148 615 2229 praecipue
645 2148 674 2209 si
702 2146 774 2206 sine
808 2150 993 2210 reverentia
1023 2146 1151 2210 domuin
1184 2161 1278 2210 suam

106 2250 454 2334 pertransivissemus,
476 2260 509 2314 et
533 2253 573 2315 ob
605 2253 690 2316 banc
711 2269 843 2315 causam
865 2257 1100 2334 praeceperunt
1122 2249 1215 2314 uobis
1237 2245 1278 2312 de

106 2353 214 2420 asirris
237 2353 444 2436 descendere,
464 2362 498 2416 et
518 2354 646 2418 domum
664 2357 759 2418 istem
783 2374 856 2418 cum
878 2355 1057 2418 hnmilitate
1072 2355 1277 2438 pertransire,

21 2439 22 2450 ¹
105 2455 196 2539 quod
219 2457 423 2540 elicuimus,
444 2461 521 2522 licet
543 2459 660 2522 milites
688 2459 959 2542 impatientissimi
992 2457 1112 2522 fuerint
1142 2467 1176 2522 'et
1203 2459 1278 2524 cani

21 2563 23 2602 l
104 2560 154 2623 illi
175 2563 330 2645 pessimis
351 2563 630 2628 maledictionibus
652 2563 883 2628 maledixerint.
920 2565 970 2627 lta
990 2571 1102 2626 tamen
1119 2563 1277 2627 transivi·

105 2683 199 2750 mus,
222 2666 308 2748 qnod
330 2673 491 2733 nemiuem
511 2672 545 2730 in
567 2669 638 2731 loco
660 2667 820 2752 vidimus,
848 2676 882 2730 et
903 2667 964 2732 lroc
985 2686 1044 2752 pro
1075 2668 1169 2733 nobis
1200 2667 1273 2748 luit,

21 2783 22 2796 ¹
104 2769 182 2849 quia
203 2779 270 2833 tam
289 2771 439 2836 ductores
460 2769 562 2832 nostri
583 2791 678 2856 qurum
696 2791 756 2838 nos
777 2771 874 2838 valde
893 2771 983 2838 illum
1004 2771 1145 2836 Arabiam
1168 2772 1277 2836 timui-

21 2885 22 2900 *
108 2891 204 2956 mus,
230 2894 272 2938 ne
294 2875 376 2938 forte
396 2877 619 2957 insequeretur
639 2895 708 2945 nos.

183 3179 243 3254 De
268 3130 455 3280 praedicta
480 3183 639 3263 ecclesia
661 3181 704 3259 S.
726 3180 905 3257 Johannie
937 3187 977 3254 et
998 3177 1071 3254 loci
1096 3177 1194 3254 illius
1227 3176 1229 3188 ’
1276 3137 1277 3144 Ν

591 3302 795 3380 sanctitate.
834 3356 837 3362 -
908 3355 910 3360 -

194 3505 359 3568 Ecclesia
382 3507 548 3590 praedicta
569 3506 603 3570 S.
625 3504 785 3571 Joheuuis
805 3511 856 3567 est
876 3503 958 3566 satis
978 3515 1113 3584 magua,
1135 3501 1193 3564 sed
1208 3502 1277 3584 jam

108 3609 278 3689 prolauata
297 3630 357 3695 per
376 3612 637 3676 inhabitationem
658 3611 819 3692 Arabum,
840 3609 896 3693 qui
917 3610 951 3672 in
971 3604 1183 3691 praedatione
1205 3608 1278 3670 exi-

105 3721 232 3778 stentes
252 3718 287 3778 in
308 3733 347 3780 ea
384 3725 546 3799 tamquam
564 3718 598 3779 in
620 3717 690 3780 loco
708 3716 830 3780 munito
856 3721 997 3780 manent.
1054 3709 1182 3777 Altaria
1204 3710 1276 3792 ejus

109 3829 186 3882 sunt
207 3820 331 3904 diruta,
361 3831 393 3884 ct
419 3820 652 3904 quodammodo
674 3820 776 3884 forma
805 3817 966 3881 ccclesiae
995 3815 1111 3880 ablata.
1154 3817 1192 3878 ln
1215 3817 1278 3895 hoc

110 3920 181 3986 loco
215 3928 329 4000 dicunt
356 3926 391 3990 S.
414 3926 596 3990 Jobannem
631 3924 808 4010 Baptistam
842 3920 969 4004 populis
997 3919 1221 4004 praedicasse,
1243 3929 1277 4014 et

111 4031 235 4092 cunctis
258 4030 389 4114 regulas
407 4030 540 4093 vivendi
560 4028 748 4109 tradidisse,
770 4035 807 4088 ut
826 4027 962 4101 habetur
981 4025 1093 4091 hucac
1114 4025 1157 4110 3.,
1178 4035 1210 4089 et
1231 4027 1276 4090 ibi

110 4127 340 4209 Domino-lesu
357 4121 575 4210 testimonium
596 4132 799 4218 perhibuisse
821 4132 947 4215 dicitur,
970 4139 1008 4202 ut
1025 4129 1142 4200 dicitur
1155 4131 1271 4196 lllattlr.

115 4231 142 4294 l.
184 4237 321 4322 lnsuper
342 4242 375 4305 iu
401 4240 464 4303 hoc
497 4238 568 4302 loco
601 4237 709 4300 stabat
738 4236 922 4319 lohannes,
957 4235 1085 4321 quando
1117 4235 1276 4302 Dominus

113 4334 212 4414 lesus
228 4345 321 4405 uenit
343 4343 385 4406 ad
407 4361 491 4425 eum,
508 4349 541 4406 et
563 4341 680 4406 videns
701 4360 775 4407 eum
796 4339 895 4424 digito
916 4340 1115 4429 monstrabat
1144 4323 1278 4410 nicoma

114 4456 207 4525 ecce,
227 4463 331 4529 agnus
352 4447 432 4530 Dei,
461 4447 516 4530 qui
549 4445 631 4511 tollit
659 4453 799 4529 peccata
827 4445 954 4528 mnndi,
984 4443 1059 4512 Jolr.
1090 4445 1121 4516 l,
1165 4441 1277 4526 Aliqui
