2926 5050
721 262 759 332 tt

158 453 230 518 loeo
250 449 430 533 oeuptunt,
448 447 482 512 in
504 463 568 531 quo
594 445 753 512 monioles
782 445 929 528 Reginae
962 452 995 508 et
1016 443 1168 528 vetulae,
1201 452 1330 510 etmo-

159 559 254 623 noolni
276 566 309 619 et
330 551 529 636 moordmes,
550 557 587 616 et‘
603 553 724 638 quique
746 550 859 616 ‹leuoti
880 548 994 614 ildelos
1015 557 1176 634 quaenunt
1196 549 1329 615 oonlor·

159 664 313 728 tationem
324 662 356 723 in
372 675 432 722 suo
448 656 561 722 militia
571 657 741 740 spirituali,
754 663 789 718 et
806 657 933 739 gratioe
943 655 1005 719 Del
1022 656 1330 739 augmentetionem.

241 765 396 829 XXVlll.
424 757 547 845 Nostro
573 761 686 826 militie
707 767 760 825 est
792 760 962 824 diffieilior.
1007 759 1091 824 Nom
1114 759 1200 844 opud
1233 775 1331 843 reges

67 864 70 871 ’
161 879 193 934 ot
213 870 376 954 prinoipes
408 875 440 932 et
472 867 505 930 in
526 867 659 951 proeliis
684 865 849 930 confertur
877 865 990 929 militie
1012 884 1084 929 oum
1107 863 1247 951 quodem
1268 865 1328 928 tri-

159 975 278 1059 omplno
298 982 332 1036 ot
352 972 472 1054 gaudio
494 977 527 1048 et
548 977 622 1036 eom
643 971 791 1060 selenis,
819 971 902 1034 hose
918 977 1024 1032 entem
1047 978 1099 1034 est
1117 977 1185 1034 toto
1205 972 1331 1046 seriose

157 1089 193 1144 ut
229 1077 395 1164 poenalis,
428 1073 518 1160 nullo
549 1076 669 1160 gaudie
701 1085 733 1141 ot
765 1075 881 1140 solatio
911 1073 1055 1160 hebens,
1086 1074 1147 1139 soil
1176 1074 1332 1159 plurimos

162 1183 322 1252 miserius.
431 1205 455 1216 ·’
1299 1187 1302 1194 ’

243 1283 506 1350 nomiminis
531 1283 613 1347 lineo
638 1291 690 1348 est
711 1281 844 1367 majoris
863 1281 1031 1353 ondooioe.
1068 1281 1129 1346 ille
1151 1282 1252 1364 enim,
1275 1283 1331 1365 qui

162 1411 250 1456 moro
271 1390 389 1454 transit
408 1386 576 1472 audenter,
598 1389 700 1452 vitem
720 1403 812 1452 suom
833 1389 928 1451 morti
957 1390 1090 1472 exponit
1112 1389 1215 1470 mogls
1235 1403 1331 1470 quom

161 1495 233 1580 ille,
265 1497 321 1580 qni
351 1492 392 1557 od
413 1493 598 1558 bollandum
620 1495 726 1577 vadit,
760 1493 851 1557 vellit
872 1491 958 1555 enirn
992 1494 1092 1555 ermis
1114 1492 1273 1574 munitus,
1295 1498 1331 1554 et

159 1619 285 1686 eorem,
299 1605 406 1684 potest
427 1599 581 1682 periente,
596 1606 631 1663 et
646 1601 776 1662 omnino
797 1598 911 1682 lingere
940 1596 1135 1679 proeoitium
1157 1611 1330 1681 quaerens.

162 1704 229 1768 Sed
250 1707 336 1768 haeo'
351 1705 458 1767 omnio
479 1723 543 1767 non
565 1711 700 1788 prosunt
721 1703 814 1765 militi
835 1703 940 1766 saneti
957 1702 1119 1784 sepulchri
1140 1707 1252 1764 eontra
1269 1717 1331 1765 suo

162 1808 306 1892 perionis
331 1817 397 1871 tom
423 1809 457 1870 in
492 1808 571 1870 mori
592 1807 744 1890 quemin
763 1811 849 1870 terre
870 1805 931 1869 sibi
953 1806 1170 1887 imminentia,
1205 1811 1331 1887 oportet

162 1915 247 1977 enim
270 1930 342 1975 oum
363 1911 414 1974 sio
436 1929 513 1974 erse
532 1913 619 1977 inter
639 1929 801 1996 pegenos,
823 1891 863 1975 oo
881 1911 914 1974 si
944 1918 1034 1973 esset
1055 1909 1274 1992 insensibilis,
1297 1917 1330 1972 et

161 2018 353 2102 percutienti
375 2033 439 2080 non
459 2017 630 2098 resistere,
652 2024 689 2079 nt
709 2035 789 2079 vere
808 2013 887 2080 illud
919 2017 1023 2098 possit
1044 2013 1157 2078 dinero
1177 2013 1274 2078 Prov.
1297 2016 1328 2076 4.

160 2123 218 2188 28:
242 2129 475 2205 percusserunt
495 2139 566 2202 me,
588 2127 620 2182 ot
642 2135 707 2182 non
728 2121 833 2202 sensi,
856 2120 1110 2184 vulneraverunt
1132 2126 1246 2198 me,·et
1263 2135 1328 2180 non

164 2225 260 2292 dolui.
303 2222 722 2307 usurparentur.
1435 2279 1442 2290 .

245 2329 352 2395 XXX.
374 2330 494 2395 Militis
521 2330 578 2394 illo
598 2337 652 2393 est
673 2329 839 2412 remotior,
864 2329 898 2393 in
920 2326 1025 2394 medio
1047 2328 1167 2392 mnrrrli.
1211 2327 1256 2389 itt
1281 2323 1329 2390 nti

165 2436 300 2518 milites,
337 2436 391 2520 qui
424 2433 547 2498 vadunt
568 2434 610 2497 etl
638 2441 785 2499 sonetum
807 2431 1040 2520 'catherinam
1068 2435 1230 2517 attingunt
1262 2440 1330 2496 tres

162 2539 355 2626 prinoipoles
376 2549 488 2624 portes
507 2539 640 2604 mundi:
683 2541 862 2624 Europam,
883 2537 926 2603 ‹le
946 2553 1011 2622 quo
1030 2547 1166 2622 exeunt3
1202 2535 1328 2620 Asiam,

171 2663 269 2728 quom
290 2652 535 2729 pertransennt3
551 2645 728 2730 Africum,
749 2663 847 2731 quom
867 2645 954 2708 eiroo
971 2643 1204 2710 Alexandriam
1225 2643 1329 2706 ettin-

165 2757 258 2832 gnnt.
302 2749 370 2812 Alii
391 2734 508 2813 milites
529 2747 629 2833 prope
652 2758 782 2814 meinent
803 2769 861 2834 pro
882 2767 943 2812 sno
961 2748 1081 2812 militie.

173 2861 175 2870 ’
249 2853 371 2916 XXXI.
393 2853 528 2916 Nostro'
549 2853 661 2916 militie
690 2854 824 2916 similior
855 2859 910 2916 esi
947 2861 980 2915 et
1002 2851 1199 2914 onniiimnior.
1241 2847 1327 2912 Nem

166 2953 285 3018 milltes
307 2955 370 3038 elii,
392 2956 488 3018 etiem
504 2958 543 3018 -in
567 2955 682 3020 entem
704 2955 789 3019 bello
807 2955 965 3039 peronesi,
980 2955 1105 3036 jootsnt
1126 2971 1175 3036 se,
1191 2961 1225 3015 et
1246 2969 1330 3016 unus

166 3058 259 3122 alteri
281 3075 319 3120 se
340 3057 493 3142 praefert,
513 3065 547 3122 ot
566 3061 606 3122 ab
629 3059 701 3122 eliis
722 3041 853 3142 quidam
874 3059 947 3121 eliis
963 3057 1197 3142 praeferuntur,
1215 3055 1330 3118 melio-

166 3181 219 3226 res
241 3179 316 3226 eose
338 3162 527 3246 milites,'et
546 3162 680 3226 militiae
705 3163 840 3246 glorium
862 3162 980 3226 melios
999 3163 1168 3245 memisse,
1190 3169 1222 3226 et
1246 3179 1330 3224 non-

165 3286 339 3352 numquam
359 3269 393 3330 in
416 3268 514 3334 curiis
545 3287 656 3352 regum
688 3285 808 3351 graves
829 3267 1016 3332 inimicitias
1044 3275 1157 3330 contre
1178 3283 1216 3329 re
1236 3267 1278 3329 ob
1297 3266 1329 3329 id

163 3371 303 3438 nolente
337 3371 389 3435 his
411 3369 528 3435 iresois
550 3372 698 3440 omnibus
720 3380 753 3436 et
773 3371 912 3437 sordidis
934 3371 1084 3437 leudibus
1109 3379 1200 3436 noret
1219 3379 1332 3435 nostro

165 3477 451 3560 hierosolymitano
471 3477 603 3561 militie,
626 3479 702 3560 quio
723 3495 835 3542 omines
859 3479 1037 3563 aequaliter
1065 3495 1136 3540 eom
1157 3483 1330 3559 merentur,

165 3589 198 3646 et
218 3581 335 3646 nobilis
364 3581 457 3644 miles
489 3581 597 3646 laetos
629 3599 694 3645 non
723 3584 830 3646 minus
861 3587 913 3646 est
935 3583 1047 3666 miles,
1080 3599 1177 3666 qoem
1205 3599 1264 3644 rex
1285 3579 1330 3643 ibi

166 3703 353 3769 pereussos.

248 3790 385 3854 xxxii.
406 3789 467 3852 ille
490 3797 602 3853 nostre
623 3790 735 3854 militie
755 3797 808 3854 est
829 3791 1091 3876 eommunis,sie,
1110 3791 1194 3877 quod
1217 3805 1330 3854 omnes

166 3893 295 3958 nobiles
317 3893 360 3958 ibi
395 3893 690 3976 percensuimus
724 3897 850 3960 oriente
888 3905 922 3960 et
955 3895 1141 3980 ooeitlente,
1174 3911 1272 3958 senes
1299 3901 1332 3956 ot

164 3996 317 4080 juvenes

291 4101 447 4173 XXXlll.
467 4103 560 4168 lineo
580 4111 693 4168 nostro
713 4105 828 4167 militie
848 4114 899 4169 est
920 4105 1083 4186 seeurior,
1116 4103 1193 4188 quio
1214 4101 1331 4180 omnio,

166 4223 251 4372 opleto
269 4207 316 4272 ibi
337 4215 491 4291 aguntur,
519 4217 595 4272 sunu
624 4211 770 4275 virtuoso
791 4215 824 4272 et
846 4207 974 4293 diune,
1007 4207 1093 4292 quod
1114 4207 1215 4288 longe
1237 4205 1331 4267 obest

170 4326 189 4372 e
213 4309 253 4376 is.
320 4327 325 4338 ¹
478 4314 483 4323 “
