2954 4914
686 223 798 290 'iffi

265 409 324 474 Sic
343 407 465 470 iaciunt
485 407 520 470 in
540 405 688 470 omnibus
709 403 800 468 aliia:
822 405 962 468 Bibllan
987 409 1115 487 tenent,
1148 405 1203 468 ubi
1222 405 1381 488 volunt3
1455 479 1456 500 χ

181 513 242 578 sed
265 514 319 578 ubi
340 512 469 594 nolunt,
490 511 686 574 eontrarium
707 519 859 573 asserunt
876 513 1097 592 pertinaciter,
1117 527 1181 572 nen
1202 512 1385 576 obstante
1455 509 1456 522 ¹

181 621 330 682 veritate.

271 720 343 800 (B)
365 721 466 784 Porro
492 735 586 781 mons
607 719 693 800 ipse,
722 718 755 780 in
776 734 841 802 qno
862 719 1046 802 stabamus,
1079 735 1171 780 mous
1201 717 1376 800 Engaddi

183 826 314 908 dieitur,
348 825 497 888 similiter
517 841 590 885 oum
613 822 686 884 aliis
708 817 770 883 sibi
792 822 1041 884 cohaerentibus
1062 822 1235 884 montibus.
1287 822 1375 885 No-

180 932 321 1002 minatur
342 937 450 990 tamen
473 925 590 990 Genea
620 928 669 1019 14.
683 935 727 988 et
747 927 779 993 2.
800 926 905 988 Paral.
927 927 981 1004 20.
1023 927 1154 989 Asasou
1175 933 1309 1009 tamar,
1334 935 1374 987 et
1455 917 1456 932 ¹

180 1035 243 1098 fuit
266 1032 426 1117 quondam
450 1033 542 1126 regio
563 1029 850 1094 Amalechitorum.
892 1031 936 1092 Et
958 1030 1302 1120 beatuslerouymus
1326 1030 1372 1092 de

180 1137 345 1202 distantiis
367 1136 509 1198 locorum
532 1134 627 1216 dicit,
655 1133 741 1218 quod
762 1132 911 1215 Engaddi
932 1136 1038 1196 estin
1059 1137 1145 1198 tribu
1171 1135 1303 1218 Judae,
1331 1137 1370 1196 in

180 1238 371 1320 solitudine,
396 1246 553 1321 quaeest
583 1240 615 1300 in
646 1237 762 1312 aulone
786 1255 887 1319 supra
917 1257 1005 1301 mare
1026 1249 1205 1320 mortuum,
1240 1224 1275 1300 et
1302 1257 1370 1301 suo

180 1355 324 1426 tempore
343 1343 422 1404 dicit
435 1341 487 1419 ibi
509 1341 722 1426 pergrandem
744 1339 853 1418 vidum
875 1345 1019 1404 stetisse.
1062 1343 1116 1404 Ad
1137 1343 1223 1406 hunc
1248 1341 1366 1404 locum
1455 1315 1456 1372 f

179 1445 331 1530 lllugaddi
353 1447 500 1535 confugit
520 1445 628 1508 David
651 1465 670 1507 a
692 1447 777 1516 facie
798 1447 887 1528 Saul
907 1449 996 1528 regis
1015 1446 1127 1529 lsrael,
1148 1455 1186 1508 ut
1206 1447 1253 1508 ibi
1274 1465 1366 1508 con-

181 1559 367 1616 servaretur
387 1557 551 1632 tamquam
575 1553 607 1610 in
628 1551 712 1615 iocis
734 1553 914 1633 tutissimis,
931 1559 966 1612 ut
988 1550 1123 1612 habetur
1145 1553 1173 1614 1.
1192 1550 1281 1632 lleg.
1308 1552 1362 1613 14.

181 1657 266 1720 Sunt
288 1656 373 1716 enim
395 1641 521 1717 montes
542 1655 598 1718 alti
618 1663 652 1716 et
671 1659 811 1738 petrosi,
837 1655 984 1739 pluribus
1007 1635 1159 1717 cavernis
1181 1655 1299 1736 forati,
1326 1663 1361 1716 ct

181 1761 271 1846 pleni
291 1761 461 1842 scissuris,
489 1761 573 1821 inter
599 1759 672 1821 illas
695 1769 803 1822 autem
835 1758 1009 1842 speluncas
1031 1767 1082 1820 est
1112 1757 1359 1840 una'graudis,

180 1865 341 1950 profunda
358 1873 392 1926 et
411 1867 558 1946 obscura,
573 1866 608 1926 in
629 1864 716 1926 valle
732 1883 901 1927 nemorosa
922 1861 963 1924 ad
978 1862 1063 1924 latus
1081 1863 1359 1924 eminentissimae

180 1975 270 2054 rupis
292 1967 435 2054 patulum
456 1971 490 2032 in
512 1978 647 2030 tractum
670 1971 794 2032 habeus
816 1967 955 2050 desuper
971 1967 1185 2049 pendentibus
1207 1965 1355 2046 abruptis

180 2077 325 2159 rupibus.
369 2072 462 2151 Quae
482 2074 639 2156 spelunca
660 2093 723 2136 non
759 2075 919 2135 immerito
947 2071 1011 2134 dici
1032 2080 1140 2154 potest
1162 2063 1352 2134 misericor-

181 2179 302 2244 diarum
325 2177 434 2241 David
456 2178 579 2245 eructa.
622 2178 708 2244 Nam
730 2179 763 2239 iu
784 2164 858 2239 eum
880 2196 1014 2258 specum
1049 2175 1200 2240 submisit
1221 2191 1259 2236 se
1281 2173 1352 2235 Da-

179 2282 239 2370 vid
259 2301 331 2344 oum
352 2284 422 2343 suis
444 2283 593 2363 moratis,
625 2284 820 2344 contrahens
842 2299 880 2342 se
901 2259 1253 2364 ad’penetraliarejus,
1276 2297 1347 2340 oum

180 2382 306 2447 audiret
321 2383 401 2445 Saul
420 2402 528 2466 regern
552 2386 623 2449 loco
644 2385 855 2448 adventurum
879 2403 951 2448 cum
974 2385 1078 2448 tribus
1097 2383 1237 2447 millibus
1259 2385 1348 2464 viris,

180 2504 254 2549 cum
285 2489 402 2570 quibus
425 2492 623 2571 evagabatur
644 2491 725 2556 aaut
758 2511 816 2573 per
836 2490 909 2554 loca
930 2490 1051 2553 deserti
1080 2487 1229 2570 Eugaddi
1252 2487 1347 2548 etiam

179 2606 280 2672 super
304 2591 550 2672 abruptissimas
571 2603 696 2676 petras,
721 2615 803 2678 quae
833 2595 912 2656 solis
925 2595 1090 2676 ibicibus,
1122 2595 1142 2656 i.
1173 2606 1199 2654 e.
1222 2592 1346 2674 capreis

179 2694 401 2778 silvestribus,
430 2699 562 2779 perviae
582 2709 667 2762 sunt.
707 2698 834 2762 Invidia
866 2701 952 2760 euim
987 2677 1130 2780 agitabat
1152 2717 1224 2760 eum
1245 2715 1347 2778 usque

180 2798 222 2896 ad
244 2799 316 2863 loca
337 2801 588 2886 inaccessibilia,
620 2805 697 2886 q'uia
717 2803 829 2866 audire
850 2821 924 2865 nou«
946 2812 1073 2885 poterat
1095 2811 1224 2864 contum
1245 2801 1345 2883 vulgi,

179 2906 288 2990 quiin
310 2907 407 2972 choro
429 2910 575 2991 canebat,
597 2909 630 2970 iu
652 2927 715 2991 quo
738 2909 812 2969 laus
834 2910 1053 2990 praestantior
1073 2903 1343 2986 dabutur'llavid²

180 3031 275 3096 quam
310 3015 390 3098 sibi,
422 3031 494 3076 cum
528 3023 713 3078 cantarent:
746 3012 825 3076 Saul
856 3014 1018 3094 percussit
1047 3011 1150 3094 mille,
1183 3020 1217 3073 et
1241 3010 1343 3074 David

180 3117 294 3183 decem
315 3121 422 3184 millia.
457 3121 586 3182 Interea
606 3119 686 3181 Saul
709 3116 879 3180 descendit
901 3135 973 3178 cum
995 3119 1065 3178 suis
1086 3135 1191 3199 usque
1214 3117 1249 3178 in
1272 3117 1343 3178 val·

179 3221 243 3284 lem
261 3222 440 3303 speluncae
460 3221 584 3302 David,
606 3231 639 3282 et
660 3238 733 3284 cum
756 3241 813 3284 rex
834 3221 877 3282 ad
898 3238 939 3282 os
958 3220 1083 3284 latibul
1104 3223 1265 3302 venisset,
1292 3221 1342 3282 iu-

178 3341 313 3404 gressus
346 3334 397 3386 est
425 3341 577 3405 specum,
609 3335 645 3386 ut
675 3329 928 3386 murmurantem
961 3315 1122 3407 purgaret·
1147 3334 1289 3388 ventrem
1309 3326 1340 3387 iu

179 3427 335 3507 tenebris,
356 3437 389 3488 et
407 3445 445 3488 se
464 3425 633 3490 denudans
664 3445 704 3489 ac
732 3429 908 3491 incurvans
929 3439 1066 3493 naturae
1097 3447 1180 3511 opus
1201 3429 1338 3511 perfecit,

179 3529 339 3599 stantibus
361 3532 393 3592 in
416 3530 512 3594 dorso
533 3531 605 3614 ejus
627 3533 736 3596 David
758 3551 830 3595 cum
852 3534 945 3614 suis,
970 3535 1113 3606 vibratis,
1126 3534 1261 3616 gladiis,
1280 3551 1338 3615 pu·

177 3633 342 3718 gionibus,
365 3635 468 3698 hastis
496 3644 531 3697 et
552 3637 700 3700 fustibus.
743 3638 949 3730 Recordatus
979 3647 1086 3700 autem
1107 3637 1217 3702 David
1245 3638 1336 3698 mise-

179 3736 335 3800 ricordiae
365 3742 515 3804 misertus
537 3749 590 3803 est
611 3742 700 3826 ejus,
732 3744 789 3826 qui
810 3761 849 3805 se
869 3744 941 3806 sine
962 3742 1185 3806 misericordia
1206 3759 1336 3825 quaere-

177 3841 232 3904 bat
253 3843 425 3926 perimere,
449 3851 482 3906 et
504 3850 666 3932 percussit
688 3865 870 3928 corsuum,
892 3848 1118 3930 confregitque
1138 3845 1336 3910 cordaviro-

178 3963 247 4009 rum
269 3963 417 4030 suorum,
439 3969 481 4011 ue
502 3971 610 4034 regem
633 3949 871 4034 interficerent,
895 3962 927 4015 et
949 3951 1097 4015 abscissa
1118 3971 1175 4016 ora
1198 3949 1336 4031 chlamy·

180 4050 231 4114 dis
272 4049 427 4116 illaesum·
451 4055 539 4118 abire
570 4058 726 4139 permisit.
778 4056 869 4118 liccc
898 4055 1027 4120 invidia
1045 4046 1168 4120 *Saulis
1198 4054 1336 4118 detesta-

178 4156 252 4218 bilis
281 4165 315 4218 et
346 4159 569 4224 misericordia
600 4160 737 4223 navidis
769 4162 942 4224 imitabilis.
986 4161 1079 4226 Sicut
1109 4161 1211 4244 enim,
1244 4158 1336 4241 inquit

177 4258 335 4344 Basilius,
363 4264 476 4351 rubigo
498 4265 628 4347 ferrum,
651 4266 701 4328 sic
733 4265 855 4329 invidia
876 4267 1033 4347 animam,
1063 4269 1184 4349 inqua
1204 4263 1335 4330 ursam
