2948 4876
193 367 386 448 inperatore
403 357 749 443 eonsnntinapolitauo
779 367 813 422 et
833 353 944 422 sa'tis
939 358 1014 442 pius
1033 367 1106 422 emt
1138 359 1191 424 ad
1217 359 1430 424 Christia-

190 485 265 532 nos.
307 463 445 544 Quando
466 475 572 536 autem
594 465 664 528 beo
671 464 776 548 ejus
790 463 931 528 nominis
953 482 1077 547 rronus,
1104 474 1273 532 motus
1301 468 1423 548 Papa,

190 573 324 639 uatioue
343 571 563 651 Alamannus,
594 572 741 652 percepit
763 567 889 632 modo
878 577 920 636 ιιι
934 569 1126 653 comnibus,
1134 572 1299 652 impulit
1327 591 1422 636 con-

192 677 511 760 stantinopolitanum
532 675 769 756 imperatorem,
788 673 996 756 sepulchrum
1017 673 1183 736 Domini'
1172 695 1215 738 ιιι
1245 677 1416 740 Jerusa-

192 783 255 844 lem
282 800 303 843 a
323 771 468 844 barbaris
495 779 564 862 jam
592 787 717 862 septem
740 786 773 838 et
795 777 927 860 triginta
957 771 1054 842 annis
1079 778 1239 844 dirutum
1293 784 1413 844 resti-

171 889 295 957 tuere.
316 885 410 950 Unde
430 883 474 947 ad
496 893 641 968 rogatum
663 875 867 965 imperatoris
892 879 1254 964 constantinopolitani
1273 889 1410 950 Dnber

92 1011 94 1016 ·
189 990 597 1056 samacerneuseuneessir
606 979 810 1078 Christianis,
824 986 1204 1069 reaedificaretemplnr'n'
1218 989 1407 1054 dominica
1438 1035 1439 1039 =

188 1096 353 1180 sepulchri
371 1099 408 1158 in
430 1094 627 1158 Jerusalem.
659 1089 743 1155 Cum
765 1109 883 1174 magno
904 1109 982 1174 ergo
1003 1090 1124 1175 gaudio
1144 1095 1400 1158 ascenderunt

86 1205 90 1214 '
189 1200 366 1266 &tristiam
387 1209 420 1262 et
440 1199 613 1263 aedificare
633 1215 731 1279 super
753 1196 960 1278 sepulchrum
974 1196 1104 1262 Domini
1117 1215 1251 1262 novam
1270 1201 1397 1264 eccle-

190 1309 273 1368 siam
293 1308 481 1386 inceperunt
502 1302 544 1366 ad
564 1303 669 1366 instar
685 1299 876 1388 prioris,'ad
900 1301 996 1382 enjus
1013 1304 1308 1367 restaurationem
1324 1308 1394 1370 iro-

191 1417 318 1492 perator
359 1408 594 1474 constaminus
625 1407 759 1490 largiter
801 1422 964 1488 expensas
1004 1406 1192 1474 contribuit.
1248 1409 1389 1494 Sicque

190 1515 343 1597 templum
365 1511 528 1597 sepulchri
550 1511 710 1594 dominici,
733 1507 832 1594 quod·
846 1509 942 1572 hodie
969 1517 1037 1593 est,
1065 1508 1289 1584 aedificatum
1324 1517 1385 1580 suit

141 1677 145 1684 .
191 1637 277 1681 anno
309 1616 551 1700 praenominato
594 1623 627 1679 et
659 1624 735 1679 ante
776 1613 883 1678 terrae
915 1621 1050 1676 sanctae
1082 1620 1381 1702 recuperationem

191 1719 310 1804 XXV,
327 1721 524 1820 quaefacta
547 1720 604 1784 fuit
622 1720 1005 1804 pchethiridum‚sicut
1021 1723 1191 1802 sequeutia
1214 1724 1380 1790 declara·

192 1829 280 1890 hunt.
302 1821 357 1890 dit
366 1829 456 1890 sicut
477 1825 595 1890 sudaei
617 1835 648 1888 et
669 1827 806 1910 populus
828 1827 927 1890 lsrael
950 1821 1014 1890 duo
1034 1825 1158 1890 tantum
1180 1827 1376 1894 habueruut

189 1931 310 2014 templa
340 1933 403 1996 sibi
436 1929 662 2013 succedentia,
704 1932 833 1996 scilieet
866 1931 1050 1995 Salomonis
1081 1925 1116 1994 et
1144 1931 1283 1996 Esdrae
1317 1938 1372 1999 vel

189 2037 389 2121 Zorohahel,
421 2036 471 2098 sie
499 2043 533 2098 et
555 2033 736 2114 Christiani
758 2036 823 2100 duo
851 2037 1029 2100 hahuerunt
1061 2037 1198 2119 templa,
1234 2041 1371 2126 scilieet

189 2143 344 2240 templum
366 2142 514 2206 Helenae
553 2147 587 2202 et
620 2141 725 2228 illud,
740 2141 852 2226 'quod
861 2141 957 2204 hodie
976 2149 1057 2210 stat.
1094 2141 1240 2206 Primum
1273 2148 1368 2210 stetit

146 2235 148 2240 ¹
189 2245 280 2310 DCC
302 2249 415 2331 amris,
435 2245 614 2326 seeundum
636 2247 733 2326 vero,
756 2245 841 2328 qnod
863 2246 959 2309 hodie
981 2255 1050 2326 est,
1081 2249 1184 2308 stat
1172 2266 1239 2311 ram
1265 2253 1363 2316 annis

190 2347 348 2431 CCCCL,
360 2367 433 2412 cum
448 2349 551 2411 simus
572 2369 658 2412 nunc
672 2351 705 2412 in
722 2359 807 2414 anno
818 2349 909 2417 1488.
930 2351 1063 2444 Templo
1078 2359 1185 2415 antem
1204 2356 1360 2420 rmediu-

186 2458 263 2512 cato
305 2470 378 2514 eum
407 2451 586 2518 Christiani
615 2476 705 2519 more
732 2473 813 2520 snae
849 2456 1032 2521 devotionis
1070 2459 1259 2541 visitarent,
1293 2481 1356 2526 nou

187 2555 341 2618 sinebant
362 2575 421 2620 eos
452 2557 590 2638 pacifice
611 2579 669 2640 per
690 2561 762 2624 loca
783 2569 897 2624 sancta
918 2562 1056 2624 transire
1076 2559 1259 2644 Sarraceni‚
1294 2565 1352 2630 scd

190 2661 330 2744 pecunia
361 2659 538 2725 multabant
574 2665 629 2726 vel
649 2665 839 2728 verberibus
869 2665 1049 2747 vexabant,
1078 2665 1236 2741 etodium
1258 2688 1350 2752 mag-

189 2783 266 2826 num
293 2775 324 2828 et
351 2766 531 2851 indignatio
559 2771 644 2832 inter
675 2775 832 2853 utrosque
861 2770 929 2832 fuit.
974 2770 1226 2834 Dominabautur
1253 2777 1345 2836 etiam

190 2878 269 2933 tnnc
301 2871 473 2937 Sarraceni
494 2873 540 2938 illi
562 2875 687 2957 regioni
719 2885 752 2937 et
772 2877 805 2934 in
839 2873 985 2938 advenas
1006 2874 1209 2940 Christianis
1230 2878 1344 2942 freme-
1435 2927 1437 2948 2

190 2976 282 3060 bant,
304 2978 390 3042 uude
412 2989 480 3043 tota
512 2979 731 3044 christianitas
752 2979 993 3062 peregrinorum
1020 2981 1227 3064 querimoniis
1257 3001 1342 3048 con-

189 3089 276 3144 mota
297 3084 330 3146 in
352 3088 443 3168 ipsos
466 3085 622 3148 fremebat
640 3083 840 3147 Sarracenos
853 3092 886 3146 et
907 3103 1015 3148 eorum
1033 3085 1234 3169 jugumque
1253 3089 1341 3152 nimis

187 3183 299 3246 diuet
322 3191 466 3268 graviter
498 3190 737 3271 premebantur,
773 3198 925 3256 excutere
947 3209 967 3254 a
989 3209 1028 3254 se
1049 3194 1228 3272 exoptabat.
1259 3191 1337 3260 Nam

189 3305 213 3353 a·
230 3296 374 3370 tempore
389 3285 521 3374 ilamor,
535 3296 690 3377 principis
702 3294 964 3376 sarracenorum,
979 3296 1034 3378 qui
1055 3304 1198 3378 tempore
1209 3297 1336 3360 Heraclii

170 3391 393 3472 'imperatoris
422 3396 567 3479 Aegypti
587 3399 807 3481 gubernacula
827 3400 987 3482 suscepit,
1018 3417 1124 3483 usqne
1145 3399 1186 3464 ad
1203 3410 1335 3484 tempora

190 3489 366 3578 Gothsridi,
389 3501 482 3580 primi
504 3503 592 3584 regis
613 3505 801 3566 Latinorum
822 3506 855 3565 in
881 3503 1081 3588 Jerusalem,
1101 3507 1167 3588 =qni
1188 3506 1242 3569 suit
1259 3517 1332 3572 tem-

187 3619 266 3682 pore
288 3601 432 3666 Heinriei
455 3607 556 3687 tertii,
578 3609 696 3671 civitas
719 3619 835 3673 saneta
849 3610 930 3692 jugo
949 3607 1079 3673 subdita
1100 3609 1329 3678 sarracenorum

188 3705 265 3786 fnit,
289 3725 346 3788 per
365 3725 469 3772 annos
490 3712 617 3775 circiter
646 3714 898 3796 quadringentos
923 3717 1107 3798 nonaginta
1144 3715 1234 3778 hicat
1256 3717 1327 3780 enin

187 3812 358 3874 Heraclius
379 3815 551 3898 imperator
580 3828 612 3880 et
634 3816 871 3882 Constantinus
892 3821 946 3892 ill.
975 3827 1009 3882 ct
1032 3817 1169 3884 Carolus
1189 3822 1230 3884 bi.
1255 3821 1326 3884 civi-

165 3911 169 3918 ’
186 3923 284 3978 tatem
306 3927 451 3983 sanctam
466 3923 509 3984 'ct
529 3921 720 3985 dominicum
741 3924 946 4006 sepulchrum
966 3925 1174 3988 liberaverint
1203 3944 1222 3986 a
1242 3933 1324 4007 tauto,

187 4039 359 4105 numquam
382 4030 490 4090 tamen
511 4043 532 4088 a
553 4033 630 4106 toto,
646 4027 703 4088 sed
719 4046 847 4112 semper
863 4030 983 4092 mansit
997 4030 1164 4111 imperium
1182 4030 1321 4112 gentilium

186 4125 219 4189 in
244 4125 463 4203 Christianos,
495 4128 581 4211 quod
610 4129 746 4210 pruenti
774 4133 983 4215 imperatores
1005 4133 1246 4215 alleviaveruut,
1272 4135 1319 4198 sed

187 4247 249 4294 uon
271 4233 427 4315 tulerunt,
455 4231 514 4296 sed
536 4249 594 4314 per
624 4243 719 4313 pacta
747 4255 858 4324 paoem
889 4238 1144 4304 reformaverunt
1171 4237 1317 4322 (abab)
