2962 5022
198 421 285 510 quoti
306 431 417 507 pauet
438 419 513 486 tiua'
533 421 653 485 ehem
673 429 747 504 poet
767 435 884 482 mourut
902 415 1010 497 iliu-3
1032 425 1108 478 eunt
1128 418 1376 503 enimoymbalt

200 529 285 592 uero
304 534 462 590 mantea
482 535 518 589 et
538 525 679 610 cyntati
698 523 912 607 iubilationis,
933 539 1019 605 qnae
1038 530 1146 584 tamen
1168 525 1274 606 magia
1298 545 1380 608 pro-

201 631 273 714 prie
289 629 438 694 dicuntur
457 629 687 693 tintinnabula:
719 629 795 693 oiim
817 629 902 690 enim
925 637 1002 689 ante
1026 645 1252 709 oanrpanarnm
1280 649 1379 693 usum

198 733 423 799 tutinmootia
458 733 501 797 ati
537 733 648 797 efficia
678 733 920 797 eonuooabatnr
951 731 1055 814 plebe.
1107 731 1161 794 Au
1192 733 1288 796 intus
1323 747 1380 800 est

199 837 343 904 malonia
363 841 446 904 bene
475 845 607 920 ornata,
638 839 673 900 in
694 837 812 900 multae
837 836 982 918 capetus
1004 835 1120 918 divina,
1143 846 1178 899 et
1198 838 1321 902 multae
1341 843 1380 905 in

200 959 241 1006 ea
260 941 405 1026 pendent
425 942 592 1026 lampade·
613 952 741 1026 praeter
762 939 928 1023 lampade·
957 939 993 1002 S.
1015 939 1212 1005 Catharinae
1234 954 1266 1006 et
1287 944 1379 1008 atta-

204 1047 288 1111 rium
321 1058 353 1110 et
385 1047 604 1112 columnarum
637 1047 708 1110 xil.
763 1044 852 1107 Ante
880 1043 1053 1126 cujuslibet
1085 1047 1232 1110 monaehi
1261 1049 1378 1112 oedem

201 1151 323 1234 pendet
343 1170 410 1216 una
437 1152 563 1236 lampae
594 1151 717 1214 ardena
764 1147 819 1212 At
849 1149 934 1212 h'ane
954 1149 1127 1212 eeclesiam
1158 1151 1319 1234 dependet
1340 1157 1379 1216 in

203 1253 276 1338 ejuu
297 1257 407 1339 capite
428 1257 569 1320 eoeieeia
590 1256 631 1319 ad
653 1255 800 1338 nubum,
822 1253 863 1318 tie
884 1271 949 1337 qna
969 1256 1183 1336 praemissum
1205 1265 1268 1319 est.

289 1359 443 1424 semota
464 1360 605 1425 eoeiuia
625 1369 678 1424 eat
697 1359 840 1422 eeeieeia
859 1357 972 1441 latina,
985 1358 1081 1440 juxta
1104 1360 1205 1422 oollae
1225 1365 1378 1445 peregri-

199 1481 324 1546 norum,
337 1473 371 1526 et
390 1473 442 1528 eat
465 1482 532 1528 una
551 1474 643 1528 areta
662 1481 804 1545 umora,
825 1461 975 1544 oblonga,
992 1481 1066 1525 enm
1086 1483 1151 1526 utro
1172 1465 1267 1527 altari
1289 1468 1375 1530 bene

200 1567 352 1632 decerno
373 1567 408 1631 in
430 1568 585 1632 honorem
607 1567 643 1637 S.
666 1565 865 1631 Catharinae
889 1576 1088 1630 oonueorato.
1130 1567 1254 1634 Luteoo
1275 1573 1376 1636 habet

199 1671 283 1736 haee
315 1670 457 1736 eeclesia
485 1671 645 1756 parietes,
677 1673 734 1757 qui
763 1682 871 1734 tamen
898 1669 1030 1733 obducti
1058 1671 1123 1753 (b)
1154 1682 1233 1736 sunt
1262 1677 1377 1739 mattis

203 1775 405 1840 nivernorum
426 1775 632 1861 noiomm,de
647 1777 764 1860 pientia
785 1775 964 1859 palmarum
985 1777 1148 1840 contextis
1168 1778 1227 1861 pro
1246 1777 1373 1843 dooere.

198 1879 255 1946 At
287 1881 348 1944 luto
379 1890 499 1946 mattae
519 1881 663 1966 pontium
690 1879 811 1946 mettre
837 1880 1013 1944 amoenae
1033 1879 1169 1963 affixae,
1201 1885 1375 1966 inquibus

200 1987 366 2050 oratione·
384 1986 540 2070 pulchrae
561 1987 603 2051 de
624 1985 660 2050 S.
686 1984 862 2050 catharina
881 1991 960 2047 runt
988 1983 1169 2069 deeoriptae
1190 2004 1250 2068 per
1276 2005 1374 2069 pere-

199 2091 323 2173 grinos.
365 2091 441 2156 Moe
462 2092 583 2176 quippe
603 2092 718 2173 natet,
753 2087 840 2174 qood
864 2087 1029 2172 quaelibet
1059 2090 1200 2153 oooietau
1226 2092 1375 2174 peregri-

199 2212 313 2258 norum
335 2193 465 2280 aliquod
487 2213 617 2260 oarmen
639 2195 822 2260 conueniret
848 2193 890 2258 tie
909 2194 1006 2257 beata
1036 2191 1214 2264 Cetbnrino
1236 2203 1269 2257 et
1289 2212 1373 2258 oon·

202 2299 357 2382 seriptum
388 2301 505 2383 parieti
534 2299 656 2385 efflffl't,
686 2303 721 2364 in
744 2319 807 2384 quo
837 2300 935 2364 beata
966 2295 1141 2361 Gatharina
1171 2296 1320 2361 tondatur
1342 2308 1375 2362 et

197 2403 389 2485 peregrinus
405 2404 539 2486 quilibet
559 2405 750 2489 nominatur,
766 2414 799 2468 et
819 2403 938 2486 1100,ιί
956 2403 1099 2465 eoeietae
1120 2390 1372 2484 hebeat‘virum

202 2507 259 2588 qui
281 2506 359 2569 tatta
377 2506 499 2570 dictare
520 2510 615 2572 aciat.
657 2511 695 2573 ln
719 2510 815 2573 tertie
835 2508 994 2570 eooietate
1023 2514 1155 2569 nostrae
1182 2509 1375 2590 peregrina-

200 2609 300 2672 tionis
321 2619 390 2673 eret
411 2612 608 2676 venerabilia
629 2611 779 2676 dominun
799 2611 967 2674 Johenuee
988 2609 1149 2692 bacinno,
1171 2611 1375 2676 archidiaco-

200 2729 265 2775 nno
295 2712 711 2800 Septemeoeleaiaeteneie,
750 2714 865 2780 doetus
901 2723 1022 2795 orator3
1055 2715 1109 2777 hio
1137 2716 1278 2779 eonteeit
1301 2719 1376 2780 eine

199 2817 486 2901 praemeditatione
506 2822 615 2886 subito
636 2821 817 2904 subjeetum
840 2837 971 2883 carmen
993 2818 1142 2901 proauis
1164 2821 1287 2884 ooeiia:

287 2924 429 3010 Sueoipo
448 2927 616 3010 virgineae
637 2925 740 2990 ‹ieous
760 2922 942 2990 immortale
961 2938 1111 3008 noronte,

329 3029 460 3114 Martyr
479 3040 512 3094 et
531 3031 670 3114 insignis
691 3038 724 3092 te
745 3027 920 3093 catharine
939 3047 1063 3110 preonr.

287 3134 389 3198 Sume
411 3135 457 3198 tui
475 3153 577 3199 neusa
597 3142 771 3218 ouooeptoe
790 3132 866 3197 diva
887 3132 1026 3216 labores,

332 3241 376 3303 ut
397 3238 473 3304 lieet
496 3238 638 3324 indignis
659 3240 833 3323 propitiare
854 3223 930 3302 tuin.

285 3343 474 3409 Pannonius
496 3346 631 3427 primunr
654 3345 711 3408 tibi
733 3345 793 3408 tert
817 3345 972 3427 obsequie
992 3333 1097 3406 libone

336 3446 424 3511 Jutia
444 3449 615 3513 Johannee
636 3451 715 3513 urbe
735 3449 854 3512 Levita
874 3448 995 3530 procul.

287 3547 391 3626 Quem
414 3553 562 3635 seqnitur
581 3553 880 3640 Feliprimeneis
901 3553 1005 3634 gloria
1026 3561 1142 3634 terrae,

332 3654 496 3722 masuetus
517 3657 656 3722 Domino
675 3658 772 3741 dupla
795 3657 916 3720 talentu
938 3656 1023 3720 dere.

285 3758 350 3821 Hie
373 3757 686 3846 Sohombergeneem
708 3761 896 3824 Heinrieirm
919 3769 952 3823 et
974 3759 1152 3842 Casperem
1174 3778 1250 3841 una,

324 3861 394 3927 Ceu
416 3867 531 3931 videas
553 3867 669 3930 Nisum
692 3867 932 3950 Euryalumque
954 3880 1059 3947 pareo.
1123 3861 1131 3868 '

119 3954 123 3963 ’
204 4007 213 4024 ·
280 3955 463 4053 'Meropeeh
484 3969 713 4054 sigismundus
734 3971 925 4034 liranoonae
945 3963 1055 4052 gentio
1076 3965 1226 4032 alumnus

185 4084 194 4100 ·
323 4073 440 4157 ¹Atque
459 4075 638 4155 Argentina
659 4075 784 4139 Veleeh
803 4075 902 4138 Peter
926 4073 1007 4136 urbe
1027 4081 1174 4156 poteno.=

276 4176 328 4235 Ἠῐ
350 4178 469 4254 pariter
490 4177 639 4258 prodiere
660 4188 748 4242 tuum
771 4177 956 4242 venerabile
977 4192 1096 4260 eorpus
1151 4215 1155 4226 .

145 4273 150 4284 '
261 4326 267 4338 .
322 4275 452 4355 visuri,
481 4279 600 4356 pariter
620 4288 653 4339 et
675 4279 807 4361 redituri
831 4281 952 4344 domos.
