2948 4876
179 449 305 529 dieunt,
326 453 360 508 et
381 441 490 525 aliqua
505 441 574 523 jam
596 437 686 504 dicta
704 440 746 503 ad
767 440 994 522 praecedentia
1018 461 1083 507 non
1115 442 1199 506 satis
1231 459 1366 515 conso-

179 556 320 620 nantiam
341 549 483 628 hahent,
511 555 548 609 ut
582 544 624 608 de
644 544 892 610 Melchisedech
921 547 974 610 iol.
996 547 1070 630 255,
1099 548 1141 611 de
1160 549 1267 612 Jacob
1300 549 1361 611 fol.

179 660 244 724 atu
263 657 317 739 A,
339 653 381 717 de
404 651 552 715 deremia
573 650 627 714 fol.
650 651 805 718 instantia
826 660 877 715 est
899 650 955 714 iol.
976 652 1049 716 258.

263 864 429 930 Sanctitas
451 861 514 925 loci
535 861 634 944 illius,
657 879 722 924 non
743 861 816 926 dico
839 861 967 947 templi,
987 861 1097 925 multis
1119 881 1161 924 ex
1180 859 1361 942 scripturis

181 981 281 1060 patet.
300 969 414 1032 ›Nam
439 967 545 1032 locum
565 967 652 1030 hunc
674 985 753 1050 prae
774 969 923 1031 omnihus
946 958 1056 1030 mnudi
1090 965 1170 1028 locis
1191 964 1362 1027 Dominus
1453 977 1454 992 ³

184 1079 296 1162 elegit,
317 1084 354 1138 nt
375 1091 472 1157 supra
493 1071 548 1134 iol.
567 1067 642 1136 257.
685 1073 734 1134 lbi
755 1071 909 1155 maJestas
930 1072 1058 1134 Domini
1078 1072 1113 1133 in
1139 1071 1227 1132 fumo
1248 1087 1360 1150 appa-
1453 1113 1454 1116 ,

176 1187 245 1250 'ruit
264 1191 298 1244 et
330 1177 450 1241 nehula
471 1175 597 1238 domum
619 1175 773 1260 inplevit,
803 1177 914 1262 itaque
945 1175 1133 1252 sacerdotes
1163 1176 1197 1237 in
1230 1175 1358 1256 templo

183 1303 315 1354 manere
336 1301 401 1346 non
422 1279 822 1376 poterant,1.ltog.vn1.
844 1268 941 1346 'Usia
960 1283 1005 1344 ihi
1020 1280 1204 1345 thurificare
1223 1278 1358 1360 voleus,
1454 1286 1455 1290 ’

181 1386 440 1470 non-sacerdos,
473 1385 563 1467 lepra
591 1403 767 1466 percussus
806 1395 858 1448 est
888 1389 920 1452 a.
952 1386 1058 1450 Paral.
1088 1385 1211 1446 XXVI.
1234 1383 1360 1446 Helio-

182 1498 300 1578 dorus,
345 1511 404 1575 pro
454 1489 526 1570 ejus
569 1488 804 1571 exspoliatione
851 1491 987 1572 missus,
1034 1490 1114 1552 dure
1159 1487 1360 1552 verberatus

183 1611 248 1686 est,
268 1602 299 1666 2.
323 1596 471 1661 Maccah.
505 1595 562 1656 Ill.
613 1593 759 1658 Nicanor
795 1611 867 1657 eum
895 1613 1025 1658 manum
1056 1602 1170 1656 eontra
1197 1593 1358 1674 templum

182 1706 352 1771 temerarie
373 1698 583 1778 extendisset,
620 1699 728 1761 statim
750 1717 926 1780 percussus
947 1709 1045 1782 caput
1065 1718 1136 1762 cum
1157 1717 1253 1760 mauu
1275 1717 1360 1780 per-
1455 1735 1456 1762 r

184 1811 264 1875 didit
293 1810 321 1872 1·
351 1803 499 1867 Mtosstb·
535 1802 609 1864 Vll·
644 1812 676 1866 et
705 1805 738 1868 a.
759 1805 907 1868 Maccab.
935 1805 1025 1867 XlV.
1079 1804 1260 1867 Antiochus
1295 1822 1359 1866 rex
1455 1801 1456 1882 ᾗ

183 1915 348 1979 testinans
380 1909 442 1971 hoe
474 1906 631 1989 templum
664 1909 808 1991 spoliare
848 1911 968 1973 misera
993 1918 1095 1973 morte
1122 1909 1156 1971 in
1189 1909 1358 1971 moutihns
1454 1889 1456 1954 Ϊ

184 2017 281 2104 periit
300 2017 332 2080 a.
358 2013 506 2077 hlaccab.
533 2013 591 2073 lX.
633 2013 808 2096 Pompejus
842 2016 1004 2096 inperator
1037 2031 1110 2077 cum
1140 2013 1242 2075 locum
1265 2011 1359 2074 hunc

185 2123 434 2188 dehonestasset
466 2127 499 2181 et
520 2133 622 2200 equos
649 2133 728 2180 suos
755 2119 789 2180 iu
822 2137 895 2181 eum
920 2119 1137 2200 collocasset,
1170 2117 1225 2199 qui
1259 2119 1357 2198 prius

186 2230 293 2292 iuerat
326 2225 541 2304 victoriosus,
578 2230 694 2304 postea
730 2240 902 2305 numquam
938 2225 1097 2286 fortunam
1129 2221 1251 2288 hahuit.
1314 2223 1356 2282 ln

186 2334 257 2396 loco
297 2331 359 2392 hoc
401 2329 495 2411 beata
533 2327 637 2410 Virgo
678 2331 798 2389 nutrita
844 2327 922 2410 init,
955 2328 1104 2412 Angelus
1136 2325 1265 2418 Domini
1307 2326 1355 2388 ihi

185 2435 367 2498 Zachariae
392 2433 541 2514 apparuit
574 2430 723 2513 Gabriel,
751 2432 797 2495 ibi
831 2433 925 2516 virga
944 2433 1082 2515 Josephi
1117 2432 1231 2494 lloruit.
1302 2431 1355 2495 De

186 2537 306 2620 templo
326 2536 414 2599 illius
435 2537 498 2598 loei
519 2545 663 2598 ementes
685 2545 720 2598 et
752 2536 933 2600 vendentes
956 2535 1226 2616 ejecit‘Domiuns
1248 2536 1352 2599 Jesns

187 2641 369 2725 aliquoties.
434 2640 482 2701 lhi
514 2638 613 2722 digito
651 2641 685 2700 in
716 2642 933 2720 pavimentum
963 2642 1111 2724 scripsit,
1150 2641 1226 2704 Joh.
1259 2641 1349 2703 VIII.

186 2752 224 2813 ln
248 2747 319 2808 loco
340 2744 395 2807 illo
424 2742 525 2806 multa
556 2743 759 2826 praedicavit
787 2752 822 2808 et
841 2745 995 2808 miracula
1016 2764 1133 2829 magna
1153 2745 1238 2808 iecit.
1280 2745 1353 2808 De-

187 2860 309 2916 struoto
340 2847 459 2931 templo
489 2849 524 2911 in
555 2848 617 2912 hoc
657 2850 729 2912 loco
763 2868 827 2912 non
857 2859 1005 2932 poteraut
1026 2849 1145 2913 Judaei
1177 2847 1351 2932 quidquam

188 2955 369 3037 aedificare,
391 2956 439 3018 uti
460 2972 558 3037 supra
580 2953 635 3018 iol.
658 2953 723 3017 259
737 2954 778 3015 A.
801 2963 862 3016 eto.
906 2953 974 3018 Sed
995 2973 1057 3018 nec
1072 2953 1242 3016 Sarraceui
1256 2953 1354 3018 vale·

186 3063 263 3127 hant
291 3063 325 3125 iu
351 3061 422 3124 loco
453 3061 515 3124 hoo
537 3058 722 3122 muscheam
748 3059 874 3140 erigere
914 3060 977 3122 nisi
1009 3059 1135 3140 abjecta
1166 3077 1283 3140 cruce,
1315 3067 1352 3121 ut

187 3185 286 3250 snpra
325 3173 423 3248 patet.
476 3164 613 3228 Demum
653 3164 807 3226 muscheta
841 3172 951 3226 erecta
973 3163 1160 3235 ¹videbatur
1189 3162 1352 3245 indignari

186 3272 288 3352 Deus,
310 3270 394 3352 quod
415 3269 449 3330 in
470 3267 541 3330 loco
563 3269 770 3332 sanctissimo
792 3270 1002 3332 exsecrabilis
1021 3269 1219 3332 Machometi
1243 3266 1351 3330 cultus

188 3382 349 3460 ageretur,
383 3369 509 3433 induxit
545 3374 681 3454 populos
712 3373 888 3436 occidentis
927 3373 968 3437 ad
1000 3374 1105 3437 locum
1143 3381 1175 3436 et
1202 3373 1352 3436 irascitur

188 3477 397 3557 Sarraceuis3
429 3475 614 3540 muscheam
636 3479 851 3542 hlachometis
879 3479 912 3541 iu
939 3479 1091 3562 templum
1120 3487 1352 3542 consecrarunt

73 3603 79 3613 ¹
149 3650 156 3660 ,
187 3579 373 3646 Christiani.
416 3580 459 3640 Et
479 3579 521 3642 de
539 3581 601 3645 hoc
622 3582 740 3665 templo
762 3582 904 3665 loquitur
916 3584 1127 3648 Bernhardns
1144 3588 1178 3648 in
1195 3584 1351 3647 concione

188 3684 230 3749 ad
251 3682 370 3746 milites
391 3685 503 3768 templi
525 3704 597 3770 cap.
617 3687 673 3767 V,
707 3688 757 3750 sic
782 3683 950 3774 inquiens:
972 3691 1032 3751 Est
1053 3690 1206 3772 templum
1228 3688 1349 3750 Hiero-

187 3787 340 3873 solymis,
362 3791 396 3850 in
418 3809 481 3874 quo
502 3791 620 3854 milites
641 3792 761 3873 pariter
788 3793 943 3876 habitant,
968 3795 1099 3877 antiquo
1121 3802 1152 3856 et
1177 3793 1350 3856 fastuosis-

186 3895 269 3958 simo
295 3891 350 3955 illo
371 3893 557 3960 Salomonis
576 3898 680 3977 impar
700 3896 829 3979 quidem
853 3905 1026 3982 structura,
1048 3897 1109 3961 sed
1130 3917 1194 3960 non
1214 3893 1348 3959 inferius

185 3997 307 4083 gloria:
327 4001 483 4083 siquidem
506 4003 660 4065 universa
680 4001 767 4064 illius
789 4003 1029 4086 magnificentia
1049 3999 1350 4085 incorruptibilibus,

187 4122 265 4170 auro
296 4112 328 4167 et
349 4115 494 4188 argento,
516 4108 551 4166 in
571 4104 766 4188 quadratura
787 4106 929 4191 lapidum
958 4118 991 4171 et
1012 4109 1170 4172 varietate
1191 4105 1350 4188 lignorum

187 4211 418 4274 continebatur.
461 4207 568 4288 Hujus
589 4215 696 4272 autem
717 4213 821 4276 omnis
844 4212 943 4275 decor
964 4221 997 4275 et
1023 4212 1143 4296 gloria,
1165 4211 1350 4272 venustatis

187 4320 341 4394 ornatus,
383 4312 437 4394 pia
469 4320 521 4373 est
552 4309 761 4378 habitantium
803 4316 998 4398 religiositas
1036 4325 1070 4378 et
1113 4313 1352 4378 ordinatissima
