3014 4864
701 192 980 306 nauff‘

109 457 113 464 ·
149 422 226 505 quia
256 423 366 484 statim
398 437 469 482 eam
504 419 575 484 suis
609 409 867 508 execrationibus
898 420 1085 487 duestabili
1111 423 1317 488 diacbameto

149 525 383 614 concurabant
392 529 404 586 :¹
425 525 487 587 hoc
509 523 595 588 facta
617 524 742 588 nullum
757 522 975 590 Christianum
995 517 1215 592 intromittent.
1258 529 1316 592 Sic

147 637 227 712 'ergo
248 632 390 712 regressi
415 645 527 692 sumus
549 627 590 690 ad
612 628 685 692 loca
700 621 826 693 nostra.
893 697 897 704 ,
1124 625 1128 630 ’
1197 631 1201 636 “
1265 654 1269 662 ’

168 717 190 786 .'
231 732 353 813 Quarto
386 733 439 796 die
469 730 607 817 prandio
645 741 752 794 sumto
788 731 1016 796 descendimus
1040 734 1143 799 simul
1175 740 1327 818 montem
1396 739 1399 746 ’

148 839 251 922 syon,
271 839 365 920 qnasi
380 836 667 924 occtdteduoent'e,
685 834 895 919 noaJudaeo,
918 839 973 919 qui
994 838 1086 920 dixit,
1111 839 1196 922 quod
1211 841 1316 921 quae-

50 958 52 964 ·
131 942 224 1006 *dam
242 942 369 1004 occulta
391 942 484 1004 uobis
506 941 606 1003 vellet
628 941 811 1032 ostendere.
855 943 892 1002 ln
909 940 1071 1004 descensu
1092 951 1198 1006 autam
1220 942 1316 1004 veni·

98 1033 101 1040 ’
148 1065 219 1108 mus
241 1046 283 1108 ad
304 1046 392 1108 latus
414 1044 556 1106 australe
576 1045 737 1136 ecclesiae
753 1044 851 1126 illino,
872 1062 957 1127 quae
971 1055 1036 1108 stat
1051 1045 1145 1128 juxta
1162 1045 1315 1126 templum
1374 1037 1398 1098 -’

147 1151 287 1231 Domini,
307 1160 340 1213 et
356 1150 400 1213 ibi
422 1157 566 1232 tempore
578 1135 837 1212 Christianorum
855 1149 915 1212 mit
938 1167 1101 1232 ascensus¹
1117 1129 1176 1233 per
1194 1147 1316 1230 gradus

144 1254 292 1338 lapideos
315 1253 356 1316 ad
378 1252 476 1314 altam
498 1260 632 1334 portam,
654 1270 713 1334 per
739 1270 837 1340 *quam
867 1261 936 1316 erat
963 1255 1145 1336 ingressus.
1161 1254 1195 1315 in
1228 1251 1315 1314 illam
1453 1293 1456 1298 -

88 1425 90 1430 ,
147 1359 331 1422 ecclesiam.
383 1356 438 1420 Ad
458 1357 543 1420 banc
571 1364 694 1437 portam
717 1375 775 1437 per
797 1359 908 1420 ruinas
928 1375 1087 1422 murorum
1111 1355 1317 1420 ascendimus

147 1473 179 1527 et
206 1483 330 1527 murum
358 1470 470 1546 portae
499 1459 679 1524 deosculati
710 1478 824 1524 sumus
853 1471 982 1544 propter
1003 1443 1221 1546 indulgentias
1242 1460 1337 1544 pia-·

128 1570 265 1650 nerias,
288 1585 372 1649 quaa
390 1565 434 1629 ibi
455 1564 621 1630 habentur·
634 1564 727 1647 (ἢ).
780 1564 908 1629 Dicitur
930 1569 1026 1645 enim,
1049 1567 1134 1652 quod
1148 1567 1214 1635 XV
1235 1581 1316 1648 gra·

146 1671 207 1735 dus
228 1670 270 1734 ad
288 1673 375 1734 illam
396 1679 519 1752 portam
542 1670 762 1762 fuerintpper
791 1687 874 1752 quos
896 1671 998 1754 Virgo
1019 1673 1126 1736 Maria
1147 1671 1212 1753 [et]
1236 1687 1316 1753 pnar

31 1777 34 1784 “
146 1777 280 1848 triennis
301 1777 373 1840 sine
396 1775 478 1836 duce
496 1773 688 1836 miraculose
710 1772 901 1852 ascenderat
915 1777 956 1836 in
970 1776 1134 1856 templum.
1177 1774 1232 1838 Ad
1253 1775 1315 1858 hos
1342 1797 1344 1804 ’

143 1881 265 1964 gradus
286 1880 426 1960 confecit
446 1877 554 1940 David
576 1895 634 1940 rex
654 1878 721 1940 XV
741 1877 895 1959 psalmos,
930 1881 985 1961 qui
1009 1879 1159 1942 dicuntur
1197 1879 1314 1961 psalmi

144 1985 311 2067 graduum.
354 1983 453 2044 Hunc
486 1981 591 2046 locum
619 1981 829 2044 visitavimus
859 1999 932 2044 cum
950 1985 1075 2047 timore
1110 1993 1144 2045 et
1174 1983 1314 2064 silentio,

145 2090 223 2169 quia
238 2086 441 2167 inpericnlo
461 2081 646 2163 fuissemus,
669 2084 698 2144 si
720 2075 892 2151 Sarraceu'i
915 2103 975 2148 nos
988 2088 1032 2148 ibi
1050 2089 1313 2169 ‚conspexissena

144 2190 217 2255 ideo
237 2190 333 2253 etiam
356 2197 482 2271 tempus
504 2188 622 2271 quietis
649 2207 759 2251 eorum
782 2187 950 2270 elegimus.
989 2189 1044 2250 Ab
1066 2191 1121 2254 illo
1141 2191 1217 2256 lou
1233 2207 1315 2252 con-

144 2305 318 2379 requenter
339 2291 567 2358 descendimus
589 2302 623 2357 et
645 2293 687 2356 ad
708 2293 966 2357 vetustissimum
1000 2313 1124 2359 murum
1152 2297 1332 2377 ausimum:

98 2457 102 2462 .
144 2402 256 2465 sortem
279 2403 384 2485 nimis,
407 2400 448 2464 de
468 2399 654 2488 ingentibus
676 2400 766 2462 saxis
787 2398 952 2485 quadratis
975 2399 1119 2482 iactum·
1140 2409 1177 2489 etp
1202 2417 1315 2464 murus

143 2507 275 2570 illaesi
288 2491 517 2590 'competenter
546 2505 644 2588 altus,
672 2505 822 2589 quamvis
844 2506 943 2569 multo
965 2505 1061 2570 altior
1090 2486 1201 2589 inerit,
1229 2507 1315 2570 sicut

143 2628 186 2674 ex
207 2598 308 2676 ruinis
330 2610 525 2695 deprehendi
542 2618 666 2693 potest,
699 2617 752 2674 ast
781 2609 874 2672 enimi
894 2610 986 2673 locus
1007 2611 1123 2694 plenus
1146 2597 1313 2694 quadratis

144 2715 302 2797 lapidibus
324 2715 479 2797 dispersis
501 2732 705 2797 pergyrum.
749 2715 876 2777 Dicitur
896 2716 992 2796 enim,
1014 2716 1101 2798 qnod
1122 2733 1222 2798 super
1240 2715 1314 2777 mri-

143 2838 213 2881 rum
244 2819 334 2881 illum
365 2820 493 2880 steterit
526 2817 640 2881 domus
677 2818 782 2880 saltus
809 2818 947 2900 Libani,
979 2835 1063 2900 quae
1093 2828 1162 2880 erat
1191 2819 1314 2890 domas

143 2922 250 3002 regia,
289 2939 386 3001 quam
424 2921 607 2984 aedificavit
644 2921 815 3004 Salomon,
855 2921 949 3002 cujus
977 2921 1149 3003 descriptio
1177 2920 1313 2983 habetur

142 3023 257 3105 dileg.
270 3024 356 3104 vlt,
379 3024 434 3084 ubi
456 3023 548 3086 dicit:
573 3022 686 3086 Gloria
707 3023 740 3084 in
757 3031 817 3084 etc.
862 3021 957 3098 Quae
975 3023 1049 3086 ideo
1071 3023 1186 3085 domus
1206 3023 1313 3112 saltus

142 3129 259 3193 Libani
290 3126 532 3208 nominabatur,
554 3129 630 3208 quia
652 3134 721 3188 erat
752 3125 794 3187 de
818 3125 918 3207 lignis
949 3126 1099 3209 supernis
1131 3124 1312 3226 aedificata,

142 3251 229 3318 quae
250 3240 342 3297 erant
365 3231 478 3294 excisa
489 3229 530 3294 de
550 3229 639 3296 saltu
648 3230 777 3300 Libani.
819 3231 983 3314 Magister
1004 3233 1038 3294 in
1051 3230 1148 3314 Speo.
1168 3309 1172 3316 Ι
1190 3230 1311 3292 Histor.

143 3339 221 3404 dicit
248 3336 334 3422 quod
366 3338 449 3401 haec
471 3337 584 3400 domus
607 3342 679 3400 erat
702 3335 748 3399 de.
765 3334 886 3418 duplici
907 3339 1061 3419 materia·
1077 3353 1154 3418 pars
1171 3334 1313 3398 ,inferior

140 3452 210 3508 eret
231 3442 379 3525 lapidea,
408 3450 441 3505 et
462 3441 629 3505 dicebatur
656 3441 819 3524 Nabata,
841 3443 861 3502 i.
885 3459 916 3512 e.
939 3441 1164 3524 pigmentaria,
1196 3442 1312 3523 inqua

142 3549 377 3631 reponebantur
398 3556 540 3611 aromata
570 3556 603 3610 et
624 3547 793 3630 pigmenta.
810 3545 852 3608 ad
873 3561 954 3608 usus
979 3544 1108 3628 templi,
1136 3551 1170 3609 ab
1197 3544 1311 3611 domus

141 3654 247 3738 regia,
267 3662 304 3716 ut
325 3671 367 3716 ex
385 3641 545 3715 beneficio
566 3660 672 3714 terrae
697 3659 732 3713 et
763 3651 845 3714 muri
867 3649 922 3712 diu
950 3649 1100 3731 vigerent
1134 3651 1229 3733 quasi
1256 3667 1312 3712 re-

141 3759 255 3823 centia
297 3756 378 3819 Pars
398 3759 546 3839 superior
568 3764 638 3819 erat
660 3755 787 3838 lignea,
812 3753 853 3819 de
873 3755 972 3838 lignis
993 3755 1129 3837 Libani,
1151 3741 1238 3817 unde
1260 3762 1312 3837 est

140 3861 226 3931 dicta
247 3859 361 3925 domus
381 3860 485 3925 saltas
507 3860 561 3923 vel
583 3858 697 3922 domus
716 3859 833 3922 hibeni
855 3859 909 3922 vel
931 3858 1045 3922 domus
1067 3857 1171 3922 saltus
1183 3859 1308 3922 Libani.

139 3964 277 4044 Quidam
297 3975 405 4030 tamen
425 3973 569 4049 putant,
596 3981 669 4027 eam
695 3979 737 4026 ex
764 3963 907 4028 housia
928 3981 1006 4026 asse
1035 3973 1203 4044 vocatam,
1232 3965 1311 4046 qtria

140 4071 389 4156 circumquaque
420 4072 548 4140 consita
580 4076 650 4132 erat
671 4067 839 4132 arboribus
861 4075 894 4130 et
922 4067 1086 4132 viridariis
1114 4069 1217 4132 mirae
1237 4067 1310 4150 (tt)

140 4175 363 4257 recreationis5
391 4175 485 4258 juxta
506 4175 702 4238 densitatem
722 4172 826 4240 saltus
841 4171 982 4256 :Libani,
1005 4182 1038 4235 et
1067 4176 1101 4238 in
1134 4180 1227 4256 parta
1256 4172 1312 4234 illa

121 4277 298 4360 :superiori
317 4281 558 4362 reponebantur
578 4295 678 4359 arma,
701 4286 751 4343 ut-
765 4277 925 4342 beneflcio
945 4277 1026 4361 ligni
1045 4279 1226 4363 rubiginem
1246 4293 1332 4362 non¹
1450 4324 1456 4335 .
