2954 4914
646 143 797 258 'tos

176 386 315 465 paramur
332 375 473 440 calorem
495 375 585 440 illum
607 372 910 460 exstinguerent
934 374 1024 438 calor
1043 375 1115 458 ipse
1136 373 1241 458 magis
1263 376 1359 440 aeti-

153 501 240 556 ‚vus
262 483 575 566 proximaeque¹
600 479 744 560 fervidas
779 479 881 560 reddit
919 489 954 564 ot
983 479 1140 564 inspissat
1168 481 1202 542 iu
1232 480 1356 563 solque

89 633 93 640 -
176 587 336 672 decoquit.
381 585 461 650 Ideo
480 594 552 668 tota
573 583 631 647 illa
653 603 759 667 aquae
789 585 883 668 eopia
902 583 1127 667 calidiorest,
1155 586 1296 667 spissior
1319 595 1356 648 et

175 693 293 782 sabior
313 692 473 774 caeteris,
496 698 528 753 et
550 698 717 774 perpetua.
730 692 960 772 evaporatione
980 689 1125 774 fumigat.

223 915 227 922 ,
259 845 367 918 Τοῐίία
389 845 474 918 ratio¹
490 839 626 920 sumitur
647 860 690 922 eru
710 840 782 920 lide
795 839 972 923 catholica,
995 821 1059 923 qua
1080 839 1269 926 eredimus,
1288 857 1357 900 ex-

177 959 312 1015 tremum
340 946 496 1031 judicium
531 947 670 1010 futurum
693 947 726 1008 in
757 927 845 1008 valle
872 945 1049 1028 Josapbat,
1083 954 1115 1008 et
1147 935 1355 1007 damnandos

176 1073 235 1140 per
253 1055 384 1138 igneum
416 1053 547 1115 fluuium
571 1050 736 1114 ducendos
758 1069 816 1131 per
836 1049 955 1133 yellem
990 1049 1167 1112 Geb'enuae
1187 1067 1294 1130 usque
1315 1050 1353 1110 irr

175 1161 263 1226 huuc
293 1157 415 1239 locum,
450 1155 559 1239 ibique
593 1153 827 1237 demergendos
856 1156 890 1216 in
919 1155 1111 1238 profundum
1145 1153 1281 1235 interni,
1314 1161 1356 1214 ut

177 1283 277 1348 supra
293 1245 401 1346 vpatuit
425 1257 489 1327 tot.
521 1257 592 1322 1⁷0.
615 1257 656 1321 A.
678 1259 715 1321 B.
758 1259 809 1322 Ex
831 1279 894 1342 quo
915 1258 1141 1344 patet,-quod
1162 1259 1207 1320 ibi
1238 1266 1289 1318 eat
1313 1255 1355 1319 os

178 1365 311 1449 inferni,
332 1362 511 1427 secuudum
532 1362 752 1446 Christianos,
775 1365 852 1446 quia
873 1365 1053 1454 eredimus,
1087 1366 1248 1428 infernum
1273 1380 1353 1424 esse

177 1475 212 1537 ira
245 1451 364 1534 centro*
390 1455 511 1550 torrae,
544 1477 576 1530 et
610 1469 775 1532 civitatem
807 1478 953 1532 sanctam
986 1488 1085 1552 supra
1114 1471 1149 1532 iu
1184 1469 1352 1531 montibus

178 1577 315 1641 locatam
347 1579 423 1635 e'sse
444 1573 477 1636 in
505 1582 611 1635 terrae
625 1571 707 1662 113)
730 1572 852 1666 medio,
886 1575 970 1637 sicut
1001 1574 1142 1657 gentiles
1170 1582 1217 1636 et·
1233 1580 1353 1656 poetae

178 1681 443 1760 aestimaverunt,
466 1671 596 1740 Cretam
618 1676 755 1739 insulam
779 1696 854 1759 esse
875 1660 984 1752 muudi
1007 1673 1146 1742 medium
1173 1686 1206 1740 et
1226 1679 1287 1740 sub
1312 1696 1355 1740 ee

179 1803 255 1848 esse
277 1783 448 1864 infernum.
491 1767 568 1846 ldeo
600 1783 635 1844 in
656 1781 727 1845 Ydo
749 1789 859 1846 moute
881 1781 921 1846 de
942 1782 1047 1847 Ydolo
1075 1784 1119 1846 ibi
1139 1785 1244 1866 potito
1262 1779 1355 1844 'due-

164 1871 442 1973 ‘bant'l'acrymae
463 1905 570 1972 usque
592 1869 625 1950 in
646 1869 826 1970 infernum,
851 1871 905 1952 'ut
927 1897 1016 1971 patet
1038 1888 1094 1954 fol.
1117 1887 1166 1952 1⁷.
1186 1889 1228 1950 A.
1250 1887 1352 1958 P.11.

263 2040 386 2122 Quarta
411 2042 493 2104 ratio
515 2027 717 2124 est'propter
736 2043 956 2108 ostensionem
974 2042 1150 2126 ¹singularis
1173 2040 1355 2124 displicem-

179 2151 246 2214 tiae
264 2149 394 2211 Domini
415 2149 449 2208 iu
471 2144 579 2210 odium
597 2156 630 2208 et
652 2146 902 2212 detestationem
924 2148 1012 2210 illius
1034 2146 1258 2212 nefandissimi
1280 2147 1356 2209 vitii

117 2284 122 2293 ·
178 2252 381 2327 sodomitici,
410 2270 474 2333 qua
494 2251 600 2314 locum
632 2261 783 2315 aeternae
813 2252 1019 2316 amaritudini
1043 2260 1078 2314 et
1098 2251 1258 2316 sterilitati
1281 2261 1376 2314 tra-.

125 2381 129 2388 ⁴
181 2357 263 2420 didit
289 2364 350 2418 etc.
395 2353 529 2438 Propter
572 2356 654 2418 haee
685 2376 762 2440 ergo
793 2359 975 2421 nominatur
1008 2358 1099 2420 locus
1122 2351 1202 2419 iste
1241 2355 1355 2418 multis

182 2460 364 2524 nominibus
384 2460 418 2520 in
441 2459 618 2542 Scriptura.
640 2463 768 2526 Dicitur
788 2465 872 2525 enim
892 2481 980 2525 mare
1002 2471 1181 2544 mortuum,
1212 2462 1284 2530 Jos.
1306 2462 1354 2543 3.,

182 2565 259 2648 quia
278 2564 323 2626 ibi
342 2563 432 2626 Dens
453 2574 643 2648 pensatores
664 2577 840 2650 perpetuae
861 2569 954 2630 morti
977 2566 1126 2650 tradidit,
1155 2585 1354 2630 consumens

182 2687 241 2734 eos
267 2678 400 2753 repente
428 2687 488 2753 per
519 2689 652 2736 saevam
681 2682 814 2736 mortem
845 2672 1060 2755 temporalem.
1105 2671 1170 2735 Vel
1192 2682 1353 2735 mortuum

183 2775 317 2859 dicitur,
342 2777 419 2859 quia
439 2777 518 2840 nibil
540 2777 573 2840 iu
594 2796 634 2842 eo
654 2777 756 2859 vivit,
785 2795 847 2839 nee
873 2777 982 2858 pisces
1002 2777 1046 2839 ibi
1069 2786 1205 2860 possunt
1225 2778 1353 2859 vivero,

182 2890 221 2948 nt
241 2883 338 2972 babet
358 2883 494 2954 Aristot.
514 2885 537 2948 2
557 2884 694 2947 Meteon
717 2892 750 2945 et
770 2882 932 2964 Magister
952 2882 986 2944 in
1007 2880 1150 2964 Speculo
1171 2882 1352 2945 Historiali.

182 2991 225 3054 bit
245 3008 310 3054 nou
332 2988 436 3056 solum
471 2989 551 3056 nibil
574 2990 607 3052 iu
629 3008 669 3053 eo
690 2988 790 3069 vivit,
822 2985 882 3048 sed
902 2987 930 3049 si
952 2986 1029 3070 quid
1056 2969 1166 3060 viuum
1198 2986 1353 3068 injectum

184 3095 296 3178 fuerit,
309 3115 382 3164 ¹uon
402 3098 616 3179 immergitur,
638 3094 698 3158 sed
721 3091 880 3175 rejicitur,
901 3110 966 3154 non
986 3093 1097 3156 vivum
1119 3101 1225 3174 autem
1245 3093 1354 3174 impo-

184 3200 280 3261 situm
302 3201 410 3260 statim
433 3200 666 3262 absorbebitur.
691 3198 765 3259 Hoc
786 3195 937 3278 probavit
957 3197 1051 3261 nitus
1072 3197 1252 3280 imperator,
1275 3194 1352 3258 dum

184 3301 348 3363 obsideret
367 3301 517 3383 Joricbo,
544 3304 615 3383 qui,
637 3299 711 3362 dum
734 3299 890 3383 quosdam
915 3311 1016 3365 morte
1037 3301 1226 3384 plectendos
1246 3302 1353 3382 capti-

184 3421 246 3467 vor
277 3403 411 3465 baberet
443 3405 477 3465 in
499 3405 659 3485 exercitu,
681 3404 846 3488 colligavi
869 3425 942 3490 eos,
964 3415 1004 3469 et
1030 3407 1144 3490 projici
1165 3423 1223 3468 eos
1255 3407 1353 3468 vivos

183 3499 306 3572 inboe'
322 3524 411 3568 mare
431 3507 614 3591 mandavit,
636 3510 691 3591 qui
713 3509 821 3591 ligatis
853 3514 1001 3574 manibus
1024 3521 1056 3575 et
1077 3511 1213 3594 pedibus
1234 3529 1354 3593 super-

183 3618 394 3694 nataverunt,
429 3630 490 3675 noo
526 3614 673 3696 immergi
709 3624 865 3706 poteraut.
917 3617 1011 3678 Haec
1040 3617 1206 3699 Josepbus
1243 3625 1354 3678 narrat

183 3715 256 3784 Lib.
277 3713 321 3777 V.
344 3733 415 3798 cap.
436 3717 467 3780 9.
497 3716 538 3779 de
565 3718 649 3781 bello
682 3718 830 3790 Judaico.
886 3719 974 3782 Dicit
1003 3721 1101 3784 etiam
1129 3718 1289 3804 Magister
1317 3722 1353 3784 iu

184 3818 327 3902 Speculo
358 3819 545 3905 Historiali,
587 3823 673 3907 quod
694 3823 845 3886 navicula
865 3841 970 3888 vacua
1005 3825 1060 3887 vel
1086 3825 1182 3888 rebus
1205 3844 1268 3890 nou
1290 3827 1358 3888 ha-

183 3925 333 4006 lieutibus
354 3927 455 3992 vitam
487 3937 618 3992 onerata
645 3930 753 3992 statim
775 3926 809 3990 iu
831 3947 870 3991 eo
891 3931 1099 4012 absorbetur,
1120 3929 1180 3996 sed
1202 3930 1356 3994 uramenta

183 4047 257 4096 nam
288 4031 472 4096 homiuibus
508 4034 563 4098 vel
605 4033 798 4096 animalibus
831 4035 1017 4098 viventibus
1048 4055 1112 4098 nou
1144 4037 1352 4120 immergitur.

184 4137 322 4219 Insuper
356 4137 489 4204 lucerna
523 4157 630 4204 vacua
660 4141 690 4202 si
718 4137 840 4220 injecta
864 4139 975 4222 fuerit,
1006 4143 1213 4223 absorbetur,
1245 4139 1354 4206 sedai

186 4260 260 4305 oum
292 4243 416 4308 lumine
451 4229 573 4309 ardenti
610 4245 762 4308 immissa
803 4241 915 4325 fuerit,
953 4253 1141 4326 supernatet
1147 4289 1158 4328 ,
1202 4244 1357 4331 quamdiu
