2842 4882
721 214 836 307 Μ]

174 393 237 480 ipsi
257 393 333 458 aitis
351 393 503 478 squalore
523 391 665 456 tribulati
684 393 821 478 luimus,
853 404 890 458 ut
909 397 1040 479 patebit.
1086 397 1231 480 Septimo
1254 397 1361 479 regio

172 499 230 564 illa
261 497 377 562 dicitur
404 507 491 561 terra
519 499 714 582 salsuginis,
747 489 910 564 Jerenriae
930 501 1056 566 xvu:
1106 502 1282 564 Habitabit
1315 503 1356 563 in

122 611 128 626 '
164 600 321 666 ‘siccitate
342 603 376 666 in
398 602 547 686 deserto,
579 605 614 666 ln
641 612 729 666 terra
758 604 936 688 salsuginis
957 616 990 670 et
1020 605 1229 670 inhabitabili.
1275 605 1357 670 ttoa

175 707 261 770 euim
288 707 409 770 cadens
431 717 548 772 terram
569 708 656 774 illam
677 708 748 770 sale
779 713 965 794 conspergit
1001 720 1037 773 et
1060 712 1189 774 arbusta
1210 719 1243 772 et
1265 728 1355 792 gra-

174 814 277 896 mloa,
308 813 423 897 siqua
461 819 557 896 au'ut,
583 813 740 896 inluudit3
774 824 842 878 tota
870 801 957 879 euim
985 817 1067 879 roris
1097 813 1273 878 humiditas
1296 815 1353 876 sal

175 925 238 983 ost.
280 918 418 1001 Insuper
446 935 551 1001 aquae
573 938 631 1001 per
652 919 882 984 suffossionem
912 931 1018 984 terrae
1044 925 1195 987 inventae
1231 917 1354 980 salsae

175 1031 210 1085 ut
232 1021 401 1106 plurimum
423 1029 509 1084 sunt.
543 1021 718 1106 Reperitur
738 1025 836 1088 etiam
857 1022 1017 1089 convallis
1038 1022 1146 1104 aliqua
1176 1021 1351 1085 humorem

45 1205 52 1219 ἢ
175 1146 218 1189 ex
237 1127 411 1210 semetipsa
431 1127 572 1210 gigvoehs
592 1129 735 1212 salsum,
755 1147 852 1213 quem
873 1129 1024 1192 contiuuo
1041 1127 1130 1190 calor
1149 1127 1230 1190 solis
1252 1128 1352 1190 velut

175 1229 344 1296 hiemalem
372 1232 518 1315 pruinam
539 1232 572 1294 in
594 1232 749 1318 glaciem,
771 1236 817 1298 ita
836 1235 872 1296 in
897 1234 1000 1296 salem
1023 1233 1172 1316 stringit,
1202 1241 1235 1293 et
1258 1241 1350 1294 taur-

163 1353 273 1420 *quam
295 1335 396 1398 sudes
416 1345 530 1398 acutas
552 1356 595 1399 ex
614 1339 687 1422 ipso
716 1338 787 1400 sale
813 1339 930 1424 efficit,
953 1347 1051 1420 atque
1073 1339 1119 1399 ita
1148 1337 1255 1399 omnia
1289 1337 1349 1400 illa

177 1449 411 1522 exasperantur
430 1439 518 1524 loca,
539 1451 576 1503 ut
602 1445 894 1526 pertranseuntium
916 1442 1056 1506 terebret
1077 1449 1110 1502 et
1130 1449 1221 1504 secet
1242 1443 1347 1504 etiam

178 1542 342 1606 calceatos
363 1544 475 1626 pedes.
517 1544 642 1611 Octavo
664 1547 781 1611 dicitnr
801 1550 890 1630 regio
910 1547 965 1608 illa
987 1554 1074 1608 terra
1093 1547 1183 1608 invia
1203 1544 1346 1609 Psalm:

175 1647 209 1711 iu
232 1655 317 1710 terra
338 1648 467 1712 deserta
488 1650 578 1713 invia
599 1660 631 1714 ct
651 1653 819 1736 inaquosa
850 1653 978 1716 Dicitur
998 1658 1106 1716 autem
1127 1650 1227 1732 haria,
1248 1651 1348 1731 quasi

174 1751 248 1814 siue
268 1752 333 1814 via.
366 1753 443 1816 ideo
465 1754 661 1838 Joronymus
681 1757 716 1818 in
738 1757 873 1840 epistola
894 1756 934 1818 de
955 1755 1170 1818 celebratione
1199 1756 1346 1837 paschae

176 1853 271 1940 dicit,
292 1855 379 1940 quod
400 1857 443 1941 hi,
466 1860 521 1942 qui
542 1879 600 1943 per
621 1860 812 1925 solitudines
833 1877 989 1924 arenosas
1011 1863 1045 1921 lu
1066 1862 1219 1923 interiora
1239 1863 1345 1923 austri

176 1959 265 2023 nulla
285 1971 375 2026 certa
394 1967 512 2026 semita
531 1965 739 2050 gradiuntur,
765 1967 926 2029 sideribus
945 1963 1132 2046 intendunt3
1165 1984 1231 2026 non
1256 1966 1346 2028 enim

174 2084 234 2148 per
255 2065 416 2130 desertum
439 2079 548 2132 certae
565 2072 639 2133 viae
661 2089 737 2134 esse
757 2079 911 2156 possunt,
936 2073 1063 2140 etiamsi
1086 2068 1226 2132 ,cottidie
1253 2079 1346 2132 esset

175 2172 407 2251 perambulatio
438 2174 599 2237 bominum
623 2185 656 2260 et
686 2176 874 2259 bestiarum,
896 2187 929 2238 ct
954 2177 1016 2238 hoc
1037 2174 1127 2255 ideo,
1149 2175 1226 2257 quia
1251 2175 1344 2236 venti

177 2273 343 2338 fortissimi
374 2285 407 2339 et
440 2281 587 2344 turbines
621 2281 843 2344 validissimae
876 2290 953 2344 sunt
980 2283 1014 2342 iu
1042 2279 1191 2360 deserto,
1225 2279 1344 2360 quibus

176 2396 277 2442 arena
308 2382 452 2446 defertur
485 2394 518 2448 et
545 2386 670 2448 levatur
701 2390 824 2468 impetu
852 2386 967 2470 grandi
999 2385 1040 2447 dc
1070 2393 1137 2446 tote
1170 2383 1343 2464 superlicio

177 2489 293 2567 terrae,
315 2489 414 2550 etita
434 2491 533 2552 currit
554 2509 654 2554 creua
672 2509 744 2554 cum
761 2501 870 2574 vento,
892 2493 978 2553 sicut
998 2507 1083 2572 aqua
1103 2497 1199 2569 mota,
1221 2487 1342 2552 idcirco

174 2587 320 2652 nonnulli
341 2589 503 2660 desertum
535 2596 700 2658 nominant
725 2616 814 2684 mare
834 2613 1014 2659 arenosum.
1058 2596 1194 2674 iusuper
1215 2602 1343 2656 montes

175 2690 233 2754 alti
255 2697 384 2758 arenosi
411 2697 475 2761 illis
497 2701 677 2762 turbinibus
705 2700 839 2764 deloco
860 2700 900 2764 ad
923 2701 1028 2762 locum
1050 2697 1290 2760 transferuutur
1308 2698 1342 2759 iu

175 2815 240 2860 uua
261 2807 373 2884 nocte,
397 2803 500 2887 quod,
521 2805 576 2866 ubi
598 2805 694 2867 hodic
720 2815 771 2868 est
791 2806 958 2888 planities,
981 2822 1055 2868 cras
1076 2802 1219 2884 reperies
1240 2801 1342 2865 altum

176 2910 317 2967 montem
339 2909 525 2992 repositum.
567 2911 610 2972 Et
631 2911 696 2972 ista
716 2911 885 2974 translatio
907 2910 1060 2973 montium
1081 2918 1131 2972 est
1151 2907 1215 2984 (b)
1245 2908 1343 2969 cotti-

176 3008 271 3073 diana
292 3017 437 3095 tempore
467 3022 645 3076 ventorum.
689 3015 766 3079 Nou
794 3025 901 3079 eutem
929 3017 973 3077 ita
1002 3013 1057 3096 lit,
1078 3021 1113 3074 ut
1143 3020 1212 3075 tota
1240 3013 1343 3076 moles

176 3115 272 3178 simul
294 3126 513 3199 removeatur,
536 3119 594 3181 scd
617 3122 824 3202 superiores
850 3121 957 3182 ventis
984 3119 1207 3201 deportantur,
1236 3137 1343 3202 usquo

175 3219 217 3282 ad
238 3231 344 3285 terrac
365 3223 582 3306 fundamenta,
601 3233 634 3286 et
653 3223 717 3286 alio
737 3224 771 3285 iu
792 3223 863 3286 loco
885 3223 1105 3306 coagulantur,
1125 3232 1158 3285 et
1178 3223 1215 3286 lit
1236 3242 1343 3286 novus

175 3341 286 3408 mous,
317 3335 454 3409 quatuor
474 3336 531 3392 out
551 3330 693 3411 quinque
725 3328 915 3392 milliaribus
946 3348 965 3391 a
995 3329 1096 3410 primo
1121 3328 1202 3392 loco.
1246 3327 1343 3392 Non-

175 3445 348 3510 numquam
378 3441 484 3496 autem
514 3433 619 3495 vulles
648 3451 785 3515 magnae
808 3451 905 3495 arena
927 3432 1105 3515 replentur,
1134 3440 1167 3493 et
1193 3433 1224 3492 si
1247 3430 1342 3494 duret

176 3533 352 3614 tempestus
373 3536 405 3598 in
427 3538 499 3600 loco
520 3536 627 3620 vallis,
648 3538 815 3621 consurgit
834 3555 938 3619 mous,
960 3545 993 3599 et
1012 3538 1067 3600 ubi
1088 3536 1205 3600 nudius
1228 3539 1342 3600 tertius

175 3634 271 3698 vallis
302 3639 460 3720 profunda
490 3643 567 3725 luit,
601 3643 644 3704 ibi
672 3642 769 3705 hodic
797 3659 889 3704 mous
918 3644 1045 3704 eminet.
1090 3642 1223 3704 Montes
1246 3642 1341 3703 etiam

174 3741 295 3824 petrosi
318 3743 496 3809 immobiles
529 3765 627 3810 arena
658 3747 778 3809 fluente
809 3747 1012 3830 operiuntur,
1037 3747 1100 3828 lta,
1123 3753 1159 3808 ut
1187 3745 1244 3810 ubi
1274 3745 1342 3808 beri

175 3846 373 3931 apparebant
392 3858 518 3914 montes
540 3851 670 3934 petrosi,
691 3851 786 3914 hodie
808 3850 886 3940 nihil
907 3851 972 3913 uisi
993 3869 1092 3912 arena
1113 3848 1272 3916 videatur.
1301 3849 1343 3910 Et

173 3951 219 4016 itu
239 3955 293 4016 viu
311 3961 401 4017 certa
422 3973 497 4018 esse
522 3975 586 4019 nou
607 3962 715 4038 potest
733 3955 767 4017 in
796 3954 935 4018 deserto.
977 3953 1062 4019 Sunt
1084 3955 1168 4018 enim
1202 3953 1248 4015 ibi
1270 3963 1342 4016 cot·

113 4067 125 4098 1‘
174 4057 251 4122 tidie
272 4059 365 4142 quasi
396 4068 610 4142 tempestates
632 4078 817 4142 arenarum,
849 4061 935 4122 sicut
957 4061 990 4122 in
1022 4061 1100 4122 mari
1131 4067 1342 4139 tempestates

173 4181 338 4248 aquarum,
363 4171 396 4225 ot
413 4172 488 4226 suot
507 4163 819 4248 periculosissimu03
842 4183 917 4226 num
939 4171 1007 4228 tota
1027 4164 1215 4246 superficies
1238 4172 1343 4226 terrae

174 4278 337 4348 movetur,
369 4277 402 4330 et
431 4268 526 4330 homo
556 4257 636 4330 nihil
669 4269 759 4332 videt
792 4270 856 4331 uisi
892 4287 1022 4334 arenam
1055 4268 1343 4333 vehementissime
