2954 4914
745 243 808 310 188

107 493 116 502 ,
182 430 313 502 ‚donus
335 425 520 506 coelem,
538 441 612 489 ona
632 441 760 488 annexu
778 425 973 490 monasterio
994 423 1176 498 unicium
1198 426 1323 496 ordinis
1337 427 1383 492 S.

197 531 383 614 Benedicti,
414 539 448 592 et
488 538 579 592 erant
626 528 808 596 ditinum
824 593 828 604 ,
843 530 991 596 dominae
1026 532 1211 597 etiamnunc
1244 532 1382 616 ultimo,

196 635 330 724 quaudo
352 645 450 719 capta
471 635 531 698 luit
552 635 673 700 civitas
693 652 713 696 a
735 633 937 712 Sarracenis,
954 651 1046 700 anuo
1064 635 1193 700 Domini
1215 636 1310 702 1187.
1323 639 1380 700 ·1n

196 745 269 827 ipsa
289 749 397 806 antem
431 741 581 825 captione
601 740 747 804 civitatis
779 741 914 822 contigit
945 742 979 802 in
999 740 1061 804 hoc
1078 744 1272 807 monasterio
1296 721 1378 804 iac-

196 857 265 912 tum
295 847 432 932 perenni
452 845 608 936 memoria
627 843 777 928 dignum,
798 846 948 927 quemvis
970 844 1100 928 quidam
1121 848 1261 910 referant
1275 847 1377 913 'alibi

196 953 317 1040 iactum
341 951 459 1042 'inissa
479 951 512 1014 in
535 949 673 1042 quodam
703 938 901 1022 monasterii
932 948 968 1028 S.
984 947 1124 1028 Clarae.⁸
1161 949 1244 1032 Qum
1278 954 1375 1014 euim
1424 1017 1427 1024 ,

138 1055 141 1060 ’
192 1059 260 1142 jam
281 1065 372 1123 esset
399 1057 519 1138 civitas
550 1052 710 1136 capienda
739 1053 1046 1137 per-Sarracenos,
1069 1065 1102 1118 et
1124 1058 1231 1118 cuncti
1263 1072 1303 1116 se
1327 1053 1374 1118 ad

196 1165 383 1228 evasionem
405 1168 437 1224 et
459 1160 548 1222 vitae
568 1175 650 1222 suae
671 1159 892 1226 liberationem
917 1158 1143 1242 disponerent,
1169 1159 1298 1248 jussit
1290 1159 1372 1222 Ab·

195 1271 322 1334 batissa
353 1264 485 1356 pulsare
521 1263 725 1350 capitulum,
750 1264 963 1358 omnibusque
1000 1263 1189 1358 dominabus
1223 1282 1371 1356 congre-

194 1375 282 1456 gatis
307 1369 418 1433 dixit:
468 1385 564 1450 ecee,
597 1369 683 1430 filiae
725 1386 838 1450 meae,
861 1368 930 1450 jam
961 1347 1117 1432 tradenda
1150 1378 1201 1432 est
1243 1370 1367 1462 civim

161 1540 166 1550 ,
194 1485 227 1538 et
249 1492 309 1538 nos
329 1483 363 1536 et
382 1473 488 1536 omnia
508 1474 649 1536 nostra
640 1492 673 1534 ιιι
698 1490 813 1536 manns
819 1474 1003 1556 gentilium
1009 1473 1268 1570 sarracenorum.
1290 1473 1368 1554 lie·

196 1581 300 1642 umes
322 1563 429 1641 antem
452 1573 524 1658 isti,
546 1577 631 1639 sicut
663 1578 848 1660 frequenter
869 1578 1068 1661 andivimus,
1102 1580 1255 1642 bestiales
1276 1587 1366 1661 snut,

193 1692 228 1746 et
251 1683 409 1745 foeminas
436 1682 628 1749 christianas
667 1691 812 1766 repertas
831 1681 917 1746 sine
947 1683 1145 1766 verecundia
1176 1683 1308 1762 foedant
1331 1691 1366 1746 et
1438 1681 1441 1688 ⁴

97 1821 101 1827 ·
193 1787 357 1872 polluunt,
391 1787 600 1870 singulariter
627 1790 789 1850 tamenin
811 1787 954 1870 virgines
975 1787 1046 1850 Deo
1068 1787 1191 1852 dicatas
1211 1788 1365 1852 inardes-

195 1903 272 1961 cunt
294 1904 326 1958 ot
346 1895 475 1956 furiunt.
519 1892 618 1954 Nunc
637 1907 719 1976 ergo
739 1893 769 1954 si
790 1893 897 1973 plnoet
918 1893 1105 1978 integritas,
1126 1894 1363 1986 munditia,et

193 1994 344 2094 uestitus,
367 2000 448 2081 hoc,
470 1991 563 2081 quod
587 2015 638 2057 mo
659 1995 806 2060 videritis
830 1996 972 2079 facere,
988 1979 1132 2080 facite,
1133 2008 1165 2061 et
1185 1999 1389 2065 inviolatae·

96 2117 98 2124 '
192 2105 234 2170 de
255 2096 403 2175 witus
426 2095 560 2177 latorum
581 2102 771 2164 vitiosorum
791 2093 955 2164 evadetis.
1001 2094 1042 2164 nt
1063 2103 1127 2166 hoc
1141 2093 1233 2166 dioto
1255 2103 1363 2166 omni-
1463 2147 1465 2155 ·

171 2214 253 2278 ‚bna
273 2214 437 2276 sororibus
456 2229 528 2277 eam
549 2201 762 2272 intuentibus
769 2213 808 2268 et
821 2206 1030 2289 mirantibus,
1053 2207 1131 2290 qnid
1153 2208 1281 2271 iactura
1303 2225 1361 2280 es-
1412 2267 1416 2276 ,

190 2324 259 2396 eet,
290 2335 366 2381 mox
389 2316 561 2396 cultrum,¹
579 2332 673 2396 quem
703 2310 763 2399 sub
795 2317 890 2390 veste
921 2315 1064 2396 texerat,
1098 2311 1224 2393 eduxit,
1241 2318 1296 2395 (οι
1317 2329 1358 2374 eo

138 2473 141 2478 .
190 2410 317 2482 stetini¹
337 2409 469 2501 pecto're
496 2429 529 2480 et
558 2415 650 2481 vultu
682 2413 841 2496 intrepido
874 2413 1045 2498 proprium
1064 2418 1136 2480 sibi'
1155 2427 1270 2480 nasum
1292 2414 1361 2504 ¹de-

98 2549 102 2560 ·
131 2593 134 2598 ,
174 2522 534 2605 ¹truncavit·²p'ropriie
576 2521 724 2602 manibus
737 2564 766 2603 ,¹
789 2519 880 2600 'quod
923 2521 1040 2600 iacere
1076 2524 1172 2586 etiam
1206 2521 1359 2604 egrogio-

189 2643 261 2690 rnm
294 2627 450 2690 virorum·
469 2625 567 2696 corda
600 2632 728 2708 nutant,
760 2632 803 2685 et·
829 2605 991 2709 persaepe
1022 2626 1181 2710 trepidant
1213 2625 1358 2688 animosa

189 2739 330 2816 pectora.
375 2730 478 2814 Cujus
500 2731 648 2814 exemplo
662 2738 818 2822 caeterae
847 2739 953 2798 motae
973 2731 1016 2794 ad
1037 2717 1143 2797 simile
1169 2747 1356 2815 precessore

160 2845 362 2924 ,certamen
403 2839 447 2900 Et
467 2837 497 2902 si
517 2855 603 2921 qtrae
636 2811 928 2916 adolescentiores,
956 2836 1123 2912 delicatae
1153 2846 1186 2900 et
1217 2846 1354 2938 tenera,

189 2961 303 3034 cruore
334 2943 408 3008 viso
450 2937 562 3008 timore
593 2939 879 3030 concutiebantur,
916 2957 979 3004 nec
1011 2943 1074 3006 sibi
1110 2943 1212 3030 ipsis
1209 2940 1355 3024 ‘injicere

187 3067 303 3112 manns
324 3041 492 3136 poterant,
518 3039 769 3134 prosternebant
788 3041 826 3110 s'e
848 3043 908 3108 ad
918 3045 1081 3129 tortiorrpn
1113 3039 1229 3132 pedes,
1259 3040 1354 3111 exbi-

73 3227 77 3236 ,
141 3213 144 3220 ,
186 3155 302 3218 bentas
324 3158 374 3219 eis
395 3157 518 3221 cultros
539 3165 580 3218 et·
593 3172 691 3218 nasos
713 3151 939 3232 extendentes,
960 3152 1092 3246 fletibus
1109 3155 1236 3236 magnis
1258 3168 1356 3234 roga-

186 3257 264 3320 bant
285 3261 406 3340 privari
438 3278 534 3340 naso,
569 3278 634 3341 qno
666 3257 778 3319 vultus
798 3254 954 3342 [speciem
981 3261 1115 3341 retinet,
1143 3266 1178 3321 et
1208 3257 1353 3320 inimicos

186 3357 362 3450 pudicitiae
383 3361 496 3443 irritat,
509 3355 558 3422 'nc
578 3362 819 3448 inquinamenta
840 3359 945 3434 cernis
967 3352 999 3420 et
1020 3362 1151 3448 spiritus
1165 3361 1352 3449 contrahere
1366 3369 1386 3392 ’“

74 3475 98 3554 ν’
185 3470 342 3547 possent·
363 3463 536 3529 'Omnibus
553 3481 630 3546 ergo
652 3461 811 3534 abscissis
831 3461 944 3545 nasis,
969 3466 1115 3534 contusis
1139 3467 1299 3549 rapiebas,
1319 3474 1351 3528 pt

185 3565 374 3650 (wid)
368 3568 573 3651 conspersis
595 3583 712 3630 cruore
736 3567 937 3649 stantibus,
932 3577 984 3631 .ct
1004 3565 1185 3634 lacrimosis
1216 3571 1350 3634 vocibus
1379 3599 1382 3606 ¹
1461 3569 1462 3576 ’

184 3671 289 3733 Deum
309 3673 572 3753 invocantibus,·
573 3689 660 3744 ecoe
693 3670 812 3734 inimici
850 3673 957 3734 crucis
984 3676 1171 3760 monasterii
1191 3677 1276 3739 ostia
1300 3676 1351 3738 1ιι-
1360 3685 1363 3692 ’

184 3776 347 3859 iringnrtt,
376 3784 427 3838 et
439 3776 578 3840 claustra
602 3781 771 3872 iumpuut,
801 3785 834 3840 et
856 3752 1080 3840 avidissime
1069 3797 1103 3842 ιιι
1126 3759 1348 3864 monasterium

103 3945 106 3952 ,
182 3871 324 3963 lrr'unnt,
357 3899 430 3944 cunt
456 3875 602 3970 clamore
622 3889 656 3944 et
688 3897 847 3944 armorum
876 3871 1040 3964 strepitu,
1063 3893 1099 3945 ut
1128 3883 1350 3949 effoennuatee
1392 3939 1398 3947 .

183 3981 323 4069 libidini,
353 3985 535 4050 insatiabili·
561 3961 727 4068 cupiditati
767 3993 800 4048 et
832 3983 1014 4066 crudelitati
1048 3987 1202 4066 bestialis
1223 4007 1348 4073 opernm

177 4083 306 4155 ‘terme
349 4089 392 4152 Et
411 4091 556 4173 ingressi·
583 4089 971 4180 ecclesiam-invenerunt
1003 4091 1143 4158 athletas
1175 4093 1348 4164 christiin

54 4273 57 4280 Ι
181 4207 243 4258 sao
263 4192 375 4260 ordine
395 4203 521 4258 stanter
542 4197 577 4257 in
596 4195 661 4260 Dei
680 4191 825 4266 servitio.
856 4185 953 4274 Quae
968 4196 1174 4282 ut·viderunt
1190 4193 1349 4281 sangnine
1459 4275 1460 4292 χ

181 4314 335 4382 aspersas
370 4309 407 4366 et
447 4300 628 4387 mutilatas,
665 4305 831 4370 conterriti
862 4291 1009 4396 stabant,
1045 4319 1085 4404 ec
1115 4303 1145 4366 si
1173 4301 1347 4405 exerebant
