2896 4872
208 450 324 510 senen
343 441 492 540 visitarit
519 450 554 506 et
575 439 729 526 mquam·
750 463 872 510 moram
893 447 937 510 ibi
960 447 1066 510 traxit.
1111 446 1292 538 Audiens
1312 455 1382 510 autu
1407 443 1408 536 l

208 549 242 612 in
264 563 364 629 reguo
384 563 445 612 suo
467 544 661 612 discordiam
681 551 896 634 coucitmm,
926 550 1118 614 destinam
1150 561 1322 616 'oratores
1340 569 1384 612 sue
1407 555 1408 558 ’

208 653 243 716 in
268 660 377 734 partes
399 650 582 715 occidentis
604 653 646 716 ad
667 655 791 736 Papam
811 656 1013 718 Bonilecium
1036 657 1130 718 vm
1160 666 1203 720 et
1235 657 1283 720 ad
1311 675 1386 738 regu

208 757 425 822 Romanorum
463 757 671 840 Rutotpbum
710 765 746 820 et
783 759 824 822 od
855 760 938 823 alios
968 777 1064 842 reges
1114 760 1341 841 occidentis,
1371 770 1388 816 ot

209 865 372 927 mitterent
387 863 499 944 copias
512 862 716 926 christicolas
735 864 770 926 in
788 862 918 946 Syriam
938 864 983 926 ad
1000 865 1261 947 recipiendum
1285 873 1320 925 et
1338 863 1388 924 reti

210 968 350 1032 nendum
376 968 547 1051 civitates,
576 966 754 1051 dequibus
776 967 872 1050 paulo
902 974 978 1035 ente
997 968 1084 1051 pulsi
1123 969 1303 1050 fuerant,
1324 964 1389 1028 etri

207 1072 438 1156 possidendum
458 1071 641 1135 Jerusalem
676 1072 842 1136 civitatem
865 1081 1019 1136 sanctam.
1063 1070 1181 1150 Quae
1207 1093 1292 1136 cum
1315 1089 1389 1150 erpo·

208 1180 352 1242 scissent
381 1175 518 1261 praelati
539 1182 685 1240 oratores
725 1184 757 1238 et
778 1177 927 1240 omnibus
963 1177 1189 1262 placuisset,
1216 1178 1388 1240 reariseroot

209 1291 354 1346 oratores
375 1281 468 1363 quasi
489 1279 579 1343 illico
600 1297 684 1345 cum.
697 1282 893 1344 exercitibus
913 1284 1072 1365 secuturi,
1094 1285 1170 1348 sed
1205 1285 1297 1348 nihil
1315 1296 1386 1342 exso·

209 1387 330 1449 cuticni
350 1385 538 1449 mandatnm
561 1392 630 1468 est,
652 1385 729 1468 quia
749 1385 904 1448 intestine
932 1386 1197 1451 occidentalium
1224 1386 1384 1470 principor

132 1497 137 1508 '
208 1489 294 1552 belle
315 1491 420 1571 magis
441 1489 491 1552 eis
511 1500 602 1553 erant
624 1488 731 1571 cordi,
756 1507 851 1572 quam
875 1490 992 1553 bobum
1014 1489 1174 1576 Domini,
1218 1502 1259 1554 et
1280 1488 1383 1573 pmpr's

207 1593 384 1675 commoda,
392 1601 428 1656 ut
440 1601 526 1675 part.
536 1595 577 1657 11.
590 1594 645 1656 fol.
658 1593 765 1658 WB.
780 1595 914 1661 dicetur.
936 1595 979 1656 Et
989 1597 1044 1658 nbi
1062 1604 1143 1659 tunc
1167 1616 1258 1660 carm
1271 1590 1381 1657 modlct't

208 1698 365 1781 expensis
388 1704 423 1760 et
454 1697 526 1759 sine
557 1700 686 1780 magnis
708 1699 810 1780 copiis
832 1707 958 1779 ceptam
981 1697 1108 1780 Syriam
1133 1710 1176 1764 et
1212 1695 1378 1762 Jerusaltn

209 1801 382 1867 aCaseno
414 1801 553 1864 retinere
582 1803 781 1884 potuissent,
817 1803 907 1864 nolle
927 1804 1144 1888 promissione
1181 1807 1284 1868 facta
1301 1814 1377 1880 supet

206 1909 269 1972 hoc
289 1924 363 1969 cum
384 1908 609 1970 erubescentia
630 1906 772 1971 fidolium
794 1914 828 1970 et
850 1927 913 1970 nou
935 1908 1000 1971 levi
1022 1909 1161 1972 crimine
1186 1907 1374 1972 incuriose

207 2010 390 2076 omissionis
408 2009 613 2094 postmodum
629 2013 751 2074 amissa
767 2019 828 2095 est,
840 2031 901 2075 nec
917 2011 1022 2076 adbuc
1042 2021 1160 2094 postea
1183 2015 1369 2094 recuperate,

203 2121 268 2181 nec
288 2114 385 2180 hodie
406 2125 457 2178 cst
477 2116 534 2178 via
555 2116 774 2198 recuperandi.
817 2116 903 2179 Nam
936 2118 1106 2180 recedente
1136 2118 1284 2182 Cosano
1315 2127 1369 2174 coo

167 2215 179 2245 ‘¹
206 2225 340 2311 soisxex
360 2221 458 2304 Syria
489 2220 530 2282 de
551 2220 639 2283 sacili
671 2219 842 2306 Sarraceni
870 2220 957 2284 nollo
986 2222 1048 2283 sibi
1070 2223 1255 2286 resistente
1284 2227 1360 2282 totau

206 2325 336 2408 Syriam
367 2326 401 2387 in
429 2323 622 2390 deditionem
653 2331 844 2406 receperunt
888 2333 921 2386 et
952 2307 1156 2388 Christianos
1191 2320 1362 2394 orientales,

207 2446 290 2511 quos
312 2429 460 2493 emanue
481 2447 539 2510 per
559 2430 710 2492 civitates
732 2429 917 2512 locaverat,
939 2430 1124 2492 occiderunt
1146 2440 1182 2492 et
1206 2428 1360 2512 ejecerunt,

207 2535 293 2594 sicut
325 2533 416 2613 prius
449 2533 591 2594 fecerent
611 2531 804 2596 Christianis
834 2533 944 2596 latinis
975 2532 1247 2604 occidentalibus.
1289 2522 1361 2592 Unde

207 2653 291 2698 anno
313 2631 442 2698 Domini
471 2636 562 2706 1291.
588 2651 670 2700 cum*
689 2636 853 2700 Soldarrua
882 2637 949 2719 jam
980 2640 1124 2721 cepisset
1154 2635 1356 2706 Autronium,

207 2731 343 2822 Tyrum,
365 2738 519 2822 Tripolim
548 2747 581 2802 et
610 2741 692 2804 alias
724 2742 873 2813 civitates
901 2741 1157 2806 Christianorum
1193 2745 1356 2808 latinorum,

207 2845 366 2930 conuertit
383 2863 422 2908 se
442 2843 484 2906 ad
500 2843 629 2906 finalem
646 2846 943 2909 exterminationem
951 2845 1210 2910 Christianorum
1232 2849 1273 2912 de
1290 2851 1353 2904 terra

205 2956 332 3019 macte.
362 2947 531 3032 Siquidem
552 2951 586 3018 in
609 2958 678 3012 tute
694 2949 792 3034 Syria
812 2969 877 3012 non
897 2951 1059 3018 hebebant
1081 2949 1263 3016 Christiani
1283 2938 1353 3008 latini
1407 2901 1408 2990 d

160 3036 165 3046 ⁸
208 3055 273 3118 uisi
295 3055 400 3118 adhuc
420 3067 517 3135 unam
539 3054 721 3136 civitatem,
744 3053 995 3134 Ptolemaidem,
1025 3073 1109 3138 quae
1130 3056 1228 3119 aliter
1259 3051 1350 3117 Actu

209 3159 263 3220 vel
292 3160 402 3224 Acron
424 3157 550 3222 dicitur·
594 3159 673 3220 Erat
693 3165 801 3221 autem
822 3159 950 3221 civitas
972 3162 1038 3223 iste
1072 3156 1350 3242 opulentissimas

207 3264 472 3346 populosissima,
501 3265 547 3327 ibi
568 3265 665 3326 etiarn
698 3261 860 3324 residebat
893 3281 954 3356 rem
969 3257 1163 3328 ‚Jerusalem
1186 3281 1261 3328 cum
1282 3256 1348 3323 curi!

207 3380 268 3426 sua
296 3373 330 3427 et
351 3369 505 3448 magister
537 3365 648 3448 templi
676 3373 709 3427 et
724 3367 816 3448 ¹prior
848 3368 1033 3450 hospitalis,
1064 3376 1097 3429 et
1133 3369 1281 3432 domiuus
1301 3375 1347 3442 μ’

208 3466 345 3529 triarcha
366 3486 438 3532 cum
461 3471 559 3554 clero,
581 3479 613 3534 et
635 3487 758 3552 omnes,
771 3471 826 3551 qui
847 3470 995 3554 fugerant
1018 3491 1038 3534 a
1058 3473 1251 3536 civitatibus
1270 3460 1339 3546 aptit

206 3589 265 3652 per
284 3569 471 3653 soldanum,
493 3576 526 3637 in
547 3593 619 3638 eam
644 3591 719 3638 cuer
739 3577 889 3638 omnihus
910 3578 980 3640 sois
1002 3578 1094 3640 bonis
1115 3594 1154 3640 se
1172 3569 1342 3659 receperant
1407 3573 1408 3584 ’

207 3682 243 3736 ot
274 3676 473 3758 stipendiarii
508 3679 596 3761 regis
625 3679 765 3762 Angliee
791 3688 824 3741 et
860 3682 949 3760 rogis
979 3681 1136 3742 Franciae
1176 3690 1210 3742 et
1233 3680 1344 3771 *eborum
1399 3618 1405 3759 d

167 3841 171 3854 ,
206 3795 317 3860 regum
351 3789 384 3842 et
422 3783 618 3865 principum,
657 3792 691 3844 et
721 3784 809 3846 circa
845 3784 955 3846 XVlll
991 3783 1091 3846 millia
1128 3785 1345 3866 peregrinorum
1396 3762 1405 3847 s

205 3885 519 3967 crucesignatorum
543 3887 583 3948 de
604 3886 743 3949 diversis
765 3888 949 3950 notionibus
969 3896 1003 3949 et
1024 3889 1143 3969 regnis.
1165 3886 1261 3952 Unde
1279 3882 1346 3948 orell
1399 3900 1408 3970 p

205 3989 303 4080 xvii
333 3989 457 4072 judicia
477 4008 575 4072 snper
606 3991 798 4073 sanguinem
818 3991 863 4054 ibi
883 4001 1012 4075 proptor
1040 3991 1192 4055 distinete
1218 3984 1345 4060 domnii>
1396 3976 1402 4019 ¹¹

204 4104 237 4158 et
257 4095 333 4160 inde
354 4094 516 4157 oriebatur
547 4111 647 4176 saepe
675 4097 822 4160 conlusio
843 4098 878 4159 irr
909 4095 1069 4160 dictandis
1096 4096 1276 4160 sententiis.
1312 4079 1346 4152 lli

205 4197 590 4262 iratrcsl’roedicatorum
612 4204 646 4260 et
662 4200 807 4264 Minores
829 4201 991 4266 habebant
1013 4209 1194 4264 conventos
1215 4199 1344 4262 solennat

204 4305 284 4362 tam·
320 4303 453 4364 fratrum
510 4316 605 4384 quom
663 4303 861 4383 monialium,
915 4305 1000 4368 unde
1045 4323 1118 4368 curu
1170 4297 1343 4369 venerabilli
