2926 5050
120 391 264 475 mura,
286 395 350 460 an
371 391 494 456 sanem
513 359 898 478 magnummontem,
920 393 1301 465 remittituromne

8 539 10 574 ,
119 514 245 562 sunus
262 498 378 580 innoti.
420 497 496 562 Hoo
523 505 690 580 protento
712 497 848 562 recitare
869 498 978 583 volni,
1007 500 1084 584 quia
1110 499 1299 584 magistrum

121 603 221 667 illum
247 601 466 668 venerabilem
488 619 509 664 a
530 601 704 684 juventute
731 603 808 666 novi
837 601 989 668 devotum
1011 603 1142 686 Virgini
1160 603 1299 686 Mariae,

123 714 166 770 et
189 706 401 788 ajuventute
422 723 528 791 usqne
548 724 635 770 nuno
654 727 721 771 non
748 705 876 772 desistit
903 706 1016 771 laudes
1044 707 1299 790 gloriosissimae

122 811 279 894 Virginis
299 812 424 876 Mariae
443 807 634 895 promovere
656 821 690 890 et
716 819 926 895 augmentare
955 809 1055 893 (101
1077 810 1140 887 A).
1183 810 1295 874 habo-

123 916 215 980 revit
237 918 321 980 enim
340 914 428 998 apud
448 915 559 980 sedem
581 915 790 998 apostolioam
820 935 879 1000 pro
907 915 995 979 huila
1025 913 1297 998 indulgentiarum

8 1035 9 1048 ¹
124 1037 269 1104 ermque
297 1020 450 1103 obtinuit,
467 1019 503 1083 in
525 1038 588 1100 uus
609 1019 645 1084 S,
668 1020 708 1082 D.
759 1021 850 1104 Papa
870 1018 984 1082 Sixtus
1005 1017 1062 1082 1v.
1085 1034 1222 1102 magnas
1243 1017 1298 1091 inf⁴

124 1123 314 1207 dulgentias
336 1123 484 1188 eonoooit
505 1125 654 1188 omnibus
675 1125 855 1207 praefatum
878 1142 1045 1188 numerum
1067 1121 1165 1186 Pater
1186 1129 1297 1220 noster
1359 1129 1364 1136 '

125 1237 163 1292 et
184 1227 382 1291 AveMuria
404 1236 453 1292 ter
473 1229 505 1291 in
533 1229 716 1310 septimana
747 1227 940 1292 dicentibus.
985 1223 1091 1304 Quem
1119 1225 1295 1290 orationem

8 1353 10 1364 ’
125 1335 288 1396 rosarium
316 1333 431 1396 beetne
451 1332 599 1414 virginis
630 1341 827 1414 nuncupent.
869 1333 965 1396 Hane
992 1329 1111 1394 bullam
1134 1347 1195 1413 ego
1217 1328 1295 1414 vidi,

8 1479 9 1514 2
124 1436 254 1518 perlegi
275 1444 309 1500 et
329 1437 490 1522 reseripsi.
535 1433 671 1514 Quidam
684 1444 793 1500 autem
815 1436 992 1520 praefetam
1015 1433 1193 1501 orationem
1208 1432 1295 1498 omui

125 1540 183 1604 rlie
204 1549 253 1604 ter
274 1539 394 1623 dieunt,
414 1549 447 1604 et
466 1541 631 1605 nominant
652 1553 723 1607 aem
745 1538 932 1624 psalterium
954 1538 1070 1601 beatae
1088 1537 1232 1620 Mariae,
1261 1545 1295 1605 et

8 1667 10 1724 4
125 1663 188 1727 pre
209 1644 274 1708 illis
295 1653 371 1708 sunt
391 1645 582 1729 impetratae
602 1645 759 1728 plurimae
778 1642 1015 1728 indulgentiae,
1036 1641 1138 1708 semel
1158 1643 1194 1706 in
1214 1642 1293 1725 vita,

124 1758 162 1812 et
176 1748 278 1813 semel
298 1749 334 1810 in
353 1758 466 1818 merto.
509 1751 633 1816 Dioitur
653 1756 761 1826 antem
781 1747 980 1832 psalterium,
1001 1746 1077 1829 quia
1097 1747 1183 1810 sieut
1201 1746 1294 1830 psal-

125 1853 243 1916 terium
263 1852 446 1919 davitlionm
468 1855 566 1918 habet
596 1863 664 1916 tres
691 1853 955 1937 quinquagenas,
983 1851 1029 1914 ita
1056 1859 1088 1914 et
1118 1849 1208 1928 illuri.
1251 1849 1294 1914 lit

8 2011 9 2022 ,
124 1958 263 2040 pn'mom
294 1957 553 2040 quinquagenam
584 1957 733 2022 ordinant
764 1957 799 2019 in
831 1957 1007 2039 gratiarum
1039 1955 1198 2020 sotionem
1234 1973 1293 2036 pro

125 2059 348 2128 inoarnatiouo
369 2068 403 2126 et
424 2062 559 2145 pueritia
572 2060 704 2126 Christi.
746 2059 929 2128 Seenniam
952 2058 993 2122 ad
1015 2059 1086 2140 ejus
1098 2059 1291 2142 passionem.

125 2166 267 2228 Tertiam
288 2164 332 2229 ad
353 2165 425 2247 ejus
445 2165 721 2248 glorificationem.
784 2164 849 2228 Alii
880 2163 987 2234 atlhuo
1013 2176 1108 2224 unam
1131 2162 1293 2246 quinqua-

8 2309 9 2316 κ
126 2287 246 2354 genam
265 2268 399 2352 addunt,
421 2278 455 2333 ot
477 2271 541 2334 XX
561 2270 659 2334 Pater
682 2277 792 2332 noster
812 2275 847 2331 et
875 2267 934 2332 CC
955 2268 1034 2331 Ave
1051 2267 1157 2330 Maria
1180 2265 1293 2330 dieunt

126 2373 266 2457 singulis
284 2373 416 2457 diebus,
438 2374 600 2459 dieentes,
631 2372 719 2458 quod
739 2372 821 2438 liber
851 2372 1047 2456 psalmorum
1079 2371 1291 2455 imperfectus

126 2487 188 2562 est,
213 2481 278 2542 nisi
297 2480 385 2562 postj:
407 2478 727 2550 Laudaterlominum
747 2475 789 2541 de
810 2477 922 2560 coelis,
942 2484 1143 2562 apponantur
1163 2475 1291 2538 oantiea

126 2585 247 2647 veteris
272 2590 306 2646 ot
327 2586 404 2646 novi
427 2586 622 2668 testamenti,
655 2591 691 2648 ot
709 2583 831 2666 hymni,
858 2592 891 2645 et
911 2581 984 2646 ideo
1018 2588 1166 2665 quartam
1192 2580 1290 2663 quin-

129 2705 309 2773 quagenum
331 2669 442 2751 dieunt
468 2708 527 2770 pro
556 2687 693 2752 oantieis
721 2695 754 2750 et
784 2686 931 2768 hymnis,
964 2694 1000 2748 nt
1027 2687 1070 2748 sit
1102 2683 1289 2768 psalterium

128 2791 315 2872 perfeetum.
373 2791 481 2856 Aliam
516 2793 693 2875 rationem,
727 2807 829 2874 quare
868 2795 1005 2872 quatuor
1043 2788 1289 2872 quinquagenas

129 2893 247 2976 dieunt,
268 2893 448 2975 assignant,
465 2895 542 2978 quia
559 2913 624 2958 non
642 2896 748 2958 minus
763 2893 884 2957 doeens
899 2899 960 2972 est,
981 2892 1107 2954 beatam
1119 2891 1288 2974 Virginem

130 3003 161 3066 et
181 2996 319 3058 frustum
340 2997 464 3058 ventris
489 2995 561 3077 ejus
591 2997 784 3062 Mnedioere
810 3014 868 3080 pro
898 2995 1134 3063 virtuosissima
1154 3002 1187 3056 et
1209 3011 1288 3076 per-

129 3101 305 3168 fectissima
335 3099 406 3169 vita
437 3098 577 3185 Christi,
602 3118 699 3186 quam
721 3098 786 3184 'pro
817 3099 1037 3163 iueamationa
1070 3106 1104 3161 et
1127 3117 1185 3180 pre
1215 3097 1288 3180 ejus

128 3211 228 3268 morte
256 3212 290 3266 et
318 3202 559 3286 glorificatione.
602 3206 646 3269 Et
672 3204 746 3268 ideo
767 3205 801 3270 in
821 3203 925 3286 prima
951 3201 1176 3286 quinquagena
1205 3219 1287 3266 oon-

126 3308 318 3392 tamplrntnr
337 3309 591 3378 homuntionem
605 3318 638 3374 et
651 3307 775 3374 Christi
793 3307 972 3392 pueritiam.
1014 3308 1052 3396 ln
1073 3309 1113 3369 11.
1125 3307 1286 3371 sotionem

129 3413 196 3496 ejus
218 3421 252 3474 et
272 3411 385 3481 vitam.
426 3415 464 3476 lu
481 3413 537 3476 lli.
553 3415 738 3496 passionem
760 3412 831 3495 ejus
852 3421 885 3476 et
905 3419 1051 3480 mortem.
1091 3413 1129 3474 ln
1146 3411 1205 3473 lV.
1231 3428 1286 3476 re-

127 3517 354 3581 surrectionem
376 3516 458 3600 ajus,
480 3525 512 3579 et
533 3535 637 3601 suam,
658 3518 771 3580 matris
792 3525 823 3579 et
845 3524 989 3580 nostram
1010 3514 1283 3598 glorificationem.

126 3621 220 3687 litut
240 3621 341 3687 oratio
363 3619 418 3684 illa
438 3623 545 3706 magis
566 3629 655 3684 osset
677 3620 834 3704 ordinata,
856 3603 1006 3682 atminus
1020 3618 1174 3701 taediosa,
1195 3618 1285 3683 ordi-

127 3733 285 3788 naverunt
318 3723 569 3808 unumquodque
595 3723 693 3809 l’atm
724 3732 836 3788 nester
867 3741 941 3786 oum
973 3725 1109 3785 annexis
1142 3723 1175 3784 X
1208 3724 1284 3784 Ave

126 3826 289 3896 namuro
315 3827 491 3910 mimum
517 3828 676 3898 sotionem
697 3847 756 3911 pro
788 3828 895 3912 aliquo
927 3826 1086 3910 singulari
1114 3825 1282 3908 beneficio,

127 3930 208 4015 qnod
228 3929 494 4013 emtonpbmm.
537 3930 582 3997 Ut
604 3939 692 4014 puta,
713 3931 849 4014 primunr
868 3931 966 3996 Pater
987 3937 1097 3996 nester
1118 3949 1189 3998 enm
1211 3931 1282 3994 suis

127 4033 248 4100 XAve
268 4034 375 4104 ilaris
387 4033 505 4102 tliount
526 4053 584 4117 pro
611 4035 787 4118 gratiarnm
807 4035 935 4102 notione
962 4053 1020 4117 pro
1042 4035 1199 4102 beneficio
1228 4033 1282 4096 in·

127 4138 324 4206 woatbnta
367 4140 408 4206 11.
421 4137 518 4206 Pater
539 4147 650 4208 nomer
667 4156 740 4208 eum
760 4141 872 4206 suisli
886 4139 961 4204 Ave
976 4139 1082 4206 Maria
1101 4157 1159 4220 pro
1179 4138 1281 4206 bene—

127 4239 195 4310 itio
214 4241 399 4310 nativitatis.
442 4243 497 4310 ill
528 4261 587 4326 pro
619 4242 775 4312 benefitio
797 4242 1053 4310 oireumeisionis
1081 4250 1114 4306 et
1144 4240 1281 4305 nominis
