2954 4914
207 569 381 630 honoratos
417 563 736 646 archiepiscopatus,
771 567 823 628 oui
854 561 890 627 S.
923 558 1091 648 Sylvauus
1130 573 1319 650 praeerat,
1356 573 1385 624 ut

206 668 284 732 dicit
305 665 449 752 cyrillus
471 670 513 733 de
533 669 697 734 miraculis
718 669 753 732 S.
775 669 945 754 Jerouymi
963 669 1007 734 ad
1028 671 1177 754 August.

285 821 451 884 vicesima
472 823 583 908 quinta
604 821 673 907 die,
695 843 781 906 quae
794 831 855 886 est
876 813 912 886 S.
935 823 1053 888 Jacobi
1075 803 1264 906 Apostoli,
1301 828 1386 883 aute-

205 943 302 1012 quam
324 921 374 988 sol
399 926 544 1012 oriretur,
567 936 777 992 surrexerunt
798 928 916 992 iratres
938 929 1055 991 montis
1074 928 1186 1011 Syou,
1214 936 1252 988 et
1275 943 1386 1004 accep-

204 1033 247 1096 tis
271 1031 311 1095 de
331 1031 482 1094 sacristia
514 1033 711 1115 paramentis
741 1034 890 1094 exierunt
912 1035 1124 1116 conventum,
1158 1043 1198 1095 ct
1225 1050 1293 1116 ego
1322 1049 1385 1092 cum

205 1140 268 1222 eis,
293 1139 333 1200 ad
357 1135 529 1202 ecclesiam
560 1135 595 1196 S.
618 1135 743 1203 Jacobir
764 1157 822 1218 pro
853 1135 978 1200 Officiis
1000 1139 1044 1200 ibi
1066 1137 1299 1200 celebrandis.
1343 1133 1386 1196 lle

202 1240 258 1308 illa
274 1241 412 1306 ecclesia
433 1240 552 1303 dictum
575 1247 626 1304 est
649 1237 703 1302 sol.
727 1239 801 1304 102
835 1241 872 1302 B.
904 1239 988 1306 Cum
1009 1252 1114 1305 autem
1137 1241 1184 1304 ad
1211 1239 1381 1303 ecclesiam

138 1327 142 1336 ⁴
205 1347 413 1410 venissemus
448 1352 481 1406 ct
514 1343 632 1406 iratres
654 1346 774 1406 intrare
801 1346 967 1428 permissi,
994 1365 1056 1430 ego
1084 1346 1198 1412 veloci
1224 1363 1328 1408 cursu
1348 1340 1383 1404 ad

173 1451 374 1539 ‚hospitium
394 1450 635 1532 peregrinorum
656 1451 813 1532 processi,
835 1433 866 1511 et
888 1450 1023 1531 pulsans
1045 1451 1152 1534 lepide
1175 1453 1307 1514 ostium
1331 1463 1380 1508 eos

205 1555 345 1640 excitavi
367 1552 663 1636 od0lllcium,cum
686 1555 801 1636 quibus
822 1556 856 1616 iu
877 1547 1050 1618 ecclesiam
1068 1558 1279 1642 praedictam
1296 1570 1379 1616 reas-

203 1659 309 1726 cendi.
362 1659 575 1726 Caritavimus
612 1675 691 1740 ergo
717 1659 751 1718 in
788 1657 912 1741 capella
942 1658 1163 1724 decollationis
1197 1661 1247 1734 S.
1268 1655 1376 1722 Jacobi

204 1765 354 1830 Officium
374 1763 508 1828 solenne
522 1772 554 1824 et
576 1764 702 1825 Missas
719 1766 910 1844 successive
930 1763 963 1826 in
981 1764 1093 1831 codem
1108 1765 1205 1830 altari
1231 1765 1375 1828 celebra·

168 1919 170 1924 .
202 1872 310 1934 vimus
337 1879 369 1931 ot
391 1867 431 1932 ad
453 1867 524 1932 looa
553 1877 667 1943 ,nostra
689 1869 813 1930 reversi
842 1885 954 1932 snmus
982 1878 1017 1936 et
1036 1871 1069 1933 in
1092 1873 1139 1933 eis
1158 1871 1307 1936 uosilla
1326 1866 1374 1928 die

86 2031 88 2038 .
204 1974 429 2056 continuimus,
443 1973 520 2056 quia
542 1981 611 2034 crat
631 1981 725 2036 sexta
746 1973 837 2055 feria,
858 1991 942 2054 quae
963 1975 1301 2058 semperSarracenis
1319 1989 1371 2033 so-

204 2078 337 2161 lemniS,
388 2080 472 2142 siout
516 2077 609 2140 uobis
659 2075 730 2139 dies
779 2076 963 2166 dominica,
1000 2099 1062 2144 uec
1105 2083 1276 2163 patiuntur
1316 2091 1369 2138 nos

205 2183 333 2266 diebus,
356 2186 474 2266 quibus
501 2186 565 2268 ipsi
588 2183 769 2264 celebrant,
795 2183 926 2264 erugari
947 2203 1005 2268 per
1026 2187 1200 2249 civitatem.
1230 2231 1233 2234 -

287 2339 453 2402 Vicesima
473 2344 587 2418 sexto,
605 2354 692 2419 quae
714 2341 765 2398 est
792 2335 910 2400 tearum
943 2331 978 2396 S
999 2333 1132 2420 Annae,
1155 2337 1272 2400 matris
1294 2335 1365 2395 bea-

205 2442 348 2524 tissimae
367 2441 523 2524 Virginis,
547 2460 644 2503 mane
665 2441 865 2529 surreximus
878 2449 921 2526 yet
941 2439 982 2501 ad
1004 2441 1185 2524 eeclesiam,
1203 2445 1262 2506 ubi
1281 2441 1364 2502 locus

206 2553 257 2606 ost
276 2545 390 2606 domus
411 2541 446 2604 S.
469 2544 604 2626 Annae,
625 2547 657 2608 iu
680 2563 744 2629 qua
765 2548 877 2628 genuit
895 2545 956 2610 liei
977 2530 1181 2628 genitricem,
1215 2541 1364 2610 'transivi-

194 2664 278 2723 ,ruus
309 2655 342 2708 et
373 2647 592 2710 inhabitantes
612 2639 717 2712 locum
741 2641 960 2737 rogavimus,¹
974 2655 1025 2728 'ut'
1042 2667 1103 2712 nos
1123 2652 1363 2714 intromitterent

205 2750 265 2814 sed
301 2765 505 2830 nequaquam
541 2750 752 2832 adquiescere
794 2734 955 2818 volebant.
1006 2755 1090 2817 Prae
1126 2757 1249 2818 foribus
1291 2767 1361 2831 erge

206 2855 368 2918 oravimus
401 2860 548 2916 sanctam
578 2855 707 2920 Annam
744 2867 785 2922 et·
809 2859 908 2922 liliam
938 2859 1009 2942 ejus
1038 2861 1276 2924 honoravimus.
1316 2855 1361 2917 ue

204 2962 267 3024 hac
288 2961 430 3026 eeclesia
456 2957 577 3024 dietum
604 2969 655 3024 est
677 2961 730 3024 fol.
760 2964 824 3026 140
844 2964 886 3030 A.
910 2971 942 3026 et
964 2964 1056 3027 locus
1089 2964 1282 3028 describitur
1308 2958 1356 3023 fol.

203 3069 268 3134 229
286 3071 326 3131 A.
368 3068 421 3130 Ab
443 3065 498 3130 illa
521 3083 598 3150 ergo
621 3065 763 3129 ecclesia
795 3067 1068 3132 discessimus'et
1098 3087 1158 3151 per
1186 3077 1310 3152 portam
1328 3063 1358 3126 S.

201 3173 360 3258 Stephani
392 3173 552 3240 exivimus
588 3179 620 3234 et
641 3171 674 3233 in
695 3172 814 3250 vallem
836 3173 995 3256 dosaphat
1016 3171 1258 3256 descendimus,
1277 3179 1312 3236 ut
1330 3170 1358 3232 iu

190 3277 344 3338 ¹ccclesia
364 3277 585 3341 Assumtionis
607 3277 722 3340 beatae
731 3277 879 3359 Virginis
902 3277 1012 3340 divina
1032 3277 1276 3341 celebraremus.
1300 3272 1358 3338 Sed

203 3394 276 3439 oum
299 3379 341 3443 od
361 3381 534 3441 eeclesiam
555 3381 914 3462 venissemus,·olousa
937 3394 1105 3465 erat,·uec
1125 3383 1251 3468 ingredi
1272 3391 1357 3466 pote·

203 3497 321 3542 ramus.
362 3479 439 3544 Ideo
462 3481 593 3544 dimisso
614 3483 686 3546 loco
712 3485 919 3549 ascendimus
938 3488 980 3550 in·
995 3505 1128 3569 specum
1157 3491 1310 3552 cretionis
1329 3489 1359 3545 et

202 3583 438 3664 agonizationis
460 3582 585 3648 Christi
612 3595 647 3650 et
666 3586 709 3650 rbi
734 3589 827 3652 altari
859 3600 970 3673 parato
992 3591 1103 3654 divina
1122 3594 1356 3667 celebravimus,

203 3684 288 3768 quod
311 3695 416 3750 tamen
437 3688 526 3771 prins
547 3707 719 3774 numquam
739 3695 847 3758 visum
869 3695 987 3778 luerat,
1017 3698 1103 3781 quod
1124 3698 1230 3760 hatini
1252 3700 1285 3761 iu
1305 3699 1358 3760 boo
1428 3675 1433 3694 ’

203 3788 413 3854 celebrarent.
448 3793 499 3856 ne
518 3795 573 3858 illo
603 3796 674 3859 leco
699 3797 801 3860 hahes
832 3799 886 3862 fol.
909 3803 972 3864 144
992 3802 1033 3862 Α.
1076 3803 1127 3864 Εἰ
1149 3813 1224 3886 post
1243 3805 1357 3866 mesas

204 3893 267 3956 alia
295 3893 367 3957 loca
393 3907 506 3962 sancta
528 3899 600 3982 (B)
628 3903 745 3963 montis
768 3901 888 3968 Olivcti
918 3908 1142 3990 transivimus,
1173 3917 1205 3970 et
1230 3901 1356 3970 eumad

203 3998 374 4062 ecclesiam
395 4003 608 4067 Asceusionis
630 4005 759 4068 Domini
782 4011 998 4094 venissemus,
1020 4013 1147 4093 quidam
1164 4011 1355 4076 Sarracenos

202 4101 327 4166 obstitit
365 4125 428 4170 nec
458 4111 492 4172 in
521 4111 694 4173 ecelesiam
727 4113 828 4174 voluit
859 4133 919 4177 nos
950 4115 1093 4200 ingredi,
1122 4117 1185 4180 uisi
1216 4118 1355 4182 darermu
1430 4111 1432 4126 .

201 4212 368 4289 pecunias.
414 4209 475 4275 Cui
496 4215 607 4278 minati
640 4231 771 4296 sumne,
794 4216 879 4298 qnod
908 4219 1067 4282 vellemus
1089 4222 1241 4305 conqueri
1264 4221 1303 4284 de
1322 4239 1353 4283 oo

201 4314 328 4378 domino
349 4315 508 4400 Naydarr,
540 4319 706 4400 praefecto
725 4320 928 4402 Jerusalem,
950 4324 1010 4384 sed
1031 4343 1096 4387 non
1118 4329 1246 4389 curavit
1264 4328 1353 4388 verba

205 4425 339 4500 nostra,
363 4429 396 4482 ct
417 4420 594 4483 itareversi
614 4436 732 4482 sumus
748 4423 797 4504 lad
815 4423 984 4502 prandium
1005 4425 1038 4488 in
1059 4411 1200 4491 montem
1208 4429 1317 4514 ‘Syon
