2842 4882
607 287 669 392 dil

48 468 301 532 Hiniselrauam.
344 467 444 532 Porro
471 476 597 532 montes
628 469 669 530 ab
698 474 838 551 utraque
859 475 951 550 parte
982 466 1104 532 vallem
1134 463 1229 530 olau-

51 573 171 636 dentes
207 579 286 635 sunt
306 573 455 636 altissimi
491 574 583 636 saxei
610 580 645 635 et
678 572 798 638 eoloris
837 573 927 636 rubei
957 580 991 636 et
1022 553 1254 652 videbantur,'

49 679 147 762 quasi
171 687 284 740 essent
305 677 376 741 oleo
404 678 541 760 inuncti,
563 679 610 740 ita
637 676 754 740 dabant
793 675 1060 759 resplendendam
1076 679 1115 740 in
1129 677 1229 762 ¹loeis,

50 783 109 845 ubi
134 783 219 846 radii
240 782 321 845 solis
341 800 439 866 rupes
461 783 654 865 tangebant,
684 780 770 844 unde
798 798 849 842 ex·
860 781 1080 844 ammiratione
1100 783 1227 846 aenessl

12 935 13 974 ,
53 887 95 950 ad
121 907 219 950 unam
239 889 391 971 parietem
415 888 523 970 rupis,
544 903 628 972 quae
650 885 860 949 videbatura
880 883 978 968 louge
1000 886 1071 949 oleo
1093 887 1241 960 humeth

51 1002 138 1072 tata,
183 999 218 1056 et
241 1011 337 1056 manu
359 992 586 1075 experientiam
610 993 736 1074 aoeepi,
765 989 843 1054 nihil
874 987 1037 1052 humidum
1062 991 1105 1052 lbi
1143 1005 1227 1072 esse,

50 1097 112 1160 sed
135 1097 299 1161 ex.1rimia
324 1104 488 1179 petrarum
517 1095 707 1179 limpiditate
738 1095 825 1158 illam
853 1093 1122 1180 resplendendam
1144 1091 1229 1176 lapi-

12 1239 14 1294 ,
49 1201 145 1266 dibus
167 1201 331 1282 aoeidere,
352 1203 438 1263 sieut
460 1210 550 1283 patet
572 1202 605 1263 in
630 1201 738 1284 politis
760 1197 932 1280 lapidibus.
1011 1251 1014 1258 .

21 1346 24 1352 ·
138 1305 238 1370 Cirea
270 1305 432 1370 meridiem
471 1305 613 1368 vidimus
640 1305 673 1366 in
707 1304 825 1367 montis
855 1300 1024 1384 eujusdam
1060 1300 1229 1364 eacumina

50 1412 194 1474 bestiam
227 1420 331 1493 stare,
359 1428 443 1494 quae
474 1415 589 1472 eontra
624 1425 685 1472 nos
717 1407 867 1470 deorsum
901 1406 1105 1490 respiciebat.
1155 1406 1230 1496 Nus

51 1536 132 1578 vero
151 1512 240 1579 haue
259 1503 408 1578 uidentes
429 1502 674 1576 aestimavimus
695 1529 770 1574 esse
791 1511 947 1575 camelum
970 1520 1003 1576 et
1024 1511 1226 1595 mirabamur,

52 1621 217 1702 quomodo
248 1618 392 1684 oamelna
418 1621 453 1682 in
480 1617 654 1682 solitudine
675 1619 803 1680 viveret
823 1625 878 1702 et,
899 1619 1034 1681 verbum
1061 1617 1143 1679 inter
1164 1633 1226 1680 noe

12 1789 13 1804 χ
50 1733 156 1787 ortum
182 1733 257 1807 est,
289 1725 453 1788 suetiam
482 1722 598 1787 cameli
628 1720 799 1785 silvestres
819 1719 1058 1805 reperirentur?
1093 1720 1226 1803 culinus

12 1817 13 1822 ’
51 1838 159 1892 autem
184 1829 231 1893 ad
256 1847 317 1892 nos
336 1829 497 1909 accessit,
529 1828 665 1889 bestiam
687 1827 774 1890 illam
803 1827 1032 1890 rhinocerotem
1067 1826 1121 1889 vel
1149 1825 1227 1888 uni-

12 1919 13 1926 *
49 1953 149 1998 eornu
173 1952 255 1997 esse
275 1915 432 2015 assentit,
456 1931 681 1995 demonstrans
702 1932 796 1994 nobis
817 1932 947 1994 uuioum
968 1931 1162 2012 ejusoomu
1185 1928 1227 1992 de

46 2037 153 2100 fronte
174 2038 256 2119 ejus
277 2037 467 2121 prooedans.
504 2035 593 2099 'Cum
619 2052 737 2118 magua
753 2033 924 2116 diligentia
944 2035 1030 2097 haue
1057 2033 1226 2096 nobilissi-

47 2159 132 2203 mam
155 2141 300 2205 bestiam
326 2142 527 2224 respeximus
546 2148 581 2204 et
601 2141 812 2204 vehementer
832 2137 1036 2219 dolebamus,
1053 2136 1139 2220 quod
1161 2155 1225 2198 non

48 2245 232 2328 proximior
250 2245 343 2316 trobis
365 2245 436 2329 init,
451 2248 615 2330 utomagls
637 2245 849 2314 determinata
867 2262 938 2306 eam
955 2242 1221 2326 inspexissemus.

11 2375 12 2378 ¹
48 2349 111 2412 Est
134 2351 224 2412 enim
247 2348 353 2421 bestie
380 2351 462 2413 haee
492 2350 750 2434 singularissima
783 2349 949 2424 in-multis
971 2346 1223 2426 eonditionibus:

49 2454 218 2536 inprimis
241 2452 373 2538 dieitur,
402 2455 487 2542 quod
519 2457 562 2518 sit
590 2455 693 2516 bestia
722 2453 917 2516 saevissima
952 2460 984 2514 et
1005 2471 1103 2515 unum
1123 2467 1223 2513 cornu

49 2568 186 2640 quatuor
210 2557 326 2641 pedum
349 2560 447 2628 habet
467 2559 500 2621 in
523 2555 627 2622 medio
650 2558 764 2621 frontis
798 2558 849 2628 ita
864 2564 995 2620 acutum
1015 2562 1050 2618 et
1070 2555 1222 2637 validum,

49 2671 83 2723 nt
96 2663 252 2750 quidquid
266 2665 393 2747 petierit
404 2673 459 2728 aut
470 2664 615 2743 ventilat,
631 2669 694 2724 'aut
705 2663 846 2745 perforet
877 2680 1014 2744 eumque
1028 2659 1159 2744 [idque]
1183 2643 1223 2722 ad

52 2782 135 2829 saxa
154 2769 271 2858 limat,
302 2777 334 2831 et
355 2779 406 2831 est
427 2767 553 2831 miribel
584 2767 767 2850 splendoris
797 2774 832 2829 et
860 2785 937 2840 ossa
964 2766 1005 2829 de
1035 2767 1091 2830 illo
1123 2783 1223 2828 ooruu

56 2886 129 2931 oum
151 2873 291 2954 gemmis
323 2872 568 2954 pretiosissimis
596 2879 821 2955 computantur
846 2880 880 2935 et
913 2890 1053 2935 aureae
1088 2881 1223 2954 argento

55 2971 282 3055 includuntur3
311 2973 394 3055 (4⁰
402 2984 447 3055 a)
469 2985 579 3040 tautae
599 2985 651 3040 est
674 2974 886 3059 fortitudinis,
917 2977 1059 3039 ut‘nulla
1085 2985 1224 3038 venato-

54 3093 123 3136 rum
142 3086 212 3138 arte
233 3085 288 3139 ant
308 3077 432 3138 virtute
453 3081 616 3163 capiatur,
635 3080 705 3164 sed,
731 3083 815 3145 sieut
837 3089 998 3164 asserunt,
1019 3079 1075 3162 qui
1099 3078 1139 3142 de
1161 3096 1223 3168 na·⁴

54 3182 136 3242 turis
159 3200 263 3242 rerum
285 3183 500 3266 seripserunt,
522 3187 615 3269 virgo
636 3186 743 3268 puelle
764 3185 968 3268 proponitur,
998 3201 1083 3268 quae
1104 3200 1222 3246 oeeur-

55 3284 137 3345 renti
159 3287 263 3347 sinum
285 3287 404 3369 aperit,
426 3287 458 3349 in
481 3306 544 3372 qno
565 3289 620 3352 ille
645 3291 730 3353 omui
763 3290 933 3353 ierooitate
955 3287 1103 3372 deposita
1125 3294 1222 3370 eaput

56 3390 144 3468 ponit
181 3391 295 3475 sieque
322 3401 492 3473 soporatus
514 3393 602 3456 velut
629 3395 760 3456 inermis
789 3395 933 3477 eapiatur
968 3403 1000 3456 et
1023 3394 1222 3456 interimatur

50 3489 168 3570 jaculis
189 3505 388 3558 venatorum.
411 3493 447 3560 Si
468 3505 577 3562 autem
599 3499 727 3562 omnino
747 3499 845 3563 vivus
861 3506 976 3581 eaptus
994 3499 1098 3583 luerit,
1120 3498 1221 3562 teneri

53 3614 115 3658 non
129 3609 236 3681 potest
248 3603 429 3684 impatiens,
451 3611 486 3666 et
506 3603 535 3666 si
551 3603 591 3666 ‘vi
611 3612 767 3687 teneatur,
789 3603 874 3666 illico
894 3622 974 3685 prae
998 3605 1128 3668 tristitia
1149 3623 1220 3666 mo·

53 3699 142 3785 ritur,
164 3707 242 3789 qnia
262 3707 377 3769 animal
396 3707 591 3780 indomabile
613 3715 673 3768 est.
703 3707 782 3770 'l'am
806 3708 896 3770 fortis
907 3717 967 3792 est,
989 3718 1026 3773 ut
1051 3707 1220 3791 Scriptura

54 3819 147 3869 saera
166 3810 263 3873 Num.
285 3812 338 3876 ἢ
382 3813 443 3874 Dei
465 3811 683 3876 fortitudinem
704 3811 736 3873 ei
757 3821 933 3896 comparet3
954 3823 986 3876 et
1007 3816 1053 3877 ita
1072 3812 1221 3876 indoma-

54 3903 144 3990 bilis,
173 3913 369 3980 ittonae.
399 3913 540 3980 dieatur:
572 3934 743 3999 numquam
773 3916 959 4000 alligabitur
994 3916 1036 3980 ad
1065 3914 1219 3992 urendum¹

54 4007 306 4080 rhinocerontem
338 4019 407 4082 loro
435 4028 490 4083 tuo
522 4028 582 4083 ete
625 4021 669 4083 Et
700 4021 808 4084 David
849 4021 882 4084 iu
916 4023 996 4086 libro
1026 4021 1222 4103 psalmorum

57 4106 99 4169 de
119 4116 272 4183 unicornu
306 4122 448 4206 loquitur
476 4125 509 4186 in
531 4125 616 4187 bons
648 4125 884 4208 significatione
905 4134 937 4188 et
967 4123 1002 4187 in
1023 4122 1116 4186 mala.
1158 4121 1222 4183 bist

55 4214 139 4279 enim
168 4223 285 4286 animal
308 4244 478 4310 magnum,
510 4231 628 4310 equino
658 4246 808 4311 corpore,
837 4227 1051 4312 elephantinis
1072 4223 1219 4309 pedibus,

55 4317 157 4384 cauda
175 4325 289 4410 suilla,
319 4319 417 4395 buxei
437 4331 573 4413 eoloris,
612 4332 736 4415 mugitu
765 4332 944 4414 horridum,
983 4331 1102 4395 bellum
1121 4331 1220 4394 habet
