2842 4882
576 263 594 319 ’.
634 253 699 319 tta

47 438 184 521 aliquis
206 445 335 521 pastor,
371 445 407 501 ut
429 436 568 500 ulterius
586 445 697 527 eontra
720 443 859 498 montem
888 434 992 520 Synai
1013 435 1145 500 intraret
1167 454 1240 500 oum

50 561 195 626 grege,
230 544 307 627 quia
334 541 462 624 publiea
498 541 585 602 lama
606 549 695 623 erat3
727 539 818 622 quod
836 558 929 602 mous
960 539 1015 603 ille
1036 549 1126 604 esset
1148 559 1241 610 mons

58 647 132 709 Dei
161 655 197 708 et
229 647 319 712 Deus
341 647 502 708 habitarat
521 647 555 707 ln
577 661 632 730 ⁰⁰3
655 644 777 708 ideireo
797 663 892 708 tremo
914 644 1070 708 aooedere
1092 644 1240 735 audebat,

18 807 19 816 ,
54 752 244 834 praecipue
266 767 338 814 oum
362 749 463 833 aliqui
486 751 644 812 intrantes
674 767 739 812 non
772 749 889 812 luerint
910 749 1048 831 amplius
1068 749 1149 830 visi,
1180 749 1241 814 sed

18 885 20 926 i
53 858 185 918 mortni
207 864 394 917 manserunt
428 857 528 917 intus.
570 855 621 916 Ex
649 874 712 937 quo
747 863 850 937 patet,
873 853 964 936 quod
991 861 1068 916 ante
1099 857 1240 937 Moysen

18 993 20 1034 ι
52 969 128 1024 erat
154 960 248 1024 loeus
268 968 303 1020 et
326 977 418 1020 mous
440 961 474 1020 in
498 959 621 1022 honore
642 959 790 1040 habitus,
812 957 872 1021 sed
893 975 966 1020 eum
989 958 1098 1024 multis
1129 962 1240 1042 genti-

18 1085 20 1140 t
52 1066 138 1128 lium
166 1064 461 1150 superstitionibus.
506 1061 643 1140 Quidam
667 1063 751 1125 euim
774 1062 939 1144 dicebant,
970 1062 1060 1124 Deos
1083 1063 1237 1126 montium

18 1207 21 1248 ,
54 1167 234 1232 (lrohades
256 1169 299 1229 ibi
321 1175 515 1230 conventum
538 1169 656 1230 babere
689 1176 722 1230 et
743 1168 904 1230 neminem
935 1169 1101 1230 viventem
1123 1185 1235 1232 seeum

18 1313 22 1356 ,
56 1275 150 1357 pati,
179 1272 273 1344 etab
308 1272 359 1334 his
395 1273 491 1334 etiam
527 1281 652 1335 montes
683 1270 830 1336 Orohdes
866 1270 1123 1334 denominabant.
1167 1269 1236 1334 Alii

18 1421 21 1462 ,
56 1377 233 1458 dicebant,
265 1374 350 1459 quod
387 1367 478 1438 mons
512 1375 567 1438 ille
602 1375 743 1458 Apollini
777 1384 988 1440 consecratus
1027 1383 1137 1458 esset,
1176 1375 1232 1458 qni

18 1527 22 1568 ,
50 1465 171 1544 ¹fuerat
200 1490 309 1563 pastor
337 1482 471 1543 armenti
499 1480 646 1561 Admeti,
670 1483 757 1562 regis
778 1481 983 1562 Thessaliae,
1007 1489 1040 1544 et
1062 1480 1153 1542 Deus
1174 1498 1232 1542 sa-

18 1634 21 1675 ,
58 1587 205 1668 pientiae
226 1585 343 1650 laetus.
388 1586 451 1650 Alii
474 1587 623 1668 Mopsum
647 1585 688 1646 ibi
711 1586 929 1668 honorabant,
962 1588 1017 1668 qui
1038 1587 1151 1669 grineo
1171 1584 1232 1650 de-
1276 1621 1286 1646 ι

18 1741 21 1786 ,
59 1703 162 1787 serto,
181 1701 328 1774 praeerat
356 1701 389 1754 et
420 1699 496 1774 post
525 1699 659 1754 mortem
689 1708 846 1772 responsa
866 1709 909 1752 ex
930 1690 1060 1774 templis
1087 1691 1133 1754 ibi
1154 1709 1236 1754 oon·

18 1847 21 1890 ,
60 1798 197 1859 structis
226 1795 334 1864 dabat.
376 1795 514 1878 Moyses
537 1796 588 1857 vir
618 1793 725 1857 tidelis
744 1794 851 1896 ,aliter
873 1794 913 1856 de
935 1796 996 1858 hoo
1026 1804 1134 1858 monte
1155 1813 1235 1857 sen·
1281 1805 1284 1813 ⁴

18 1955 21 1994 Ι
63 1903 182 1965 tiebat:
226 1900 407 1962 eratenim
440 1901 536 1963 homo
563 1899 843 1982 sapientissimus,
876 1902 931 1981 qui
952 1901 1087 1982 primum
1110 1898 1234 1962 litteras

65 2004 206 2070 Judaeis
230 2001 375 2087 tradidit,
412 2022 432 2065 a
461 2004 578 2085 quihus
613 2004 796 2068 Phoenices
830 2021 909 2066 suas
940 2012 1134 2086 aeceperunt
1160 2013 1235 2068 eta

18 2165 20 2208 Ι
63 2109 282 2175 Phoenicibus
315 2105 451 2190 Graeci,
484 2117 519 2169 nt
549 2108 624 2172 dicit
650 2108 808 2191 Eupolius
839 2107 1059 2191 philosophus
1103 2106 1171 2170 Sed
1201 2116 1234 2170 et

66 2234 159 2279 arma
181 2213 296 2276 hellioa
317 2231 389 2274 eum
411 2212 578 2275 irtvenisse
598 2213 736 2276 affirmat
759 2222 790 2274 et
812 2212 936 2274 litteras
956 2212 1101 2295 Aegypti
1121 2229 1234 2274 saeer-

65 2322 195 2406 dotibus
225 2316 398 2381 tradidisse
418 2325 608 2401 tantumque
635 2316 720 2400 apud
741 2317 926 2402 Aegyptios
947 2316 1066 2399 fuisse,
1098 2324 1132 2379 ut
1160 2335 1233 2378 eum

18 2481 19 2508 ,
64 2425 260 2490 Mercurium
282 2439 358 2484 esse
377 2422 530 2485 dieereut.
573 2424 712 2505 lnsnper
733 2421 804 2505 ejus
835 2422 969 2484 formam
998 2421 1151 2494 describit
1182 2419 1234 2483 di·

65 2549 158 2612 cens,
182 2548 255 2592 eum
283 2528 444 2591 hominem
475 2527 605 2609 longum
629 2526 744 2604 luisse,¹
762 2527 892 2611 flavum,
914 2546 1039 2610 eanum,
1061 2527 1234 2610 prolixiore

66 2632 181 2718 oapillo
202 2651 242 2696 ao
262 2633 376 2713 barba,
397 2639 523 2698 statura
548 2639 581 2693 et
604 2631 687 2694 l'aoie
713 2630 879 2714 dignitatis
907 2625 1133 2714 permaximhe.
1168 2631 1233 2694 llio
1267 2658 1269 2666 ·

67 2757 143 2820 ergo
164 2737 214 2799 vir
241 2719 399 2816 insignis,
433 2753 523 2819 cum,
554 2741 591 2796 ut
612 2735 731 2798 dietum
739 2781 749 2818 ,
782 2735 823 2798 ah
849 2735 1002 2818 Aegypto
1033 2736 1177 2822 mutuet
1198 2743 1233 2797 et

66 2843 99 2906 in
120 2841 182 2903 hoo
206 2839 278 2903 loeo
307 2856 426 2920 greges
456 2847 619 2921 pasoeret,
646 2838 727 2922 (42
737 2845 783 2918 a)
820 2838 906 2902 hand
941 2838 1039 2902 dubie
1068 2837 1232 2922 aSpiritu

67 2954 178 3007 saneto
198 2943 371 3025 instigatus
394 2959 549 3026 persaepe
570 2944 612 3007 ad
643 2947 756 3008 intima
777 2943 898 3006 deserti
927 2954 1112 3026 penetrare,
1146 2951 1232 3006 tem·
1287 2985 1289 2992 ι

69 3067 147 3132 pore
178 3048 250 3111 Deo
280 3045 399 3130 plaoito
443 3051 514 3108 eu'm
539 3065 600 3111 suo
629 3067 731 3132 grege
752 3047 792 3111 id
824 3049 975 3110 interiora
1005 3049 1168 3130 prooessit
1189 3044 1232 3108 ad

71 3147 194 3211 radices
226 3151 344 3212 montis
381 3151 511 3234 saneti,
534 3155 620 3216 stou
652 3154 783 3237 patebit.
826 3151 898 3215 Nos
925 3170 1002 3235 ergo
1031 3151 1135 3214 adhue
1167 3150 1232 3214 ista

69 3261 161 3316 rroole
182 3253 262 3318 loris
283 3255 476 3339 nausimus,
498 3257 676 3340 ingressuri
697 3277 769 3321 oum
789 3257 908 3339 Moyse
929 3258 963 3318 in
985 3257 1170 3325 crastinum.

204 3487 317 3592 Dicta
345 3485 553 3562 delicabilia
577 3499 726 3590 propter
750 3513 879 3565 manna
902 3490 1108 3565 inventum

148 3669 316 3732 vicesima
348 3665 494 3730 seouuda
527 3667 597 3753 die,
626 3689 710 3754 quae
745 3677 796 3732 est
823 3669 940 3734 festum
969 3670 1005 3734 S.
1032 3671 1176 3737 Mauritii
1196 3683 1230 3738 et
1288 3703 1291 3710 ·

74 3771 222 3834 sociorum
251 3772 342 3854 ejus,
371 3770 469 3833 valdo
489 3789 584 3835 ruane
614 3775 875 3840 consurreximus
897 3785 929 3838 et
950 3779 1092 3842 elimatis
1116 3779 1230 3842 bestiis
1288 3813 1290 3818 ·

74 3874 193 3936 stellam¹
212 3877 422 3940 beatissimae
444 3877 592 3960 ¹virginio
621 3877 656 3940 S.
688 3879 902 3959 Cathariuae,
937 3897 1022 3962 quae
1048 3898 1149 3961 prope
1170 3898 1230 3944 nos

73 3983 156 4039 sture
173 3978 360 4062 videbatur,
382 3984 487 4046 seouti
506 3997 619 4046 sumus
642 3990 674 4044 et
698 3989 812 4044 eontra
830 3983 971 4064 parietes
993 3984 1149 4044 montium
1170 4000 1231 4046 uus

73 4082 337 4146 circumstantium
358 4089 587 4172 prooessimns.
632 4083 714 4148 Cum
739 4075 846 4149 autem
868 4085 909 4148 ad
931 4085 1086 4168 parietem
1108 4087 1252 4166 petrosi.

71 4186 179 4248 montis
199 4187 422 4274 venissemus,
457 4190 642 4254 invenimus
670 4190 848 4252 soissuram
876 4198 989 4272 petrae
1025 4193 1149 4250 aretum
1177 4188 1231 4254 iu-
1285 4273 1286 4278 ἵ

71 4303 208 4372 gressum
229 4293 450 4380 praebentem,
472 4309 649 4380 perquem
671 4300 708 4358 et
730 4291 869 4377 Moyses
888 4295 1058 4386 ingressus
1078 4307 1153 4358 oum
1168 4311 1230 4362 suo

172 4417 177 4430 ,
491 4413 500 4430 χ
736 4397 756 4426 *i
