2842 4882
172 366 277 416 navos
296 355 495 432 exspectare.
526 341 734 432 ,tumtun
743 353 790 427 a)
815 347 1028 446 ipteudebaut
1048 352 1185 418 transire
1204 354 1250 418 ine
1268 353 1378 420 Cai-

167 475 244 520 tum
272 463 305 516 et
325 451 486 538 deJCairo
515 471 574 537 per
595 471 683 518 oram
704 455 803 518 meris
824 456 912 520 rubri
933 456 1111 520 ascendere
1130 479 1188 544 per
1206 461 1372 526 Madian

172 559 215 624 ad
236 567 376 624 montem
403 557 508 642 Synai
542 568 576 622 et
607 577 646 622 eo
677 559 810 624 visitato
841 563 965 626 reverti·
980 565 1015 626 in
1034 564 1223 648 Aegyptum
1248 575 1290 629 et
1317 566 1370 630 ad

171 682 270 729 mars.
312 663 425 750 Aliqui
454 663 608 730 volebant
635 683 767 728 manera
786 667 821 729 in
849 664 944 732 Gaza
965 684 1071 753 usque
1100 669 1142 733 ad
1163 670 1369 736 convales-

170 769 312 842 contium
341 777 374 832 st
407 775 486 832 tune
516 787 574 852 per
601 768 688 834 dam
721 787 814 833 suam
835 771 1009 853 proticisci.
1051 773 1183 857 Reliqui
1204 795 1298 838 vero
1324 777 1366 839 in

169 876 335 960 proposito
368 874 470 958 primo
491 875 681 956 manebant,
699 875 736 937 ut
754 874 862 938 statim
888 879 924 939 iu
945 877 1118 941 erastinum
1148 879 1363 962 proficisce-

166 990 300 1063 eantur,
319 965 384 1043 nob
405 979 573 1063 obstante,
593 979 680 1065 quod
701 989 817 1044 essent
832 980 968 1050 debiles.
1008 983 1097 1047 lnter
1117 985 1200 1048 baec
1220 1004 1360 1069 magna

170 1087 260 1152 iacta
280 1085 342 1148 tuto
363 1083 481 1148 divisio
512 1087 596 1149 inter
615 1089 807 1175 peregrinos
836 1095 870 1150 et
890 1085 1042 1160 discissio
1067 1090 1286 1172 societatum,
1317 1099 1357 1154 et

171 1191 305 1275 quilibet
341 1188 488 1254 adhaesit
505 1189 582 1274 llll,
617 1191 674 1274 qui
707 1189 898 1274 conceptum
932 1191 996 1254 sibi
1026 1193 1122 1256 etiam
1154 1194 1352 1277 placentem

166 1297 432 1380 excogitaverat,
454 1304 491 1358 ut
510 1311 656 1360 seorsum
680 1297 919 1380 practicabant,
940 1297 987 1360 illi
1013 1297 1076 1362 dno
1097 1299 1175 1383 boc,
1196 1299 1254 1361 alii
1279 1297 1350 1362 duo

169 1400 267 1482 illud,
295 1400 417 1462 caeteri
438 1399 542 1484 aliud,
565 1409 598 1464 et
622 1400 783 1467 desoluto
812 1402 874 1467 tuit
898 1404 1002 1466 omnis
1023 1403 1189 1468 harmonia
1209 1403 1347 1466 ononis

169 1515 310 1570 nostrae.
355 1502 437 1568 Cum
457 1507 522 1569 ista
534 1521 621 1588 ergo
642 1523 753 1569 amara
773 1504 996 1590 inquietudine
1016 1509 1166 1573 transivit
1186 1507 1245 1570 illa
1268 1507 1345 1570 dies

169 1609 301 1692 infelix,
329 1627 391 1672 nec
424 1611 487 1675 boe
513 1610 565 1674 die
592 1610 736 1674 vidimus
759 1618 904 1676 uostmm
934 1613 1280 1698 Trutsobelmannum,
1310 1621 1343 1674 et

168 1715 232 1782 boo
249 1715 342 1779 nobis
362 1717 585 1800 augmentavit
604 1716 809 1803 suspiciones
832 1716 873 1781 de
892 1735 932 1784 ao
951 1727 1133 1804 conceptas.

219 1935 331 2018 Nova
357 1933 632 2040 peregrinorum
657 1897 862 2038 cunJ‘uratio
896 1948 981 2042 post
1004 1939 1289 2042 praecedentem
1409 1957 1410 1972 ¹

385 2057 728 2136 oonoommotionem
752 2068 791 2177 et
813 2059 1113 2162 pacificationem.

251 2242 377 2306 Octava
398 2239 451 2304 die
481 2239 586 2302 illuxit
609 2238 752 2322 jocunda
773 2249 806 2304 et
837 2240 916 2304 felix
941 2241 1015 2324 lux,
1051 2241 1102 2306 de.
1124 2260 1190 2326 qua
1218 2241 1332 2308 dieitur

166 2348 198 2412 a.
219 2337 366 2410 Maccab.
391 2348 435 2410 l.:
458 2343 535 2428 Sol,
556 2345 612 2427 qui
640 2345 729 2428 prius
752 2354 820 2409 erat
852 2346 885 2408 in
906 2346 1037 2438 nubilo,
1058 2347 1133 2410 oriri
1153 2347 1248 2431 visps
1269 2357 1326 2410 est.

166 2452 267 2514 lleata
288 2453 407 2533 quippe
417 2449 521 2534 Virgo
546 2451 651 2541 Maria
671 2467 732 2513 sna
752 2450 989 2538 gloriosissima
1011 2453 1183 2516 nativitate
1204 2472 1325 2516 omnem

165 2555 356 2637 caliginem,
388 2545 515 2616 omnem
544 2555 777 2636 turbationem,
809 2573 938 2618 omnem
957 2555 1098 2638 donique
1115 2556 1324 2618 infirmitatem

164 2664 205 2724 ab
227 2659 374 2722 omnibns
396 2656 562 2741 effugavit.
605 2660 679 2723 Neo
701 2659 773 2723 dico
797 2661 862 2723 ista
881 2660 1065 2743 parabolice
1071 2707 1082 2745 ,
1104 2661 1165 2726 sed
1181 2676 1253 2723 vere
1274 2658 1318 2720 ita

165 2766 293 2831 evenit
325 2762 589 2850 Nam'surgente
608 2781 723 2829 aurora
745 2763 884 2831 diximus
916 2783 977 2829 nos
1006 2766 1193 2831 sacerdotes
1219 2771 1320 2826 mutu-

165 2873 252 2936 tinas
274 2879 305 2933 ot
327 2871 447 2952 primas
468 2880 500 2933 et
521 2871 622 2934 altare
643 2851 787 2934 uost'rum
809 2873 1074 2953 praeparavimus
1094 2871 1137 2934 ad
1155 2871 1323 2934 Missurum

162 2979 319 3043 solemnia
339 2977 532 3043 celebranda
553 2965 725 3042 ot‘omnes
748 2984 815 3039 tres
836 2976 1025 3044 successive
1044 2977 1170 3040 Missae
1181 2975 1323 3040 Officium

163 3083 302 3166 legimns
326 3083 368 3146 de
389 3082 566 3144 testivitate
587 3080 728 3144 instante
749 3089 782 3142 ot
803 3081 1042 3164 orationespro
1067 3081 1322 3146 convalescentia
1409 3069 1410 3114 ἢ

164 3188 358 3251 infirmorum
378 3195 557 3250 nostrornm
579 3193 613 3247 ot
640 3204 699 3268 pro
718 3183 815 3248 felice
846 3186 1050 3274 itineratione
1082 3187 1265 3269 accepimus
1292 3193 1323 3250 et

60 3283 61 3290 '
162 3295 214 3356 bis
239 3293 353 3355 Missis
374 3311 487 3356 omnes
508 3290 669 3374 peregrini
694 3291 876 3372 astiterunt,
899 3293 994 3354 etiam
1015 3291 1082 3375 illi,
1111 3291 1163 3373 qui
1190 3290 1262 3353 beri
1293 3300 1321 3354 et

162 3396 280 3459 nudius
302 3398 416 3460 tertius
432 3396 625 3460 videbantur
646 3395 739 3457 morti
760 3396 951 3478 propinqui,
977 3414 1052 3460 oum
1080 3395 1201 3478 ingenti
1222 3395 1321 3462 devo·

161 3502 250 3564 tione
271 3508 303 3564 et
324 3501 499 3586 gratiarnm
521 3497 658 3582 actione,
680 3499 801 3563 relictis
822 3489 961 3583 lectulis,
983 3500 1078 3564 flexis
1099 3501 1252 3584 genubus
1271 3500 1317 3562 at-

161 3607 290 3673 fueruot
321 3623 425 3690 nsque
457 3605 498 3669 ad
531 3606 637 3668 finemz
685 3603 803 3668 Finitis
834 3611 941 3668 autem
963 3605 1078 3668 Missis
1106 3623 1165 3688 pro
1195 3602 1311 3688 prandio

159 3712 369 3775 instruximus
401 3718 433 3772 et
466 3729 554 3774 more
586 3709 681 3773 solito
709 3705 854 3784 coximus
882 3718 916 3772 et
947 3709 1233 3792 manducavimus,
1259 3723 1314 3770 nec

159 3816 221 3881 fuit
243 3816 379 3899 amplius
402 3817 551 3879 memoria
573 3815 765 3900 praeteritae
786 3813 976 3898 divisionis,
1003 3815 1062 3878 sed
1078 3816 1120 3879 de
1139 3833 1225 3880 novo
1246 3832 1318 3878 eou-

155 3921 337 4004 juravimus
362 3939 474 3984 omnes
504 3922 600 3985 simul
618 3939 679 4003 par
701 3918 862 3982 desertum
884 3921 917 4004 in
938 3919 1093 3984 Arabiam
1125 3918 1166 3983 ad
1188 3928 1321 3982 montem

158 4023 261 4107 Synai
281 4043 418 4108 pergere
439 4034 472 4087 et
498 4027 592 4089 simul
614 4028 728 4089 vivere
749 4033 784 4088 et
811 4026 906 4108 mori,
938 4043 1001 4088 neo
1025 4025 1186 4088 lulirmnm
1212 4040 1322 4105 quem-

159 4145 297 4210 eumque
312 4128 470 4190 vellemus
491 4139 565 4209 post
579 4149 640 4192 nos
654 4130 844 4212 relinquere,
865 4131 925 4194 sed
943 4132 976 4192 in
992 4129 1186 4194 camelorum
1206 4130 1321 4210 sportis

158 4245 272 4288 omines
291 4229 325 4289 in
344 4229 446 4292 asinis
467 4228 584 4293 sedero
604 4252 668 4296 non
689 4214 1026 4315 potentes‘nobisoum
1049 4234 1176 4315 (lucete.
1213 4234 1250 4296 ln
1269 4233 1322 4298 illo
