2842 4882
715 93 723 128 ι

642 215 775 292 tta-

49 411 307 494 mergebantur
326 427 385 493 pro
408 429 458 493 ao,
483 407 573 494 quod
595 409 712 472 humus
734 415 804 470 erat
824 407 947 493 limosa,
965 418 998 472 et
1010 409 1110 474 lutum
1123 408 1257 474 densam

56 524 100 578 et
136 525 260 597 tenax,
293 518 346 578 cui
375 513 591 596 infigebantur
605 515 708 577 ,cervi
737 531 809 576 cum
842 531 948 583 curru.
993 512 1089 592 Quod
1120 531 1257 578 cernens

51 606 183 682 Diana
203 619 381 682 Herculem
402 617 539 681 advocat
559 619 593 680 iu
614 619 666 681 sni
687 616 890 700 adjutorium,
912 619 970 702 qui
990 638 1071 682 mox
1090 608 1258 681 advocatis

54 723 203 786 'l'itauis
223 725 359 806 imperat
381 726 430 787 cis
448 723 552 805 jussis
575 723 798 808 obtemperare
818 723 953 805 Dianae,
970 742 1054 807 quae
1068 725 1116 786 uti
1131 726 1258 788 viarum

60 846 218 910 praeses
244 838 277 890 et·
298 829 454 890 montium
479 827 540 891 dea
561 829 730 910 imperavit
752 827 854 890 lutum
887 837 992 892 terrae
1019 827 1199 910 coagulari,
1224 835 1258 890 et

9 939 10 978 t
58 933 217 1014 coagula
238 934 300 995 sibi
322 934 463 995 invicem
487 932 665 1016 superponi
686 935 726 994 ab
753 940 889 1016 utraque
911 941 1012 1016 parte,
1033 943 1205 1016 autequam
1223 933 1256 996 iu

9 1047 11 1086 t
59 1050 160 1098 saxa
187 1055 245 1118 per
279 1036 381 1099 solem
403 1045 625 1118 coquerentur.
668 1035 725 1098 Sic
745 1053 822 1118 ergo
844 1039 950 1100 'l'itaui
971 1037 1125 1100 montium
1146 1043 1257 1117 porta-

61 1145 167 1202 tores
191 1141 318 1223 magnis
341 1141 487 1223 coagulis
508 1142 675 1222 congestis
703 1143 774 1224 ipsa
801 1143 937 1224 coagula
960 1140 1101 1204 nondum
1123 1140 1257 1204 decocta

9 1259 12 1320 ι
60 1254 357 1308 coacervaverunt
386 1246 427 1308 ab
448 1254 583 1328 utraque
605 1251 713 1328 parte,
742 1254 775 1308 et
801 1248 938 1331 coagula
962 1245 1120 1318 iuferiora
1139 1261 1256 1327 pressa

9 1367 13 1406 ι
63 1365 89 1409 a
116 1349 341 1432 superioribus
364 1370 405 1412 ex
425 1348 569 1432 pondere
589 1359 664 1411 sunt
687 1349 773 1412 iacta
795 1353 997 1436 extensione,
1020 1351 1075 1433 ita,
1097 1349 1183 1434 quod
1201 1350 1255 1412 iu-

9 1455 13 1512 ι
62 1451 170 1514 fimus
192 1452 270 1516 ordo
288 1455 494 1538 coagulorum
515 1463 566 1517 est
586 1454 745 1518 latissime
758 1462 924 1538 extensus,
945 1456 1109 1520 secundus
1134 1455 1252 1537 miuus,

9 1575 12 1616 t
66 1557 190 1620 tertius
212 1557 316 1628 adhuc
338 1562 455 1644 minus,
477 1558 643 1642 usquead
665 1579 835 1644 summum,
856 1562 890 1630 in
910 1579 975 1645 quo
997 1561 1102 1624 frusta
1119 1569 1152 1622 et
1173 1577 1253 1623 coa·

9 1671 11 1728 ι
68 1659 156 1742 gula
180 1660 331 1726 videntur
349 1673 438 1750 stare
459 1667 602 1750 integra,
632 1673 666 1726 et
687 1664 732 1727 ita
755 1665 841 1730 lacta
862 1665 989 1728 videtur
1011 1683 1087 1728 esse
1119 1661 1252 1730 illuvie

9 1795 11 1832 t
67 1774 104 1828 et
127 1751 311 1850 coagulatio
334 1770 486 1832 montium
513 1769 610 1851 juxta
630 1769 735 1851 viam3
757 1748 822 1833 uon
842 1773 928 1832 euim
952 1779 1030 1833 suut
1052 1777 1177 1835 montes
1197 1767 1253 1830 isti

9 1901 11 1940 ι
69 1871 154 1944 facti
182 1891 241 1953 per
263 1875 540 1952 coacervationem
570 1881 749 1957 petrarum,
781 1869 865 1936 siout
892 1869 949 1936 alii
967 1882 1094 1936 montes
1117 1871 1249 1955 petrosi,

70 1973 135 2036 sed
153 1994 212 2057 per
232 1974 370 2059 coagula
389 1987 494 2040 terrae
515 1979 688 2064 argillosae
710 1977 850 2042 nondum
869 1977 1034 2041 desiccata
1052 1987 1084 2039 et
1104 1975 1252 2058 decocta,

9 2113 12 2154 Ι
73 2075 273 2158 scdpostea
293 2080 449 2144 indurata.
492 2084 533 2145 tut
562 2085 595 2146 in
628 2082 690 2146 hae
712 2083 821 2145 labnla
841 2081 971 2144 videtur
991 2081 1147 2144 montium
1168 2081 1251 2142 isto-

9 2217 12 2258 1
74 2201 148 2244 rum
171 2181 285 2264 ligura.
316 2186 417 2266 Igitur
438 2187 531 2254 nobis
552 2186 802 2270 procedentibus
816 2186 1014 2268 perlongum
1031 2186 1118 2249 illam
1133 2183 1250 2247 vallem

9 2353 10 2364 χ
73 2285 215 2348 vidimus
241 2279 365 2379 turbam
387 2308 534 2373 maguam
557 2291 721 2356 homiuum
742 2311 816 2355 cnm
838 2292 1022 2354 mulieribus
1045 2299 1077 2352 et
1095 2287 1250 2374 parvulis,

75 2408 147 2452 cam
171 2392 324 2476 camelis,
344 2395 446 2458 asinis
478 2405 509 2458 et
532 2399 625 2480 equis
647 2397 688 2459 ad
710 2397 849 2459 radicem
875 2396 992 2458 montis
1013 2404 1100 2458 stare
1119 2402 1250 2477 paratos

76 2487 170 2558 nobis
193 2515 371 2566 occurrere.
404 2499 484 2563 Cum
501 2510 607 2564 autem
630 2502 679 2564 eis
698 2489 1094 2585 appropinquavissemus,
1114 2515 1249 2581 procas-

76 2608 189 2662 seruut
211 2602 285 2666 viri.
300 2605 334 2665 in
364 2621 542 2677 occursum*
567 2614 709 2668 nostrum
743 2625 816 2668 cum
849 2605 1012 2669 iracundis
1040 2605 1187 2686 gestibus
1215 2609 1250 2664 et

78 2705 212 2766 vocibus
235 2715 267 2768 et
288 2716 480 2792 accurentes
502 2709 690 2775 invaserunt
717 2713 819 2795 primo
841 2710 983 2773 camelos
1003 2719 1036 2771 et
1056 2695 1248 2791 disligantes

79 2827 175 2871 otrera
195 2809 363 2874 solvemut
385 2819 417 2873 et
437 2831 536 2876 unum
558 2814 599 2876 de
620 2817 728 2878 saccis
746 2817 989 2897 paximatiorum
1006 2812 1167 2876 sciderunt
1187 2829 1248 2892 pa-

9 2953 10 2958 1
80 2909 278 2998 ximatesque
299 2917 331 2976 iu
354 2923 471 2979 terram
494 2917 644 2980 fuderunt
664 2919 698 2980 iu
716 2915 847 3002 impetu,
864 2938 946 3003 quos
963 2919 1121 2981 foeminae
1138 2934 1247 2978 eorum

82 3027 114 3079 et
136 3019 225 3098 pueri
246 3019 454 3104 collegemut,
472 3032 502 3085 et
524 3022 566 3086 ad
585 3024 666 3086 haec
684 3023 970 3086 dissimulaverunt
983 3023 1083 3086 nostri
1096 3021 1246 3084 ductores

51 3209 55 3218 1
83 3121 258 3203 etquidem
280 3123 321 3185 de
343 3128 462 3188 nastris
483 3126 665 3190 camelariis
689 3145 745 3189 eos
771 3127 938 3191 detrahere
959 3128 1063 3211 spolia
1080 3127 1243 3208 juverunt.

82 3229 161 3290 llum
181 3228 286 3290 autem
308 3231 411 3292 nostri
443 3230 592 3296 ductores
614 3233 771 3296 clamores
796 3243 924 3297 nostros
952 3253 1017 3296 uon
1041 3229 1247 3294 au‘imadver·
1349 3239 1352 3246 ’
1402 3225 1411 3311 J

83 3339 180 3395 terent
211 3341 243 3394 et
271 3340 382 3396 nostra
409 3337 563 3417 paulatim
592 3336 869 3420 dispergerentur,
902 3339 1098 3401 accurrimus
1124 3351 1185 3397 nos
1213 3341 1246 3395 et

82 3455 189 3501 saccos
211 3437 457 3520 paximatiorum
488 3441 529 3503 de
562 3443 709 3505 manibus
739 3462 847 3506 eorum
881 3443 1060 3504 evulsimus
1088 3441 1122 3503 vi
1144 3447 1176 3501 et
1198 3438 1246 3530 eis

83 3543 186 3618 durum
211 3551 244 3604 et
266 3541 421 3608 audacem
442 3545 567 3608 vultum
590 3545 798 3610 ostendimus.
831 3548 905 3608 Hoc
923 3555 1028 3608 autem
1049 3563 1121 3607 cum
1141 3541 1246 3606 vidis·

82 3658 157 3730 seut,
179 3657 394 3711 cessaverunt
416 3650 611 3722 aviolentia
642 3659 676 3712 et
700 3655 733 3713 iu
757 3640 905 3714 Calinum
938 3650 1090 3712 conversi
1111 3665 1183 3712 cunr
1206 3667 1245 3712 ca

85 3751 243 3814 durissime
264 3751 485 3838 litigaverunt,
509 3765 597 3838 puto,
620 3756 705 3838 quod
727 3775 801 3820 eum
822 3755 1013 3837 invaserint,
1029 3754 1105 3837 quia
1121 3752 1246 3813 noscis

87 3857 227 3917 resistere
247 3857 437 3939 permiserit.
481 3858 685 3923 Attraximus
714 3869 818 3938 autem
845 3876 956 3921 enarres
986 3876 1039 3920 res
1053 3874 1092 3917 ,ιι
1112 3849 1245 3916 camelis

88 3957 219 4040 dejectas
241 3959 281 4022 ad
305 3979 365 4024 nos
386 3971 418 4024 et
440 3974 562 4026 armata
586 3981 682 4026 uranu
702 3963 972 4026 circumstetimus
995 3955 1244 4024 ad'cnstodien-

88 4061 169 4144 dnm,
187 4064 371 4128 mulieribus
394 4075 501 4130 tamen
530 4077 562 4130 et
583 4068 758 4132 infantibus
780 4065 1021 4128 accurrentibus
1049 4077 1152 4146 panes
1179 4069 1242 4124 nou

89 4165 319 4250 denegavimus.
363 4171 499 4237 Calinus
521 4183 628 4238 autem
648 4171 834 4235 hortabatur
855 4187 926 4254 nos,
948 4188 991 4231 ue
1003 4177 1137 4232 tenaces
1148 4183 1243 4228 esse·

89 4287 159 4354 mus,
178 4272 236 4335 sed
258 4274 340 4340 iuter
361 4296 421 4340 nos
442 4287 550 4342 texam
578 4294 787 4361 poneremus,
808 4295 871 4360 qua
899 4274 1030 4359 quilibet
1051 4272 1241 4356 peregrinus
