2954 4914
121 551 328 646 Maliensem
348 549 851 638 hortum¹belsami1venhpmua
867 570 928 618 nos
958 553 1056 618 eitius
1074 526 1155 618 ‘inda
1181 553 1298 620 tollere

120 659 319 743 dignaretur,
346 667 379 721 et
399 656 563 740 Cliayrum
589 657 804 738 introducere,
822 667 859 746 ,et
879 657 955 722 inde
973 660 1084 722 stetim
1105 679 1162 742 per
1182 660 1293 729 Nilum
1338 709 1350 718 .

123 766 158 828 in
180 763 411 829 Alexandriam
427 765 574 848 mittere,
598 764 866 844 ne'coutiugsret
887 781 947 825 nes
968 781 1072 827 naves
1090 764 1291 828 Alexandri-

122 887 184 947 nas
205 869 406 933 deVenetiis
428 867 606 951 negligere
628 868 853 931 Haecemnia
872 870 967 930 nouis
987 869 1136 950 premisit
1155 869 1293 934 fideliter

122 993 162 1038 se
183 975 359 1058 facturum,
395 981 428 1036 et
452 973 564 1036 inulta
583 973 676 1055 plura
698 971 834 1054 adjecit,
870 974 987 1055 quibus
1008 973 1106 1036 valde
1137 976 1294 1040 conselati

122 1079 252 1142 liumus.
295 1079 347 1142 Ile
368 1079 432 1142 lice
460 1079 533 1141 vim
555 1077 650 1160 plura
680 1084 808 1139 restant
841 1075 978 1140 dicenda
998 1094 1058 1147 suo
1080 1079 1168 1162 keo,
1200 1082 1293 1162 eujus

121 1203 239 1246 nomen
260 1181 620 1267 erat'l'amquardinus.
659 1180 760 1246 Venit
781 1183 867 1244 enim
888 1181 930 1244 ad
951 1201 1012 1246 nos
1032 1184 1067 1243 iu
1088 1185 1293 1250 vestimentis

26 1315 28 1350 e
120 1277 248 1371 ovium,
270 1291 600 1352 intrinsecus-autem
613 1295 691 1360 erat
713 1285 809 1369 lupus
830 1303 948 1369 rapax,
968 1295 1004 1348 ut
1024 1284 1146 1368 patebit
1173 1289 1228 1352 iel.
1250 1287 1293 1354 70

77 1471 79 1478 ¹
120 1393 157 1454 P.
181 1394 222 1476 Π,
263 1394 382 1456 Habito
404 1411 481 1476 ergo
509 1392 668 1475 colloquio
691 1392 858 1454 nobiscum
882 1392 1037 1474 recessit,
1067 1401 1236 1456 revertens
1258 1394 1292 1458 in

25 1511 26 1514 ’
119 1498 321 1580 Aegyptum.
363 1497 442 1560 Post
471 1497 640 1580 prandium
672 1497 883 1560 transivimus
912 1512 975 1558 nos
1005 1498 1164 1580 peregrini
1196 1498 1292 1562 simul

119 1603 162 1666 a'd
178 1603 327 1666 balneum
350 1593 422 1666 sive
441 1604 650 1683 aestuarium,
666 1589 795 1664 etcum
806 1599 997 1664 sarracenis
1018 1600 1158 1664 edueati
1179 1621 1292 1667 sumus

25 1735 26 1770 i
120 1715 155 1770 et
177 1708 243 1770 loti.
286 1710 359 1770 Hoc
381 1707 578 1770 aestuarium
600 1715 669 1769 erat
691 1706 796 1769 simile
816 1706 862 1770 illi
883 1706 918 1768 in
937 1705 1070 1789 Rama,
1087 1709 1171 1771 sieut
1198 1715 1292 1790 patet

25 1839 26 1852 ι
120 1812 176 1875 fel.
210 1814 254 1876 84
285 1813 337 1894 Α,
369 1811 451 1875 l‘ost
481 1812 719 1875 balneationem
748 1811 941 1875 intravimus
973 1811 1143 1878 eeclesiam
1186 1815 1292 1878 sancti

25 1943 26 1950 ι
121 1917 284 2000 sepulchri
305 1913 413 1994 (²85
423 1916 486 2000 Α).
565 1949 568 1958 ·

122 2132 181 2211 De
207 2131 336 2230 quinto
362 2137 531 2236 ingressu
555 2134 829 2238 peregrinorum
859 2135 897 2208 in
940 2133 1136 2212 ecclesiam
1167 2161 1291 2212 resur-

123 2251 298 2340 rectionis
324 2253 473 2332 Domini
510 2255 627 2332 nostri
650 2255 745 2330 Jcsu
772 2252 913 2331 Christi
939 2257 1037 2332 etin
1063 2255 1290 2356 sepulchrum

627 2367 782 2452 Domini.
992 2383 998 2394 “

189 2551 341 2620 γΒεοίιιιιι
362 2556 431 2640 die,
457 2575 542 2640 quae
563 2567 614 2620 est
635 2557 754 2620 festum
774 2557 943 2622 Laurentii
963 2557 1134 2642 martyris,
1158 2564 1195 2618 et
1215 2565 1287 2620 erat
1378 2608 1382 2614 .

124 2656 282 2723 dominica
311 2663 369 2728 xi.
387 2663 566 2740 ‚Trinitatis
590 2665 729 2745 vespere
752 2663 958 2745 praecedeuti
975 2649 1091 2726 iterum
1113 2661 1291 2724 intromissi

124 2779 236 2825 sumus
263 2763 357 2828 modo
387 2783 486 2850 supra
513 2767 599 2830 dicto
639 2769 673 2830 iu
705 2768 876 2831 ecclesiam
905 2769 1105 2847 sanctissimi
1127 2766 1290 2849 sepulchri

124 2866 267 2950 nomini,
295 2879 325 2930 n
346 2880 441 2933 nocie
462 2872 519 2934 nn
541 2871 584 2934 aa
606 2871 798 2936 nemincum
830 2856 1036 2957 sepulturum
1070 2872 1289 2954 vigilavimus,

128 2979 160 3030 et
179 2970 250 3033 lcca
270 2982 395 3057 sancta,
415 2985 450 3038 ut
471 2978 579 3060 prius,
602 2979 826 3060 circuivimus,
849 2987 882 3041 et
903 2978 1001 3040 dictis
1020 2978 1184 3039 matutinis
1204 2976 1291 3037 Mis-

128 3089 184 3134 sas
205 3073 445 3162 celebravimus,
462 3087 497 3142 et
518 3090 588 3145 orto
607 3083 677 3145 sole
698 3084 836 3146 Missam
856 3084 889 3145 iu
910 3082 1067 3145 dominice
1085 3089 1290 3142 monumento

130 3179 349 3263 cantavimus,
382 3199 446 3263 qua
475 3183 564 3249 linita
585 3206 644 3269 per
665 3188 799 3250 Mauros
825 3186 865 3248 de
894 3185 1013 3268 templo
1043 3184 1137 3266 ejecti
1161 3184 1288 3245 fuimus.

123 3281 223 3344 Porro
245 3291 312 3372 tres
328 3285 445 3349 iratres
463 3287 613 3353 Minores
643 3291 684 3353 de
705 3300 813 3354 moute
836 3289 946 3374 Syon,
976 3289 1133 3372 juvenes,
1166 3289 1291 3352 fueraut

122 3387 288 3449 nobiscum
301 3389 343 3450 'in
366 3391 503 3455 ecclesia
525 3397 772 3459 resurrectionis
792 3396 938 3476 Domini3
961 3395 1021 3458 lios
1040 3395 1151 3476 petivi,
1173 3400 1291 3477 quate-

122 3506 182 3554 nus
215 3511 340 3556 mecum
373 3497 407 3557 in
435 3498 554 3560 vallem
593 3500 753 3582 Josaphat
786 3497 1035 3584 descenderent,
1074 3499 1151 3584 quia
1182 3498 1290 3564 adhuc

120 3613 211 3658 mane
233 3596 320 3682 erat,
341 3600 429 3682 quod
449 3600 665 3666 libentissime
686 3604 795 3668 iacere
813 3605 902 3668 velle
924 3604 1095 3688 dixerunt,
1119 3604 1289 3669 dummodo

120 3717 174 3762 eoa
208 3702 292 3785 ipud
333 3713 461 3786 petrem
503 3705 704 3771 Gardianum
748 3697 944 3773 excusarem
973 3709 1014 3773 de
1047 3731 1111 3774 nen
1155 3721 1290 3794 accepta

117 3802 262 3894 inentia,
285 3809 374 3891 quod
397 3811 446 3872 eis
467 3811 600 3892 promisi
616 3822 652 3874 et
674 3813 747 3875 feci.
785 3815 1007 3878 'transivimus
1028 3823 1105 3896 ergo
1126 3833 1184 3895 per
1204 3815 1290 3876 civi·

119 3915 211 3974 tatem
238 3921 270 3976 et
290 3915 325 3976 iu
347 3931 502 3977 cocorum
537 3916 630 3979 vicos
653 3916 897 4000 descendimus,
916 3925 950 3980 et
971 3919 1034 3980 erni
1055 3937 1113 3999 pro
1136 3917 1289 3981 fratribus

116 4011 176 4078 illis
197 4027 229 4079 et
250 4037 304 4081 me
323 4037 346 4082 a
368 4019 463 4081 cocis
491 4019 557 4084 illis
589 4021 739 4104 pastillos
775 4023 816 4085 de
850 4024 941 4104 ciis,
973 4031 1007 4084 et
1041 4021 1222 4104 placentas,
1255 4030 1288 4083 et

115 4127 256 4198 pastetas
292 4122 335 4186 de
363 4115 539 4206 carnibus,
572 4133 606 4187 et
628 4135 828 4208 assaturam,
861 4133 895 4186 et
915 4128 1043 4209 tetros,
1075 4135 1108 4189 et
1135 4125 1232 4206 licus,
1255 4136 1288 4190 et

105 4231 180 4287 'enm
201 4227 267 4292 illis
298 4216 574 4293 comestibilibus‘
594 4229 822 4294 descendimus
854 4230 888 4293 in
921 4229 1057 4315 vallem,
1090 4241 1122 4295 et
1153 4231 1287 4295 transite

114 4336 249 4397 torrente
270 4337 314 4412 in,
329 4333 541 4398 tiethsamiui
574 4336 705 4417 praedio
740 4335 801 4397 sub
831 4335 926 4400 olivis
947 4337 981 4399 iu
1002 4339 1115 4399 umbra
1136 4333 1288 4399 consedi·
1362 4390 1366 4399 .

115 4451 184 4500 mus
205 4446 239 4502 et
251 4437 375 4503 metum
391 4438 593 4521 jentaculum
608 4437 703 4504 simul
715 4442 900 4522 sumsimus,
911 4440 1288 4526 potutamencaruimas,
