2954 4914
694 257 785 324 'tu

172 451 205 508 et
226 442 363 506 nomine
406 438 479 504 Situ
507 437 655 524 quidem,
685 441 771 506 sicut
798 437 1008 526 jamdictum
1038 453 1107 526 est,
1141 459 1203 506 nec
1229 441 1347 525 aliquo
1463 421 1464 438 ἶ

172 546 266 612 nodo
284 547 431 630 J'ungitur
451 544 534 610 haro
555 543 652 610 valiis
674 544 752 606 muri
784 551 928 627 monuo,
964 545 1025 610 sed
1046 556 1175 612 montes
1204 556 1346 612 muetos

171 652 335 736 disjungit.
378 649 590 732 conditione,
611 649 687 734 quia
704 647 761 712 illu
780 657 831 712 est
852 649 1062 735 infructuosa,
1084 662 1226 735 petrosa,
1243 660 1345 715 tene-

170 759 268 822 brosa
289 767 369 840 eto.;
411 757 495 822 haec
521 762 630 819 autem
656 771 675 816 e
706 755 865 818 contrario
895 765 946 818 est
979 756 1111 840 fertilis,
1142 757 1343 840 maminoss,

172 862 238 925 tata
264 870 298 926 et
329 861 427 926 clara.
460 863 599 945 iusuper
622 865 656 922 et
678 859 807 922 nomine
829 857 990 924 differunt.
1013 861 1090 924 Alio
1109 864 1195 924 entim
1220 861 1344 926 dcitur
1463 841 1464 862 ¹

172 968 344 1053 Geirenus,
366 969 466 1034 voltis
489 965 743 1046 maledictionis,
764 963 821 1028 iiia
841 969 950 1028 autem
972 965 1090 1029 dicitur
1108 966 1205 1030 vallis
1235 969 1343 1030 bene-
1461 987 1464 996 ·

170 1072 330 1156 dictionis,
356 1073 398 1136 de
418 1071 484 1158 q*
504 1071 643 1134 habetur
666 1069 698 1137 ι.
718 1067 824 1132 Persi.
837 1069 911 1132 XX.
934 1069 1029 1134 Unde
1049 1070 1168 1133 ididem
1190 1071 1339 1150 nobum,

171 1173 262 1266 quod'
277 1182 340 1244 hoo
357 1196 474 1242 nomen
500 1177 627 1258 accepit
648 1171 745 1235 voiiis
767 1173 825 1236 itta
843 1192 863 1238 ιι
879 1172 980 1236 tando
1001 1173 1127 1256 divine,
1155 1193 1252 1258 quam
1272 1175 1339 1238 Jo-

69 1271 72 1278 ’
116 1289 128 1302 “’
170 1286 296 1367 saphat,
320 1291 379 1346 rex
399 1281 595 1375 Jerusalem,
618 1286 649 1342 et
668 1276 806 1362 populus
826 1277 915 1342 Juda
935 1279 979 1342 ibi
1000 1279 1227 1363 perfecerunt,
1260 1277 1339 1341 dam

170 1391 219 1453 eis
250 1390 387 1486 victoria
418 1393 531 1449 costra
561 1383 694 1447 hostes.
753 1383 792 1444 ln
822 1381 885 1445 hac
923 1382 1012 1474 valio
1051 1383 1194 1446 vidimus
1224 1384 1338 1446 ruinas

170 1473 370 1577 antiquarum
392 1477 638 1555 structurarum.
677 1488 714 1549 ιιι
735 1503 899 1569 processu
915 1488 1066 1551 venimus
1095 1487 1129 1550 iu
1154 1485 1271 1570 (m
1280 1487 1337 1565 Α)
1463 1487 1464 1490 ’

170 1596 276 1660 locum
297 1595 473 1706 querrdam,
495 1595 551 1668 ubi
572 1597 665 1656 erant
682 1591 808 1670 infinita
829 1591 951 1685 aspidis
975 1592 1130 1656 toramine
1148 1601 1181 1656 et
1197 1608 1338 1700 serpen-

170 1709 254 1784 tum,
276 1699 402 1784 ma'g'n'a
415 1708 458 1762 et
459 1715 626 1786 parva,
619 1672 754 1760 ιιιιιιιιιι
762 1697 878 1764 tamen
901 1697 1039 1766 bestiam
1069 1696 1230 1780 vidimus,
1253 1693 1336 1782 quia

169 1806 274 1869 solum
302 1791 449 1869 noctibus
470 1776 648 1888 procedunt
676 1779 778 1864 entra.
823 1797 930 1864 Dixit
943 1806 1052 1864 sortem
1075 1801 1170 1864 nobis
1201 1801 1336 1884 Ameth,

170 1907 305 1974 ductor
309 1901 440 1988 noster,
478 1909 564 1993 quod
595 1911 640 1972 ibi
670 1912 783 1970 essent
813 1923 942 1970 vermes
974 1907 1084 1987 magni
1121 1914 1157 1968 ut
1195 1906 1337 1970 hominis
1463 1993 1464 2010 ἢ

169 2017 352 2098 brachium,
374 2025 407 2079 et
427 2016 576 2098 longi-ut
598 2011 760 2095 cuspides.
789 2007 873 2073 Cum
889 2028 972 2096 ergo
994 2008 1048 2074 diu
1068 2011 1335 2082 innuitebene-

171 2119 322 2186 dictionis
354 2130 467 2186 contra
488 2119 671 2202 aquilonem
705 2115 972 2198 procederemus,
1009 2115 1127 2178 iterum
1158 2115 1247 2178 veile
1278 2115 1337 2177 itis
1457 2131 1464 2141 ”

172 2221 307 2286 ducissa
327 2226 486 2288 verumne
508 2241 568 2286 nos
588 2230 700 2286 contra
722 2221 893 2303 orientem,
915 2229 948 2282 et
968 2237 1027 2302 par
1049 2218 1146 2284 devia
1168 2220 1335 2300 montium,
1366 2238 1374 2244 ·

171 2345 230 2408 per
260 2328 364 2390 saltus
405 2337 437 2390 et
470 2328 575 2390 clivos
600 2334 639 2388 et
670 2325 859 2408 praecipitia
891 2323 1132 2404 descendimus,
1160 2326 1336 2407 ipsumque
1463 2367 1464 2416 ι

172 2448 260 2492 mare
281 2439 358 2492 ante
377 2430 489 2494 ocutos
514 2433 547 2492 in
570 2440 742 2514 prospectu
765 2430 952 2511 habuimus,
985 2427 1073 2490 acsi
1102 2447 1202 2511 prope
1230 2436 1333 2511 esset,

172 2537 322 2617 quemvis
355 2534 461 2597 adhue
492 2534 625 2597 muttum
660 2534 805 2598 distaret.
859 2532 1126 2596 Acceleravimus
1163 2551 1243 2616 ergo
1271 2533 1335 2597 iter

171 2645 316 2700 nostrum
351 2647 383 2700 et
415 2639 606 2702 festinanter
641 2638 884 2721 descendimus,
915 2638 990 2720 quis
1019 2636 1070 2700 soi
1106 2637 1147 2700 ad
1181 2655 1335 2700 occasum

172 2741 345 2824 vergebat,
367 2753 399 2806 et
421 2743 551 2807 tandem
572 2745 609 2809 in
627 2745 791 2828 regionem
813 2742 1023 2806 Sodomorum
1037 2741 1206 2814 svenimus
1228 2758 1334 2824 rosque

173 2843 213 2906 nd
236 2844 325 2908 littus
347 2849 444 2912 maris
465 2850 598 2934 mortni,
620 2852 654 2914 in
676 2847 747 2931 ejus
772 2847 896 2930 eapite,
919 2846 974 2909 ubi
1001 2844 1155 2909 Jordanis
1184 2846 1332 2910 icuoibus

171 2948 244 3033 ejus
270 2951 436 3035 excipitur.

254 3053 354 3122 Porro
371 3059 509 3142 Ameth,
531 3059 644 3147 ductor
665 3066 786 3139 noster,
809 3064 841 3117 et
862 3053 914 3116 sui
934 3054 1044 3117 tumuli
1065 3055 1171 3119 Mauri
1203 3055 1333 3138 longius

93 3215 98 3228 ,
171 3175 191 3222 ι
213 3162 293 3224 mari
314 3165 500 3247 manebant,
524 3165 600 3248 quia
620 3166 724 3244 ipsum
753 3162 942 3240 horrebant,
971 3168 1004 3222 et
1024 3176 1131 3243 usque
1153 3160 1195 3222 ad
1214 3177 1332 3244 aquam

172 3264 372 3328 maledictam
403 3266 601 3330 descendere
634 3264 906 3348 dedignabantur,
934 3280 996 3327 uos
1022 3273 1128 3326 autem
1155 3265 1189 3326 in
1217 3265 1333 3328 bestiis

171 3383 278 3448 usque
304 3367 346 3430 ad
367 3387 484 3451 aquam
511 3371 661 3433 venimus
703 3376 736 3430 et
766 3369 927 3450 colligatis
959 3369 1060 3432 asinis
1092 3366 1330 3460 descendimus.

170 3469 451 3550 Deprehendimns
470 3481 586 3555 autem,
608 3474 661 3536 ibi·
673 3473 706 3535 in
733 3475 835 3536 ruinis
850 3471 988 3536 stetisse
1001 3471 1162 3555 quondam
1176 3471 1332 3556 grandem
1463 3535 1464 3548 ,

172 3572 299 3636 domum
322 3574 363 3638 de
384 3575 533 3658 quadris,
560 3585 683 3659 partem
705 3594 805 3660 super
834 3584 969 3659 terram,
992 3587 1025 3639 et
1053 3579 1230 3659 partemin
1251 3575 1333 3638 mari
1463 3573 1464 3640 t

171 3677 320 3747 locatam.
358 3679 518 3742 decebant
549 3689 655 3743 autem
690 3680 952 3764 lepidesmagui
974 3681 1015 3743 do
1041 3681 1142 3744 ruinis
1170 3681 1204 3744 iu
1225 3679 1332 3742 littore

171 3799 255 3864 aqua
275 3801 339 3846 non
361 3783 478 3867 operti,
501 3792 534 3846 ot
561 3787 724 3849 tamenin
745 3803 830 3867 aqua
851 3785 992 3868 fundati,
1014 3803 1114 3869 super
1136 3802 1218 3867 quos
1240 3792 1331 3849 tron-

170 3885 307 3950 sivimus
328 3887 369 3953 sd
386 3887 449 3950 xit
467 3903 585 3971 possus
606 3892 639 3951 tu
662 3903 762 3970 more,
785 3899 817 3952 et
839 3906 954 3973 nquam
975 3889 1074 3972 itiam,
1091 3888 1133 3952 de
1155 3889 1219 3972 qiua
1240 3895 1331 3967 tuto

170 3989 326 4053 mirabilia
346 3993 537 4074 referuntur,
559 3992 709 4074 vidimus,
731 3993 897 4075 tetigimus
921 4001 953 4056 et
973 3994 1209 4076 gustavimus.·*
1233 3987 1332 4058 Clara

170 4092 298 4177 quidem
321 4105 372 4160 est
392 4114 476 4181 aque
495 4098 568 4179 itta,
590 4096 648 4158 sed
670 4097 852 4160 salsissime
874 4111 907 4162 et
928 4115 1060 4180 cressa,
1094 4094 1331 4181 propterquod

170 4215 405 4284 nonnumquam
428 4202 491 4267 iroc
513 4219 601 4263 more
614 4202 645 4264 in
658 4199 826 4283 Scriptura
845 4221 933 4266 more
947 4203 1162 4266 salsissimum
1183 4208 1328 4264 vocatur.

169 4299 278 4384 Unde,
300 4304 429 4386 quando
448 4306 521 4388 quis
543 4306 658 4388 occipit
680 4303 721 4368 de
743 4306 807 4368 hae
826 4323 927 4387 aqua,
959 4316 991 4368 et
1013 4309 1060 4370 ori
1091 4323 1163 4370 eam
1185 4305 1331 4386 impon‘t,
1463 4373 1464 4384 ,
