2926 5050
686 253 728 318 tt

120 434 286 518 proposita
305 429 425 496 utiliter
446 437 604 517 movetur,
628 453 701 500 oum
730 453 784 499 res
804 431 886 498 haee
906 409 1039 518 muniis
1059 453 1124 500 nou
1143 435 1206 498 taisi
1228 453 1287 519 per

121 538 259 622 populos
301 537 411 600 totius·
449 535 628 602 oooitlentis
663 541 717 623 ogi
755 540 881 619 voleat,
915 541 1001 604 siout
1028 541 1127 604 anno
1157 539 1287 604 Domini

122 642 392 724 obtingentesimo
423 639 566 704 seeundo
589 638 728 703 Carolus
746 636 890 722 magnos
918 645 1093 725 Imperator
1113 651 1287 710 vooatusa

120 745 303 829 patriarcba
323 745 573 828 hierosolymino
593 743 757 807 Zacharia
779 751 815 806 et
843 746 883 808 ab
904 723 1101 831 lr'oportttoro
1121 747 1287 813 consten-

119 850 330 933 tiuopolitauo
370 867 444 912 oum
465 857 533 912 toto
556 845 749 912 oeeidentali
778 848 896 930 populo
927 852 1082 915 orientem
1117 853 1287 935 ingressus

2 1038 3 1041 Ἴ
121 954 286 1018 oivitutem
308 959 464 1016 murtam
503 959 536 1014 et
568 957 670 1014 totam
704 957 823 1014 terram
857 951 899 1014 de
934 955 1082 1018 manibus
1111 955 1286 1018 infidelium
1361 937 1367 951 ’

121 1059 374 1123 Semoeuorum·
391 1056 517 1138 emunit.
562 1050 689 1131 Quibus
709 1054 826 1118 iterum
846 1057 977 1122 amissis
995 1068 1028 1122 et
1049 1075 1110 1140 per
1127 1057 1286 1122 Surraee'-

122 1183 183 1228 nos
203 1162 370 1246 possessis
384 1157 529 1241 expulsis
543 1156 738 1222 Christianis
750 1158 863 1222 exules
875 1159 1003 1227 brorum
1025 1183 1046 1228 a
1067 1169 1152 1224 torro
1172 1171 1288 1226 seurota

122 1268 208 1330 ultra
226 1264 287 1330 CO
307 1280 420 1328 runos.
451 1261 531 1325 Post
553 1278 637 1344 quos
657 1262 797 1324 surrexit
818 1263 1026 1349 infatigabilis
1049 1274 1082 1328 et
1102 1265 1288 1332 illustrissi-

122 1369 199 1435 mus*
227 1370 294 1434 (iux
314 1367 564 1448 hetbaringiae,
589 1363 781 1430 (luitfredus
813 1364 854 1429 tio
875 1367 1020 1451 Bulliou,
1050 1388 1137 1434 anno
1155 1371 1285 1434 Domini

124 1475 227 1557 tutti·
239 1482 274 1536 et
285 1472 432 1536 oolleetis
456 1469 569 1532 eleotis
584 1468 793 1534 bellatoribus
806 1472 906 1534 totius
933 1472 1109 1537 oeoideutia
1126 1474 1286 1558 intrepide

122 1587 209 1642 terre
227 1579 371 1662 merique
401 1585 607 1658 transgresso
644 1583 720 1657 post
744 1574 913 1657 plurimam
929 1575 1112 1642 infidelium
1132 1587 1285 1661 stragem,

122 1691 229 1767 usque
250 1681 490 1765 Jeroselymom
510 1679 654 1760 devenit,
675 1679 708 1741 iu
730 1697 795 1762 qua
815 1689 906 1744 eruut
926 1681 987 1744 Xlr
1009 1683 1109 1746 millia
1128 1682 1287 1748 Serrano·-

122 1804 235 1850 uorum
266 1795 479 1868 mutorum,
512 1781 621 1848 demto
642 1787 810 1848 communi·
824 1785 953 1869 populo,
984 1795 1018 1850 et
1045 1787 1157 1851 urbem
1184 1787 1285 1850 nostri

122 1889 293 1954 militenus
308 1889 424 1956 diebus
440 1887 648 1970 moedorum,
670 1894 706 1950 et
725 1897 818 1971 eapte
839 1890 973 1952 eivitute
990 1891 1025 1954 in
1046 1889 1176 1975 templo,
1199 1890 1285 1975 quoti

65 1977 71 1984 ⁸
120 1999 287 2060 nominaui
310 1993 504 2077 Solomonis,
526 1992 615 2056 etin
637 1991 820 2074 ejus-atriis
853 1990 1030 2058 christiani
1052 2013 1125 2058 oum
1147 1996 1285 2078 paganis

122 2101 206 2163 bello
228 2109 379 2164 oooserto
402 2103 494 2159 tauta
514 2096 547 2158 iu
571 2113 630 2161 eos
656 2095 759 2160 coede
780 2096 949 2160 debaobeti
969 2105 1057 2181 suut,
1086 2107 1122 2160 ut
1148 2099 1182 2161 iu
1204 2116 1286 2162 sau-

122 2206 223 2290 gutoe
244 2204 422 2266 oecisorum
452 2201 633 2284 equitarent
653 2217 759 2285 usque
779 2198 821 2263 ad
854 2219 962 2283 genua
983 2220 1153 2286 equorum,
1182 2211 1217 2266 et
1239 2203 1286 2264 itu

121 2309 237 2372 iterum
253 2305 357 2388 (189
370 2307 423 2390 Δ)
444 2303 641 2370 dominicum
662 2305 868 2388 sepulebrum
886 2306 1033 2388 peritios
1050 2307 1286 2372 illustrissimos

122 2413 242 2476 milites
266 2412 308 2476 ad
329 2428 407 2475 snos
427 2426 638 2508 possessores
659 2409 801 2492 devenit,
823 2417 857 2472 et
878 2411 994 2474 mensb
1016 2411 1102 2495 apud
1115 2427 1172 2474 eos
1183 2429 1285 2476 nour-

122 2519 214 2600 ginta
242 2525 314 2580 ooto
345 2533 466 2597 annos,
497 2523 530 2578 et
551 2513 775 2578 definientibus
797 2512 926 2578 taudem
947 2515 1076 2580 auxiliis
1098 2516 1286 2579 oooidenta·

122 2622 198 2685 lium
220 2622 387 2703 regionum
419 2627 453 2683 et
473 2618 543 2683 Deo
565 2619 684 2702 populo
711 2619 885 2682 christiano
914 2620 995 2684 irato
1016 2629 1146 2704 propter
1175 2638 1285 2688 eorum

31 2806 34 2811 Ι
119 2733 268 2807 peecata,
288 2734 324 2788 ut
345 2725 401 2788 iol.
427 2724 488 2790 189
509 2726 545 2788 B.
570 2722 707 2805 [dietum
729 2723 808 2805 est]‚
829 2722 1014 2788 Jerusalem
1041 2727 1157 2790 iterum
1190 2733 1286 2807 capta

122 2838 175 2892 eat
194 2831 235 2892 ab
258 2827 453 2910 infidelibus,
487 2835 521 2890 et
541 2835 629 2890 teuta
650 2836 759 2891 mouet
779 2845 885 2910 nsque
913 2831 946 2892 in
959 2829 1156 2896 -hodiernum
1188 2828 1284 2909 diem,

118 2930 187 3012 jum
208 2950 266 3014 per
286 2940 449 2996 treoeutos
469 2949 575 2995 anuos
595 2947 700 3012 usque
721 2930 763 2994 ud
781 2931 896 2994 infelix
907 2933 971 2997 boe
981 2942 1108 3017 tempus
1128 2941 1282 2994 nostrum.

122 3035 165 3100 ut
185 3037 269 3097 bene
289 3035 403 3098 infelix
423 3045 550 3118 tempus
571 3039 717 3097 nostrum
740 3033 886 3118 dixerim,
907 3036 941 3098 iu
962 3055 1026 3120 quo
1049 3035 1124 3100 fidei
1146 3051 1286 3117 vespero

10 3163 45 3195 s.
63 3183 83 3210 Ὗ
123 3137 403 3221 ntundoadveuit,
423 3147 657 3222 nonarumque
678 3136 921 3203 monstrandis
939 3125 1093 3209 ubt'tudut.
1134 3140 1286 3222 Lauguot

15 3252 20 3311 ι’
119 3242 266 3326 justitiae
287 3243 410 3325 luoifer,
441 3243 539 3325 buius
563 3244 622 3304 vix
650 3241 783 3305 umbrae
802 3253 946 3308 romanet
966 3244 1079 3309 umbra
1105 3251 1283 3324 superstes.

119 3347 207 3410 Nam
227 3347 282 3410 lox
303 3349 441 3413 roeessit
461 3365 483 3411 u
502 3346 743 3430 saomdotibus,
763 3365 784 3410 u
805 3349 1007 3433 principibus
1021 3347 1168 3429 justitie,
1203 3363 1285 3410 oon-

120 3450 228 3514 silium
248 3469 270 3515 u
290 3452 490 3536 senioribua‚
509 3471 529 3516 a
548 3450 666 3536 populo
688 3451 781 3535 tides,
800 3470 889 3517 amor
909 3470 931 3515 a
950 3452 1148 3536 parentibus,
1170 3454 1285 3516 asub-

121 3555 197 3622 tlitis
229 3560 422 3640 reverentia,
454 3557 595 3622 oharitss
627 3575 647 3621 a
679 3557 842 3640 praelatis,
873 3557 987 3640 religio
1018 3557 1286 3639 a‘mouaobis,a

119 3659 294 3742 juvenibus
315 3661 674 3746 bonestas5·diseiplirra
694 3679 715 3724 a
735 3662 880 3745 oleriets,
902 3680 924 3724 u
944 3659 1285 3746 magistris-donnino,

120 3766 262 3830 abtdium
283 3785 304 3829 a
322 3766 555 3850 aeeoularibun
577 3785 597 3829 e
614 3765 783 3848 judicibus·
800 3767 958 3848 aequites,
979 3765 1135 3849 protectio
1148 3782 1177 3827 a
1197 3763 1285 3828 mili-

26 3917 30 3924 ·
121 3870 224 3954 tibus,
256 3888 277 3933 a
304 3871 433 3935 eivibus
454 3870 643 3954 ooueorilia,
676 3873 770 3934 timor
790 3888 811 3933 a
832 3871 1065 3954 servitoribus,
1093 3887 1127 3932 a·
1155 3869 1285 3932 rustieis

115 3976 341 4058 eommunia,
362 3975 485 4040 veritas
504 3993 524 4038 a
545 3975 786 4055 meroetoribos,
808 3974 1006 4038 anobilibos
1021 3975 1138 4057 virtus,
1149 3976 1285 4038 uastitas
1340 3965 1343 3974 ’

121 4096 141 4140 e
161 4078 354 4162 virginibus,
380 4078 529 4144 nvidus
550 4078 725 4160 humilitus,
737 4077 877 4154 [dileetio
896 4096 917 4157 a
933 4078 1129 4162 conjugatis,
1151 4077 1285 4141 amuli-

124 4182 233 4246 eribus
263 4185 476 4268 vererundia,
506 4184 662 4269 patientie
690 4200 710 4245 a
739 4183 935 4268 pauperibus
953 4192 1029 4254 ¹eto.
1074 4184 1125 4246 lta
1156 4183 1286 4264 agmine

123 4287 316 4370 pmooipites
342 4309 401 4374 per
421 4297 514 4354 antra
534 4287 703 4352 eriminum
726 4296 760 4350 et
782 4285 892 4352 muudi
912 4301 1020 4352 aream
1043 4296 1126 4352 tetra
1146 4284 1287 4369 ealigine

1045 4387 1063 4444 2
1371 4386 1374 4394 .
