2948 4876
731 236 797 305 818

176 419 209 482 si
227 415 382 500 templum
402 415 465 482 hoo
485 425 705 484 oonstrootom
727 435 792 482 noo
814 417 943 502 spissat,
974 437 1147 502 numquam
1168 419 1365 484 Christiani

176 522 361 586 Jerusalem
398 531 432 586 et
469 541 565 588 soum
596 523 752 606 templum
784 526 995 608 amisissaut5
1037 527 1113 606 quia
1144 532 1236 589 tanto
1276 526 1363 590 melo

177 626 350 690 Sarraoeni
377 628 440 690 hoo
460 627 613 710 templum
650 628 769 711 neunt,
789 637 825 692 ut
846 648 886 692 eo
906 639 1014 694 staute
1036 629 1211 693 Christiani
1233 648 1362 712 paoem

176 751 241 794 non
261 731 401 794 habeant
421 735 457 793 iu
476 731 679 816 Jerusalem;
714 731 787 796 ideo
816 735 933 799 meiius
967 744 1058 798 esset
1076 754 1099 798 a
1129 734 1361 798 fundamentis

159 836 212 900 *id
232 837 393 920 evellere,
424 855 521 921 qnam
540 837 663 902 Christi
693 839 816 901 nomini
846 858 1056 923 eonseorare,
1083 849 1120 904 ut
1144 839 1361 922 frequentius

176 943 297 1007 foetum
319 943 393 1012 ruit.
433 942 486 1005 De
505 960 603 1004 oruoe
623 942 795 1026 praediota
814 944 917 1008 habos
942 947 1028 1008 intra
1053 965 1123 1027 ...ς
1160 944 1203 1007 de
1226 943 1359 1025 templo

179 1049 337 1134 sequitur.
402 1044 604 1110 Strnoturam
647 1067 726 1132 ergo
766 1049 854 1112 illam
896 1051 980 1114 intra
1016 1049 1174 1115 modioum
1219 1057 1359 1129 tempus

176 1152 313 1236 perfecit
351 1160 384 1216 et
417 1153 530 1216 multis
560 1155 826 1235 possessionibus
850 1156 982 1218 dotavit.
1034 1155 1078 1216 Et
1105 1153 1168 1216 hoo
1193 1151 1356 1234 templum

176 1265 243 1322 stat
264 1256 360 1320 hodie
380 1258 414 1319 in
435 1255 506 1321 loeo
535 1257 623 1320 ultra
655 1277 760 1323 annos
788 1263 1015 1344 omnigenus,
1037 1267 1069 1322 et
1090 1275 1265 1339 numquam
1287 1255 1357 1318 de-

177 1371 336 1426 structum
369 1359 430 1424 fuir
458 1362 498 1424 ab
531 1361 657 1445 aliquo,
690 1365 751 1428 sed
778 1367 880 1448 primo
901 1365 1155 1428 Sarracenorum
1174 1360 1355 1424 oratorium

178 1465 250 1548 tuit,
272 1474 444 1548 postquam
474 1475 583 1532 antem
605 1465 784 1532 Christiani
812 1471 968 1534 dominari
989 1471 1022 1532 in
1043 1477 1130 1532 terra
1148 1472 1264 1528 saneta
1284 1465 1355 1556 ite-

178 1589 248 1634 rum
281 1579 473 1653 coeperunt,
500 1573 608 1654 ipsum
638 1574 792 1656 templum
812 1574 943 1652 Christo
976 1573 1224 1652 dedioavorunt3
1262 1567 1353 1652 quod

177 1676 285 1756 potius
307 1674 497 1737 debuissent
518 1677 747 1742 comminuisse
781 1689 814 1744 ot
835 1681 870 1742 iu
890 1678 1023 1742 nibilum
1054 1677 1239 1754 reduxisse,
1274 1691 1353 1735 oum

182 1781 226 1844 sit
249 1779 390 1844 ecelesia
419 1781 611 1863 perditionis
631 1783 825 1858 Jerusalem.
867 1784 936 1848 Sed
962 1803 1088 1848 rursum
1108 1782 1204 1844 otiam
1228 1776 1353 1840 Sarra-

180 1885 252 1950 oeni
282 1886 448 1950 civitatem
474 1889 642 1970 capientes
670 1889 826 1972 tempium
856 1889 963 1968 ipsum
987 1887 1022 1948 in
1044 1903 1139 1948 usum
1160 1886 1211 1947 sui
1238 1882 1351 1944 oultus

180 1988 389 2074 reduxerunt,
409 1992 507 2060 etita
528 1991 701 2074 aliquoties
723 2011 809 2056 nuno
828 1995 862 2055 in
884 1991 1010 2054 illorum
1032 2009 1119 2054 nuno
1147 1992 1181 2053 in
1209 1989 1350 2052 istorum

183 2097 332 2160 manibus
354 2095 506 2179 templum
528 2095 726 2178 praedictum
747 2097 905 2180 pervenit,
930 2106 963 2160 et
984 2094 1080 2159 hodie
1100 2092 1274 2179 Sarraceni
1294 2093 1352 2174 ip-

182 2219 253 2266 sum
274 2205 307 2267 in
330 2203 469 2265 maximo
490 2202 610 2264 habent
631 2203 769 2284 honoro,
791 2211 827 2265 ut
849 2202 979 2285 patebit.
1022 2204 1065 2262 Et
1091 2203 1154 2283 ita,
1175 2205 1350 2280 postquam

182 2307 333 2388 templum
362 2308 425 2371 hoe
451 2327 472 2370 a
501 2309 640 2392 paganis
660 2317 711 2370 est
732 2315 968 2390 constructum,
1001 2306 1150 2390 quamvis
1177 2321 1276 2385 saepe
1315 2301 1351 2363 in

181 2407 334 2473 libellulis
357 2411 501 2495 legerim,
534 2421 695 2476 asarrota
715 2414 843 2477 Helena
874 2414 977 2476 fuisse
1006 2411 1228 2488 rodomum,
1261 2403 1350 2488 quod

182 2518 291 2578 tamen
313 2515 464 2596 templum
486 2519 549 2580 hoo
570 2517 683 2596 (26⁰
706 2517 760 2600 Α)
790 2519 867 2581 mihi
896 2519 1057 2580 oruiosius
1077 2513 1259 2598 inspioieuti
1283 2528 1350 2572 non

182 2614 361 2698 videbatur,
383 2635 456 2682 oum
473 2609 553 2682 iliud
574 2623 702 2686 omuino
733 2624 779 2686 sit
800 2623 959 2707 pagauioo
992 2621 1086 2686 modo
1115 2621 1253 2700 fautum,
1285 2631 1349 2676 neo

183 2719 318 2784 formam
338 2721 455 2786 habeat
487 2725 646 2815 eeclesiae
676 2728 894 2808 christianae,
924 2746 1000 2790 uam
1031 2729 1139 2810 ipsum
1168 2718 1349 2806 prinoipale

183 2825 300 2889 ostium
325 2829 458 2910 praebet
486 2831 649 2896 introitum
677 2831 718 2894 ab
740 2833 873 2914 oriente,
896 2831 982 2918 quod
1003 2851 1068 2896 non
1089 2829 1157 2895 vidi
1178 2831 1212 2890 iu
1237 2823 1348 2890 eoele-
1461 2849 1462 2882 ÷

182 2931 243 2996 siis
265 2930 395 3000 Christi.

182 3181 374 3285 'l'ernplum
397 3185 543 3260 Domini
569 3135 776 3260 modernum
801 3172 876 3260 tale
900 3193 977 3279 est,
1002 3175 1042 3258 ut
1070 3181 1129 3258 hio
1150 3174 1351 3278 subjicitur.

264 3361 430 3443 'l'emplum
452 3363 580 3429 Domini
611 3368 645 3430 in
674 3385 749 3430 area
776 3367 889 3430 Arnan
909 3365 1082 3447 debusset,
1103 3366 1136 3428 iu
1157 3379 1222 3444 qua
1248 3355 1347 3418 Salo-

182 3481 257 3526 mon
278 3463 406 3527 domum
426 3466 555 3532 Domini
582 3470 784 3553 aedificavit,
817 3474 857 3535 ab
885 3473 1013 3538 Hamor
1042 3469 1238 3547 sarraceno,
1268 3477 1347 3543 rege

181 3567 326 3650 Aegypti
368 3579 605 3658 oonstruotum¹
636 3577 767 3659 antiqno
809 3576 864 3640 illo
908 3574 1091 3638 Salomonis
1129 3567 1345 3639 famosissimo

180 3673 284 3754 impar
315 3674 443 3756 quidem
469 3683 634 3762 structura
640 3725 654 3762 ,
682 3681 768 3763 quod
800 3681 934 3764 pagani.
952 3679 1117 3744 nominant
1145 3671 1344 3752 Halaohibiq

182 3773 358 3874 Christiani
380 3777 465 3844 dooti
486 3785 810 3868 nuncupantnerhet,
831 3785 985 3868 vulgares
1007 3773 1173 3850 etiudooti
1194 3777 1344 3860 templum

181 3881 376 3970 Salomonis,
397 3894 447 3950 est
479 3887 592 3952 domus
613 3888 726 3953 inolita
747 3897 781 3952 et
801 3891 1056 3974 pretiosissima,
1077 3885 1218 3970 grandis·
1232 3890 1264 3946 et
1290 3898 1343 3943 ro-

181 3985 283 4056 tunda
303 3991 336 4054 iu
359 3991 486 4062 modum
515 3997 613 4058 turris
635 4011 771 4076 maguae
800 4000 834 4056 et
854 3993 955 4077 latae;
983 4014 1042 4078 per
1072 3993 1241 4056 oireuitum
1267 4003 1343 4050 vero

182 4095 388 4162 rotunditatis
408 4116 507 4180 snper
538 4106 655 4160 terram
688 4107 739 4160 est
769 4098 852 4162 alius
883 4116 994 4163 murus
1021 4097 1223 4165 oironmiens
1246 4099 1342 4156 totum

182 4200 350 4285 tempium,
379 4203 462 4264 inter
489 4218 585 4283 quom
607 4209 639 4263 et
660 4203 812 4286 templum
834 4211 885 4268 ost
906 4201 1031 4287 grande
1051 4200 1203 4286 spatium,
1238 4205 1274 4260 et
1291 4195 1341 4260 ilie

182 4323 291 4370 murus
322 4288 486 4370 sustentat
506 4303 703 4370 testudinem
733 4326 791 4391 per
812 4307 979 4374 oirouitum
1003 4307 1044 4370 ab
1065 4323 1131 4370 una
1150 4308 1263 4388 parte,
1282 4300 1341 4366 alia
