2948 4876
113 466 276 535 mouit
297 471 375 530 ante
395 485 467 530 eam
487 464 701 532 ineommolo.
744 462 840 530 llnie
859 463 1099 548 misvulgos
1119 465 1290 548 chualon,
1385 541 1392 548 ι

9 587 10 622 ³
115 583 156 636 ut
181 572 366 636 solveretur
384 571 520 655 obsidio,
541 580 573 634 et
599 571 664 634 nisi
696 567 823 653 quidam
854 569 1044 660 capitaneum
1067 571 1203 656 hiem,
1234 575 1291 656 qul

117 679 269 762 obstitit,
301 691 343 740 ne
363 677 483 742 solutio
503 677 616 757 fieret,
644 691 717 737 oum
744 674 921 756 ignominia
947 674 1036 736 laets
1066 677 1192 740 luisset.
1231 679 1292 742 llla

118 785 207 846 enim
229 785 420 866 capitaneus
441 781 569 844 oooolte
589 779 791 862 praetieanat
818 779 962 842 nvitun
983 779 1197 861 proditionem
1228 785 1292 848 sili

117 888 212 969 lieri,
241 889 328 951 sieut
356 895 391 952 et
416 887 506 950 faeta
537 887 607 954 fuit.
652 881 758 966 Copta
790 894 842 946 est
871 894 981 948 antem
1001 886 1086 948 orbs
1114 888 1180 950 ista
1206 907 1292 954 anne

117 994 252 1058 Domini
285 994 385 1076 1098,
417 999 451 1054 ss
483 990 627 1074 ingressi
659 990 770 1052 urbem
802 999 1012 1053 oeeorrentes
1042 993 1230 1056 andierunt
1260 1002 1294 1056 et

116 1099 252 1184 plagam
294 1099 467 1162 maximum
497 1099 546 1158 in·
571 1111 612 1156 ea
642 1093 802 1157 teoernnt.
865 1094 966 1158 Porro
1002 1097 1157 1159 alimenta
1188 1097 1223 1160 in
1254 1115 1294 1160 ea

118 1221 188 1268 non
225 1213 333 1285 erant,
371 1203 448 1286 qnia
482 1208 615 1284 propter
652 1199 789 1282 leugam·
814 1199 1014 1264 obsidionem
1046 1212 1295 1268 eonsumserant

119 1310 238 1374 omnia.
281 1309 363 1371 Auri
394 1315 427 1369 et
448 1305 574 1388 urgenti
595 1309 632 1366 et
649 1306 789 1366 omnium
810 1303 1068 1370 desiderabilium
1091 1305 1164 1384 (D)
1183 1307 1295 1372 mnni-

119 1424 188 1478 tam
209 1414 332 1496 oopiem
355 1418 555 1494 repererunt.
597 1409 662 1471 Die
682 1413 798 1472 autem‘
812 1411 909 1472 tertia
919 1421 994 1492 post
1014 1412 1087 1494 ejus
1111 1413 1293 1494 eaptiom

121 1517 313 1582 corbonaoln
337 1516 479 1598 quidam,
497 1515 650 1598 priueeps
660 1513 904 1595 potentissimos
914 1517 1103 1598 Persarum,
1111 1517 1293 1581 sommus
1378 1507 1390 1532 ⁶

122 1622 399 1688 altulntiooheuis
428 1622 463 1681 iu
495 1619 687 1701 adjutorium
720 1619 811 1680 venit
837 1637 912 1682 eum
946 1622 1096 1686 mmm
1123 1621 1230 1704 eopiis
1259 1630 1293 1684 et

121 1727 264 1812 undique
285 1729 448 1791 civitatem
469 1723 616 1789 vallavit
661 1723 721 1786 Sio
740 1723 879 1806 populus
892 1723 1108 1809 ffimnanrm
1129 1729 1186 1810 qni
1206 1745 1293 1810 pau-

122 1835 270 1904 oisunte
288 1831 403 1894 diebus
427 1848 514 1894 eam·
529 1827 701 1892 obsederat
722 1838 755 1891 et
775 1829 945 1892 obsessam
966 1833 1030 1894 sibi
1057 1823 1292 1913 vindieaverat,

121 1937 415 2002 violenterverse
460 1935 673 2018 viee,‘siout
712 1951 818 1996 rerum
855 1934 941 1996 solet
970 1947 1048 2000 esse
1084 1935 1292 2018 vicissitudo,

123 2040 323 2108 obsidionem
362 2040 528 2102 sustinens
563 2023 663 2120 supra
696 2038 825 2101 modum
864 2036 959 2120 gravi
993 2039 1103 2104 inedia
1137 2040 1294 2104 molestu-

125 2147 223 2210 batur
259 2153 291 2206 et
323 2143 478 2211 ‘ittolusis
505 2161 567 2206 neo
615 2143 728 2226 egredi
768 2159 831 2205 neo
861 2141 991 2225 ingredi
1050 2144 1147 2208 alieni
1191 2145 1293 2227 neon,

126 2257 161 2312 et
201 2249 289 2312 iaetu
327 2247 388 2312 init
427 2247 568 2310 conditio
599 2258 780 2312 nostrorum
822 2247 920 2330 longe
961 2246 1107 2314 deterior.
1169 2249 1293 2314 'l'antus

125 2362 233 2418 eutem
256 2360 324 2416 erut
346 2353 494 2416 deteotus
514 2353 704 2426 vietoalium
724 2355 758 2416 in
781 2353 871 2436 urbe,
899 2362 935 2418 ut
955 2356 1093 2440 populos
1123 2365 1294 2438 cogeretur

123 2460 165 2523 ad
187 2461 292 2542 turpia
313 2468 346 2522 et
366 2459 543 2522 inhumana
563 2457 739 2540 (leonnato,
758 2479 824 2522 non
846 2469 917 2522 erat
935 2461 1068 2524 inesois
1089 2463 1185 2524 etiam
1206 2459 1292 2543 apotl

124 2565 280 2628 deneatos
301 2561 495 2646 differentia,
516 2579 579 2626 neo
596 2573 666 2626 erat
685 2562 874 2628 mundorum
895 2567 938 2629 ab
968 2565 1142 2630 mundis
1175 2565 1293 2649 legalis

124 2670 296 2742 distinotio.
341 2667 428 2746 Quid
450 2668 552 2750 plura.
613 2668 787 2752 camelos,
814 2671 942 2754 ainos,
974 2691 1099 2756 equos,
1133 2671 1240 2733 mulos
1259 2678 1293 2734 et

124 2775 290 2840 inmunda
312 2773 484 2856 quaelibet,
506 2777 638 2856 quoties
650 2775 786 2838 dolator
805 2793 848 2838 ex
865 2776 1064 2859 uiolabere,
1084 2795 1144 2858 pro
1156 2775 1293 2839 summu

125 2881 318 2962 repetebant
339 2878 473 2960 delieiis,
494 2888 527 2940 et
548 2897 608 2961 pro
628 2879 1022 2962 nojmmodiuatendis,
1054 2880 1140 2963 quotl
1176 2881 1294 2942 intueri

126 2983 309 3046 miserabile
328 2990 395 3064 est,
417 2984 595 3046 transiliant
622 2983 776 3047 demissis
803 2983 965 3064 vultibus,
996 2983 1208 3048 meodieantlo
1235 2998 1295 3066 per

127 3089 221 3152 vioos
243 3096 276 3150 et
292 3085 430 3169 plateas,
452 3089 574 3152 robmti
593 3097 626 3152 et
647 3089 774 3152 nobiles
796 3089 881 3149 inter
900 3087 1054 3169 plebeios
1096 3088 1171 3150 Nee
1187 3086 1295 3169 aliqua

128 3193 271 3256 eontinet
291 3191 425 3256 historia
447 3201 555 3256 tantos
581 3196 762 3277 prinsipes,
796 3199 919 3255 tantum
952 3193 1139 3276 exereitum,
1171 3199 1295 3256 nmen

127 3292 299 3379 defeeturos,
321 3306 439 3361 ettam
461 3299 625 3381 patienter
644 3300 763 3362 tulisse
783 3297 959 3360 molestias.
1002 3297 1089 3360 Dum
1121 3297 1219 3380 igitur
1245 3297 1296 3360 sie

125 3401 330 3486 affligeretur
350 3403 489 3486 popolus
504 3401 638 3486 Christi,
659 3403 741 3466 vidit
761 3403 919 3466 Dominus
939 3401 1150 3466 afflictionem
1168 3401 1294 3466 illem

127 3517 159 3572 et
179 3507 433 3572 consolationem
452 3507 629 3590 jneontlsm
649 3509 790 3571 immisit.
832 3509 912 3572 llrot
937 3509 971 3572 in
992 3509 1135 3572 exereitu
1165 3507 1294 3592 quitiam

124 3613 177 3677 vir
192 3613 345 3698 simplex,
365 3613 465 3677 valde
486 3612 628 3678 devotus
647 3621 761 3676 amoto
777 3612 931 3678 Andreae
947 3611 1122 3698 Apostolo‚
1145 3613 1198 3700 sui
1218 3611 1296 3677 dor-

126 3719 236 3782 orienti
264 3719 391 3801 operuit
418 3720 533 3782 bettus
561 3717 714 3782 Andreas
745 3718 880 3802 dicens,
910 3719 1058 3782 inimieos
1088 3717 1164 3782 illos
1190 3717 1296 3800 fugari

125 3831 190 3884 non
211 3839 312 3905 posse
331 3825 394 3888 uisi
416 3841 490 3887 oum
512 3823 646 3904 nnete,
668 3841 733 3906 qna
752 3823 949 3907 pilentum
970 3825 1032 3888 luit
1061 3821 1147 3886 latus
1166 3822 1297 3886 Domini

127 3925 209 3988 Jesu
225 3927 259 3989 in
281 3945 388 4013 omme,
412 3938 446 3992 et
466 3929 569 3992 oertis
591 3927 719 3990 indieiis
740 3926 881 3992 ostendit
902 3927 1081 4010 Apostolos
1096 3945 1156 3990 suo
1178 3927 1297 3990 devoto

128 4028 233 4092 looum
253 4033 289 4094 lo
313 4034 454 4097 eeclesia
474 4034 563 4097 beati
584 4032 684 4115 Petri,
704 4034 760 4097 ubi
780 4033 895 4096 laneea
915 4033 972 4096 illu
991 4039 1105 4095 saum
1126 4035 1188 4095 sul
1206 4039 1298 4094 'terra

126 4132 239 4216 J'uouit,
301 4139 399 4200 Daue
423 4137 566 4200 surrexit
595 4137 691 4201 homo
722 4147 756 4200 et
777 4137 939 4221 episeopis
973 4129 1071 4218 alque
1100 4133 1299 4218 prineipttm

129 4237 290 4302 visionem
310 4241 491 4323 enarravit3
512 4240 555 4304 atl
574 4241 683 4305 loenm
702 4261 780 4326 ergo
803 4228 1093 4325 praemonstratum
1126 4253 1300 4322 proeesse-

132 4351 207 4408 runt
229 4351 262 4406 et
285 4343 516 4428 aliquantolum
537 4346 571 4410 iu
583 4348 683 4412 altum
698 4346 820 4412 effosso
832 4354 920 4411 terra
938 4343 1083 4408 laneam
1103 4355 1299 4428 repererunt,

715 4510 740 4553 ο
1034 4441 1092 4500 ¹7·
