2896 4872
597 207 690 306 ’,ιιι

35 422 247 506 impiorum
272 403 412 486 vinantis
430 422 648 505 adigerentur.
693 419 762 484 Sed
783 428 816 484 et
837 423 909 504 pins
931 422 990 484 ille
1010 429 1043 484 et
1062 421 1248 502 illustrissi-
1276 473 1290 484 .

40 537 132 588 inus
170 546 239 590 rex
273 527 461 590 Lndovions'
495 524 694 606 Francorum
726 542 805 590 cnm·
825 509 951 593 duobus
982 527 1135 602 fratribus
1166 524 1247 610 sais,

44 629 194 734 carolo
219 640 254 693 et
274 631 454 713 Alphonso‚
475 635 604 712 captus'
610 631 643 692 in
670 647 785 694 manns
808 629 957 693 hostium
971 622 1112 695 devenit.
1144 629 1247 718 Cap·

47 735 100 797 tis
125 723 197 824 erg
198 755 221 798 o
243 733 450 828 Christianis
458 753 534 798 eum
550 753 639 824 ¹rege
670 719 833 816 soldanus
860 734 917 796 de
934 737 1069 817 treugis
1087 741 1121 797 et
1141 736 1246 818 pactis

50 856 182 920 regem
207 841 333 923 requiri
349 840 437 902 fecit.
480 834 534 901 tit
544 849 618 921 post
639 819 746 921 plura
752 839 924 921 coiloqnia
954 839 1141 902 conclusum
1173 831 1253 918 init3'

54 943 156 1024 quod
183 943 358 1008 dominns
361 963 430 1007 rex
461 943 612 1007 Soidane
622 938 818 1042 -5estitaeret
836 943 1020 1006 Damiatam
1046 938 1120 1036 'eum
1143 936 1248 1006 rebus
1277 959 1304 1028 j
1342 987 1345 993 -
1372 919 1374 922 ⁵

53 1039 105 1108 ibi
127 1048 284 1112 inventis
306 1057 338 1110 et
359 1057 447 1112 octo
453 1048 560 1114 millia
584 1051 807 1111 sarracenioos
826 1063 944 1110 aureos
966 1055 1017 1140 et
1019 1028 1141 1130 omnes
1167 1063 1249 1128 cap
1260 1062 1277 1110 .·
1366 1115 1370 1124 ,

58 1151 192 1224 tivos„
236 1151 405 1221 Saldauus
442 1172 522 1214 vero
555 1152 711 1218 debebat
730 1170 848 1235 regem
881 1160 915 1214 et
951 1131 1065 1214 omnes
1100 1151 1250 1233 captivos
1338 1223 1355 1236 ,

58 1253 282 1319 Christianos
317 1266 472 1325 nuncet
504 1265 578 1318 ante
614 1265 748 1338 captos
763 1257 803 1338 ip
829 1239 999 1338 Aegypto·
1020 1262 1055 1317 et
1078 1257 1119 1316 in
1153 1241 1269 1335 Syria'
1299 1315 1302 1321 ,
1387 1283 1390 1292 ⁴

34 1407 35 1414 ι
63 1357 242 1422 dimittere
262 1375 334 1422 oum
352 1363 503 1424 omnibns
524 1361 702 1446 attinentiis
729 1379 850 1439 eornm.
896 1361 1033 1441 'l'reugis
1053 1377 1146 1458 orgo
1157 1377 1249 1421 eom·-
1256 1418 1260 1426 .

64 1464 196 1544 positis
218 1463 313 1527 rediit
338 1483 397 1527 rex
414 1469 451 1527 in
472 1465 602 1548 Syriam
624 1474 656 1528 et
670 1448 793 1528 adhuc
806 1465 1025 1547 quinquennio
1055 1463 1100 1525 ibi
1128 1463 1272 1534 meridi,
1317 1521 1345 1549 ·.

67 1585 131 1648 pro
154 1569 295 1662 tuitione
315 1567 465 1632 fidelium.
509 1569 631 1633 Audita
651 1579 763 1649 antem
780 1578 882 1648 morte
903 1568 1051 1631 dominae
1072 1569 1249 1649 Blaminae,
1310 1605 1315 1614 ·
1360 1619 1363 1628 ,

70 1671 244 1751 piissimae
272 1653 386 1736 matris
418 1691 530 1754 suaa,
551 1661 754 1757 compositis
749 1676 907 1737 rebus·
896 1660 930 1735 m
958 1671 1098 1755 Sy-ria'
1088 1690 1121 1734 ιιι
1154 1691 1248 1752 sunm

33 1788 35 1794 ·
71 1793 211 1858 regnum
236 1780 390 1886 reversus
410 1785 470 1839 est.
880 1788 884 1796 '

56 1922 63 1986 .'
159 1923 243 1986 Post
264 1880 435 1986 decursum
458 1923 636 2008 aliquorum
658 1943 811 1988 annornm
834 1885 949 1987 dolens
971 1941 1036 1985 rex·
1051 1919 1092 1982 de
1113 1879 1250 2002 oppres-

77 2025 170 2086 sione
197 2027 353 2089 civitatis
377 2037 527 2096 sanotae
524 2029 716 2092 Jerusalem
744 2035 776 2090 et
810 2028 864 2089 de
882 2046 968 2091 noto
1000 2025 1136 2088 affectus
1168 2021 1250 2085 loo'is
1333 2085 1336 2090 ,

80 2130 214 2214 sanctia,
239 2130 356 2192 oblitos
379 2132 483 2194 omanis
505 2133 697 2197 calamitatis
718 2150 800 2194 suae
821 2140 854 2192 et
876 2131 1086 2208 miseriarum,
1113 2143 1195 2210 quas
1215 2126 1272 2188 in*

80 2229 145 2294 itis
166 2221 313 2316 partibus
334 2254 511 2317 perpessus
528 2238 643 2321 tuerat,
665 2240 781 2300 iterato
807 2253 878 2298 oum
910 2235 1037 2298 duobus
1068 2231 1143 2293 filiis
1170 2215 1261 2312 suis,.

51 2335 248 2417 adjuncto
255 2357 333 2420 rege
353 2337 523 2404 Navarrae
540 2351 596 2405 et
608 2342 723 2422 legato
735 2339 912 2440 apostolico
934 2347 965 2400 et
987 2356 1082 2420 quam
1104 2335 1250 2416 pluribus
1290 2353 1294 2360 ’

38 2440 152 2528 aliis
173 2441 348 2526 praelatis,
369 2444 592 2508 sacerdotibus
615 2453 647 2506 et
668 2429 904 2527 spiritualibus,
927 2462 984 2524 pro
1007 2441 1250 2522 recuperatione

58 2551 185 2609 terrae
211 2557 348 2610 sanotae
379 2549 442 2611 iter
473 2558 524 2612 est
557 2566 744 2632 aggressus
795 2547 845 2608 De
873 2545 1016 2608 'oonsilio-
1036 2555 1142 2607 antem
1170 2563 1249 2626 pro-
1373 2596 1376 2602 .

90 2643 189 2713 oerum
215 2651 490 2734 navigaverunt'
481 2675 515 2718 ιιι
526 2647 699 2735 Africam,
730 2663 766 2716 nt
798 2647 950 2734 caperent¹
971 2649 1155 2729 Turrisinm,
1186 2664 1250 2728 qua

92 2753 212 2817 obtenta
232 2757 340 2837 aptius
361 2757 549 2840 Aegyptum
572 2766 604 2820 et
628 2767 744 2821 terram
778 2765 923 2820 sanctam
959 2773 1077 2837 capere
1103 2758 1247 2834 possent
1281 2753 1285 2762 '

97 2851 157 2916 Sed
187 2859 435 2941 superveniente
466 2870 561 2963 peste
592 2864 740 2938 maxima
763 2865 796 2924 in
824 2861 970 2924 exercitu
993 2859 1260 2923 Christianorum·

96 2953 201 3022 mortui
220 2962 262 3026 ibi
283 2971 360 3026 sunt
378 2963 435 3026 titii
467 2967 573 3066 regis.
574 2965 762 3030 [rudovicus
794 2975 827 3028 et
856 2943 1011 3047 praefecti
1040 2951 1248 3042 exercituum,

101 3061 201 3144 sicque
219 3074 310 3147 peste
329 3079 501 3154 grassante
535 3055 724 3150 supervenit
756 3069 853 3132 srater
873 3067 1033 3132 Ludovioi
1060 3065 1157 3146 regis,
1180 3059 1249 3125 Ca·
1355 3091 1358 3096 ·

103 3163 180 3226 rolns
213 3187 310 3232 cnm
308 3191 443 3256 magna
471 3173 578 3236 classe
613 3179 646 3234 et
671 3171 838 3237 'runisium
871 3171 1005 3236 obsedit.
1051 3168 1118 3232 Sed
1154 3174 1249 3251 peste

105 3264 226 3334 afflictus
255 3279 418 3342 exercitus
440 3278 574 3340 firm'atis
607 3275 733 3368 treugis
754 3297 826 3348 cum
859 3295 937 3360 roge
958 3275 1081 3339 nutristi
1121 3291 1247 3337 remea·-

105 3383 204 3437 verunt
221 3377 258 3441 ad
275 3385 417 3466 propria.
522 3420 525 3426 ,

174 3539 298 3620 Mortuo·
331 3555 438 3614 antem
478 3556 591 3610 saneto
616 3525 799 3610 'honorico
838 3565 950 3611 omnes
989 3548 1058 3626 iere
1095 3563 1247 3632 peeomm

110 3650 233 3729 pastoris
250 3649 393 3731 scriptis·
405 3658 437 3712 et
458 3649 594 3714 ludibrio
608 3649 744 3732 'decepti
771 3650 811 3714 de
833 3653 978 3717 Francia?
1001 3661 1034 3717 et
1054 3651 1249 3714 Alemannis

106 3741 147 3803 ‘ad
167 3746 288 3816 uuum
312 3761 555 3838 congregantur
584 3753 727 3818 aeduae
748 3756 905 3848 quodam,
933 3775 1044 3840 qnam·
1058 3756 1247 3850 magistrum
1305 3834 1307 3840 ,

116 3859 383 3935 manicabant,
405 3859 606 3956 regebantur.
648 3859 810 3924 Dicebant
842 3868 966 3943 autem,
995 3861 1080 3943 qnod
1107 3879 1165 3942 per
1186 3878 1248 3923 ιιι-
1277 3933 1280 3942 Δ

119 3946 205 4024 getam
234 3959 284 4024 ais.
312 3972 403 4026 essa
442 3945 641 4046 revelatum,
674 3963 773 4072 cuod
805 3966 1031 4052 promissionis
1055 3973 1182 4032 ῑοιιιιιι
1214 3973 1248 4026 et
1330 3969 1333 3976 '

49 4049 51 4054 ’
120 4035 265 4123 torositm
291 4081 376 4128 non
373 4087 452 4150 por
483 4083 583 4155 reges
603 4076 642 4130 et
670 4061 853 4151 principes,
887 4085 951 4136 non
980 4087 1045 4153 per
1065 4067 1192 4131 nobiles
1212 4073 1248 4128 et
1278 4087 1281 4092 ·
1324 4058 1329 4069 ’
1364 4079 1368 4086 ·

123 4148 642 4253 divites,neopararmatos1)eus
663 4171 765 4234 vellet
788 4171 980 4236 Christianis
1000 4173 1087 4254 dare,
1109 4170 1168 4234 aed
1191 4189 1248 4256 per

123 4253 232 4327 humiles
248 4270 381 4388 adjectos
402 4286 564 4363 pastores,
586 4277 641 4386 ιιιιί
666 4274 793 4338 baculis
811 4276 881 4338 auis
903 4282 937 4338 et
958 4265 1078 4340 terram
1100 4283 1246 4342 sanctam
1328 4347 1332 4356 ,
