2948 4876
687 243 751 310 aro
841 221 844 230 ’

137 445 216 512 pars
237 426 410 492 testudinis
432 425 607 494 reclinatur
623 428 657 492 in
680 448 805 494 murum
827 429 957 514 templi,
980 426 1035 494 vel
1056 429 1161 512 super
1180 423 1308 492 colum.

138 550 218 616 nas,
250 532 292 595 de
313 534 431 617 quibus
458 533 625 617 consurgit
645 534 755 616 templi
775 534 921 600 altitudo.
964 535 1017 598 At>
1037 536 1127 612 intus
1148 536 1235 600 onim
1256 541 1308 598 est

137 637 282 700 circulus
303 639 523 703 columnarium
543 657 813 722 marmorearum,
843 656 942 723 supra
967 656 1101 724 quarum
1124 642 1231 723 capita
1252 657 1307 701 re·

137 752 318 811 curvantur
334 762 431 808 arcus
452 765 511 830 per
530 763 665 828 gyrum,
686 744 780 808 etde
800 747 939 810 mondus
955 753 1010 808 cst
1030 761 1141 808 murus
1160 763 1220 827 per
1240 743 1306 807 cir·

137 850 260 938 cultum
300 850 333 910 in
365 851 465 914 altum
493 857 642 933 erectus,
674 863 786 914 murus
820 860 926 916 autem
959 850 1118 932 emerim,
1139 845 1322 912 columnas‘

137 956 286 1039 cingens,
309 957 406 1020 habet
426 957 630 1020 altitudinem
643 957 873 1041 columnarum,
896 974 1005 1039 aquo,
1026 963 1062 1018 ut
1076 953 1152 1034 dixi,
1174 951 1319 1018 testudo

136 1073 328 1126 recurvatur
348 1081 447 1145 super
467 1061 643 1126 columnas.
692 1065 730 1126 ln
756 1081 846 1127 muro
872 1061 1031 1140 ‚exteriori
1061 1078 1120 1143 per
1139 1058 1306 1122 circuitum

137 1175 215 1229 sunt
237 1168 399 1230 fenestrae
419 1183 574 1248 magnae,
589 1169 757 1252 oblongae,
777 1169 913 1249 vitreae,
935 1169 1020 1229 sicut
1041 1166 1073 1228 in
1094 1163 1253 1246 ecclesiis,
1273 1171 1307 1225 et

137 1272 281 1353 spatium
302 1272 386 1334 inter
407 1270 584 1334 fenestram
607 1281 641 1336 et
664 1273 840 1339 fenestram
862 1280 913 1336 est
938 1280 1087 1354 tantum,
1114 1277 1235 1354 quanta
1255 1275 1306 1330 est

138 1375 297 1458 fenestra,
319 1375 405 1460 quod
426 1377 564 1458 spatium
586 1385 637 1439 est
658 1376 699 1440 de
720 1397 818 1461 opere
837 1379 981 1442 musaico
1005 1378 1045 1440 ab
1068 1384 1161 1440 extra
1180 1374 1305 1457 pretio·

139 1481 272 1544 sissime
293 1482 471 1565 depictum,
485 1483 538 1544 vita
562 1480 647 1563 quod
669 1499 806 1565 campus
825 1485 972 1567 picturae
992 1482 1103 1546 rutilat
1123 1499 1212 1562 auro,
1232 1481 1306 1562 ipsa

140 1594 246 1648 autem
272 1588 396 1668 pictura
428 1581 505 1648 sunt
533 1588 655 1649 formae
686 1589 850 1672 arborum,
881 1589 1057 1672 palmarum
1083 1596 1115 1650 et
1137 1586 1303 1671 olivarum,

141 1697 176 1752 et
197 1693 320 1774 figurae
343 1690 618 1758 cherubinorumt
647 1711 711 1756 non
737 1696 824 1757 enim
846 1695 1010 1777 patiuntur
1034 1692 1115 1756 alias
1145 1691 1305 1774 imagines

140 1795 194 1858 vel
217 1797 402 1878 sculpturas
425 1797 466 1859 ad
485 1815 595 1860 eorum
617 1799 798 1861 muschear.
840 1799 923 1862 Pars
947 1817 1027 1862 vero
1059 1796 1170 1881 templi
1201 1797 1304 1877 altior,

143 1919 231 1984 quae
252 1902 293 1963 de
315 1901 475 1964 columnis
498 1901 537 1962 ab
560 1901 648 1964 intus
660 1903 816 1985 procedit,
836 1903 871 1966 in
892 1903 991 1968 altum
1013 1921 1142 1966 sursum
1157 1901 1304 1984 erigitur,

140 2007 235 2088 quasi
263 2025 305 2068 ex
324 2007 382 2069 illa
402 2007 465 2069 iam
488 2004 575 2068 dicta
596 2005 661 2068 lata
683 2009 941 2072 circumferentia
970 2013 1143 2071 cresceret.
1196 2007 1306 2069 Habet

140 2128 239 2191 supra
260 2129 318 2192 per
339 2128 455 2192 gyrum
478 2109 653 2174 fenestram
675 2110 717 2173 ad
750 2111 927 2210 ferrestram
948 2113 1193 2194 cohaerentem,
1222 2127 1307 2192 quae
1347 2131 1350 2144 ·

141 2215 305 2277 fenestrae
341 2209 448 2277 tamen
478 2223 554 2277 sunt
588 2206 772 2296 breviores,
800 2219 967 2298 parciores
1007 2217 1224 2282 inferioribus.
1268 2219 1306 2278 ln

138 2321 322 2384 summitate
347 2321 446 2382 habet
465 2327 586 2382 tectum
601 2328 802 2383 cameratum
824 2322 969 2405 plumbo,
993 2322 1079 2406 quod
1101 2340 1178 2386 auro
1200 2341 1307 2405 quon-

139 2426 212 2492 dam
234 2427 293 2492 fuit
323 2423 506 2507 obductum,
538 2425 622 2516 sicut
653 2429 772 2510 optimc
804 2427 909 2492 adhuc
943 2435 1053 2511 potest
1073 2428 1197 2511 notari,
1219 2435 1255 2496 cl
1272 2429 1306 2490 in

138 2533 279 2596 culmine
293 2532 373 2594 tecti
394 2537 462 2620 stat
492 2529 569 2593 luna
596 2540 749 2615 cornuta,
771 2551 898 2598 sursum
924 2551 1046 2599 cornua
1065 2535 1201 2618 haberis,
1222 2535 1307 2620 siout

138 2655 236 2720 super
251 2637 557 2700 omnesmuschcas'
569 2647 703 2720 ponunt.
747 2638 873 2704 Lunam
895 2650 1001 2705 autem
1017 2649 1141 2726 ponunt
1163 2640 1197 2702 in
1215 2657 1307 2702 sunt·

137 2743 303 2807 mitatibus
330 2757 463 2804 suarum
495 2739 707 2818 ecclesiarum
744 2752 776 2805 et
809 2729 1032 2812 musclrearum
1070 2747 1217 2827 supinam
1229 2777 1252 2826 ,⁴
1270 2745 1304 2808 in

139 2847 266 2910 modum
288 2844 474 2926 naviculae,
494 2845 586 2925 cujas
607 2865 672 2908 una
691 2839 772 2909 ratio
794 2857 855 2930 cst,
877 2837 953 2930 quia
974 2849 1226 2912 Mahometistae
1247 2867 1306 2912 co-

140 2959 258 3013 nantur
276 2948 382 3012 media
402 2946 541 3029 quadam
562 2949 618 3011 via
636 2949 799 3033 incedere,
821 2953 877 3034 ita,
898 2962 935 3018 ut
955 2963 1017 3014 uec
1036 2952 1222 3036 Christiani,
1244 2971 1306 3016 neo
1335 3015 1345 3032 ἃ
1465 2975 1466 2982 “

137 3054 256 3120 ludaei
276 3052 458 3132 videantur,
491 3061 523 3114 et
553 3062 661 3115 tamen
693 3055 733 3117 ab
764 3049 911 3138 utrisque
942 3057 1144 3139 participent.
1186 3055 1305 3120 Judael

140 3179 219 3244 ergo
239 3177 312 3222 cum
334 3157 414 3219 nihil
435 3156 601 3239 singulare
624 3175 724 3241 super
744 3177 822 3222 suas
846 3176 1034 3244 synagogas
1056 3162 1221 3245 (ponant),
1244 3179 1305 3224 nec

140 3268 235 3328 stram
257 3263 410 3346 ternplum
433 3261 618 3326 snomonrs
640 3263 758 3346 tegitur
777 3265 811 3327 m
833 3245 1116 3349 carnotanam
1139 3267 1303 3349 habuisse,

139 3371 202 3432 nisi
233 3371 341 3451 ipsum
370 3366 513 3448 culmen,
545 3364 720 3432 Christiani
758 3388 836 3432 vero
870 3387 999 3434 crucem
1031 3389 1114 3436 cum.
1136 3372 1223 3454 gallo
1262 3391 1304 3436 ex

137 3475 338 3539 institutione
359 3473 461 3557 prima
482 3473 604 3536 habent
631 3474 665 3537 in
694 3473 887 3538 culminibus
916 3493 1046 3540 suarum
1079 3471 1300 3540 ecclesiarum.

138 3580 181 3643 Ut
203 3597 279 3662 ergo
302 3575 477 3641 sarraceni
508 3579 549 3640 ab
571 3579 716 3662 utrisque
738 3579 904 3666 differant,
927 3601 1055 3646 crucem
1081 3583 1303 3646 refutaverunt

140 3694 172 3750 et
192 3685 312 3770 gallum
341 3683 543 3746 retinuerunt
564 3685 597 3744 in
619 3685 759 3748 culmine
780 3688 852 3750 sine
873 3705 983 3751 cruce.
1027 3688 1069 3750 lut
1099 3689 1175 3771 quia
1208 3689 1302 3754 etiem

140 3807 211 3852 cum
237 3789 324 3873 gallo
354 3788 551 3851 videbantur
582 3789 847 3874 christianizare,
885 3800 1091 3856 mutaverunt
1121 3792 1241 3876 gallum
1267 3794 1302 3856 in

141 3892 245 3956 lunam
259 3901 427 3957 cornutam
448 3893 503 3956 uel
524 3896 692 3976 supinam:
725 3905 757 3959 et
778 3897 843 3960 hoc
862 3898 923 3962 fuit
944 3898 1057 3979 facile,
1089 3899 1167 3982 quia
1194 3897 1302 3981 gallus

142 4006 246 4060 erecto
280 3998 364 4062 collo
404 4009 438 4061 et
468 3999 571 4062 cauda
603 4009 695 4064 stans
731 4003 874 4085 speciem
906 4003 1004 4066 habet
1032 3998 1169 4086 supinae
1196 4003 1301 4064 lunae.

141 4100 216 4164 ldeo
238 4103 331 4165 etiam
353 4104 562 4168 itt-ecclesiis
583 4105 638 4167 ubi
657 4104 736 4188 galli
755 4115 848 4190 sunt,
875 4107 985 4172 dicunt
1007 4109 1071 4191 ipsi
1092 4125 1168 4172 esse
1184 4107 1301 4169 lunam.

141 4203 196 4268 Sic
216 4208 249 4268 ln
271 4209 421 4272 omnibus
443 4207 558 4277 rl'tllrus
581 4209 726 4274 fecerunt
747 4211 902 4294 quasdam
924 4214 1128 4293 mutationes,
1149 4219 1185 4274 ut
1206 4208 1303 4274 diffe-

141 4319 208 4374 rant
228 4315 249 4374 'a
269 4311 371 4375 nobis.
416 4313 595 4384 attentio
617 4321 670 4378 est
701 4333 743 4381 ax
773 4325 865 4400 parte
885 4317 1102 4401 Machametr',
1130 4317 1192 4400 qui·
1215 4324 1302 4380 totns
