2954 4914
698 228 760 316 tec

326 352 343 386 Ο

14 493 15 524 ι
133 430 210 513 ejas
226 429 391 530 jucundae
412 430 495 494 duae
516 430 611 493 nobis
643 437 877 515 apparuerunt,
910 439 943 494 et
964 429 1012 494 ad
1033 428 1195 514 locam,'
1185 447 1219 490 ιιι
1241 447 1306 512 qne

127 525 296 619 ,Dominus
320 536 504 618 flagellatus
524 535 681 618 creditur,
702 555 765 600 nos
786 537 956 601 duxerunt.
989 535 1052 598 list
1072 536 1161 600 enirn
1180 533 1307 616 capella

135 640 293 723 rotunda,
323 641 537 717 testudinata,
574 639 614 702 ad
636 642 708 724 eJ'us
737 641 823 704 latus
856 649 906 703 est
927 657 1086 702 ascensus
1120 641 1162 702 ιιι
1176 638 1305 702 doraum

135 748 354 828 superiorem,
387 744 549 809 immunde
581 754 689 808 autem
722 754 757 809 et
788 748 860 810 sine
890 737 1011 808 honore
1047 751 1161 808 tenent
1196 744 1303 810 locum

135 852 235 912 istum
265 869 413 934 sacrum,
440 860 473 914 et
495 859 545 913 est
574 851 668 934 quasi
697 851 827 920 sentina
856 848 1029 930 domnas
1019 866 1053 911 ιιι
1074 866 1170 934 quam
1199 849 1306 912 omnia

135 963 350 1040 purgamenta
368 955 566 1038 injiciuntur.
597 957 671 1018 Hoc
692 961 802 1022 tamen
823 973 888 1018 nan
908 935 1058 1017 obstante
1077 939 1305 1018 descendimus

81 1085 84 1092 ¹
134 1059 170 1120 in
191 1060 427 1141 immunditias,
453 1070 486 1122 et
507 1060 671 1136 orationes
693 1068 822 1124 nostras
848 1059 1009 1141 fudimus,
1031 1065 1064 1120 et
1085 1055 1305 1138 indulgentias

135 1163 301 1246 plenariae
332 1165 417 1248 (ιι)
446 1165 657 1251 absolutioqis
685 1166 883 1268 aecqimus.
927 1164 982 1227 An
1009 1169 1118 1225 autem
1145 1160 1306 1225 Dominus

134 1267 170 1330 in
192 1268 305 1331 eodem
326 1269 397 1332 loco
420 1269 517 1332 luerit
538 1272 747 1356 coronatus,'
738 1290 771 1333 ιιι
793 1288 857 1355 quo
877 1270 940 1333 latit
961 1266 1156 1352 flagellatus,
1178 1253 1308 1330 videtur

134 1391 179 1435 ex
206 1373 332 1457 Euang.
355 1375 532 1460 Matthaei
545 1384 578 1440 et
594 1375 709 1457 Marci,
732 1371 817 1458 quod
840 1377 936 1438 fuerit
962 1374 1093 1458 publice
1119 1371 1305 1454 flagellatus

137 1486 247 1562 extra,
274 1487 312 1564 ,ιιι
334 1481 421 1542 intus
446 1481 480 1542 in
507 1472 588 1543 atrio
611 1490 792 1570 coronatus.
838 1479 905 1545 Sed
926 1479 1088 1543 Johannis
1115 1476 1207 1538 XIX.
1239 1495 1307 1558 po·
1358 1561 1362 1568 .

136 1591 258 1664 ιιιιιιιιιι
277 1583 371 1660 simul
393 1585 567 1677 flagellqtio
588 1594 623 1648 et
641 1586 822 1666 coronatiu3
834 1589 895 1663 ¹sic
916 1594 948 1648 et
968 1583 1054 1647 idem
1068 1582 1168 1653 ¹locus
1190 1587 1306 1644 osten·

137 1685 224 1751 ditur
245 1688 471 1770 flagellationis
500 1699 533 1754 et
554 1692 781 1760 coronatienis.
823 1691 948 1754 Verum
976 1699 1084 1752 tamen
1116 1692 1186 1768 est,
1217 1683 1305 1770 quod

137 1791 211 1854 loca
240 1793 306 1855 ista
336 1803 476 1876 propter
492 1793 713 1868 'aedificiorum
743 1795 978 1859 destructiones
1011 1803 1045 1857 et
1085 1790 1306 1874 reparationes

138 1895 314 1971 difficulter
343 1907 481 1980 possunt
512 1901 656 1994 reperiri.
701 1899 752 1961 De
772 1899 829 1962 illa
861 1900 956 1962 domo
987 1896 1064 1961 vide
1093 1895 1148 1958 fol.
1182 1895 1243 1958 138
1263 1893 1304 1954 A.

136 2003 209 2084 Ego
231 2003 307 2064 bina
325 2003 402 2064 uico
432 2004 641 2088 intromissus
665 2004 722 2066 fui.
765 2005 946 2086 Reputatnr
977 2019 1147 2084 magnum,
1179 1997 1308 2097 qnando

137 2109 330 2191 peregrinus
352 2105 474 2173 nalum
496 2106 661 2188 praedicto
683 2107 763 2189 fuit,
782 2110 867 2170 inter
889 2107 977 2170 mille
1007 2106 1092 2168 enim
1113 2121 1177 2165 non
1198 2110 1307 2185 potest

137 2229 224 2274 unus
245 2209 379 2293 ingredi
421 2213 459 2273 ln
481 2211 568 2274 exitu
590 2219 701 2276 nostro
722 2210 871 2274 dedimus
881 2194 1021 2300 puellis
1044 2208 1170 2290 aliquos
1202 2204 1308 2284 madi·
1319 2244 1324 2248 -

138 2333 215 2397 ιιοε,
244 2332 419 2398 quoscum
442 2334 560 2399 magus
590 2315 792 2399 'gratitudine
825 2323 1036 2399 acceperuut,
1073 2321 1105 2374 et
1126 2331 1185 2395 per
1205 2313 1308 2392 iqter-

137 2428 260 2502 pretem
283 2419 434 2482 dicebant
453 2423 570 2505 nobis,
603 2421 690 2505 quod
711 2424 978 2512 quotiescumque
1000 2428 1093 2511 pater
1114 2437 1224 2483 comm
1245 2417 1307 2480 ab·

137 2533 226 2586 esset
246 2523 358 2605 (282
368 2525 436 2608 A),
458 2527 595 2590 libenter
623 2547 684 2591 nos
704 2528 917 2592 intromittere
937 2526 1070 2590 vellant.
1103 2522 1231 2587 Saevus
1253 2531 1307 2586 est

139 2630 223 2691 enim
245 2639 337 2710 pater
358 2630 413 2692 ille
435 2632 476 2695 ad
504 2632 608 2714 filias,
640 2634 724 2696 sicut
743 2634 785 2699 ad
805 2635 886 2698 alios
918 2633 1064 2696 homines
1096 2627 1303 2710 christianos,

138 2731 221 2814 qdos
242 2735 338 2796 etiam
358 2735 471 2799 videre
491 2756 555 2812 non
575 2748 692 2821 potest,
715 2749 747 2802 et
769 2740 843 2803 ideo
863 2757 905 2802 ex
925 2757 989 2819 quo
1004 2735 1180 2798 Christiani
1200 2733 1304 2816 parti

138 2837 249 2918 cipant
277 2837 318 2898 de
339 2833 528 2902 crudelitate
548 2842 636 2904 illins
665 2844 728 2912 viri
749 2862 824 2906 cunr
843 2841 972 2906 filiabus
1003 2840 1090 2922 ejus,
1121 2839 1306 2900 afficiuntur

107 2946 114 2966 l
141 2927 234 3020 nobis
248 2947 298 3001 ot
322 2942 356 3001 ιιι
378 2951 574 3028 contemtum
594 2947 698 3026 patris
717 2946 930 3009 introducunt
949 2943 1167 3009 Christianos.
1202 2938 1306 3004 llrant
1338 2974 1343 2983 ·

141 3043 227 3103 enim
248 3041 333 3106 duae
352 3047 521 3125 speciosae
542 3033 631 3109 filiae
646 3049 913 3130 grandiusculae,
935 3059 968 3112 et
988 3049 1021 3111 in
1039 3046 1172 3109 introitu
1193 3051 1304 3108 nostro

141 3147 290 3228 velamen
324 3147 477 3214 facierum
511 3149 746 3235 deposuerunt,
785 3163 820 3216 et
848 3151 1002 3236 jocundis
1033 3150 1180 3220 vultibus
1211 3150 1305 3214 nobis

140 3252 434 3340 conversabantur,
456 3254 541 3338 qnod
564 3256 848 3321 oumSarracenis
869 3275 970 3321 ausae
990 3275 1054 3320 non
1075 3256 1225 3324 tuissent.

193 3447 356 3578 *Pulchra
380 3503 624 3606 peregrinatio
648 3505 693 3580 lt.
720 3505 775 3582 lt..
790 3507 835 3582 lt.
856 3531 931 3614 per
954 3507 1037 3583 loca
1062 3505 1241 3606 subjecta.

220 3683 367 3766 Septima
397 3683 450 3746 die
487 3695 563 3749 ante
604 3687 685 3752 solis
726 3698 836 3752 ortum
886 3687 984 3753 dlctis
1026 3689 1191 3752 matutinis
1228 3705 1301 3752 cunr

140 3805 255 3850 aurora
274 3787 496 3872 illucesceret,
527 3793 603 3855 steti
624 3793 665 3870 iq
679 3793 799 3873 emlJitn
823 3795 981 3876 superiori
1003 3794 1136 3857 claustri
1168 3792 1300 3854 fratrum

134 3894 256 3968 ,montis
287 3891 396 3977 Syon,
411 3904 461 3981 ‘et
489 3898 614 3978 conjeci
644 3895 757 3962 oeulos
782 3898 942 3980 profunde
971 3897 1121 3962 deorsum
1144 3896 1302 3978 usquein

138 3995 254 4060 vallem
276 3996 467 4080 GehinnonJ
500 4001 649 4082 pulsabat
674 4010 783 4066 autem
804 4013 858 4066 rue
884 4001 1097 4084 desiderium,
1129 4008 1166 4063 ut
1187 3999 1302 4067 eodem

110 4142 115 4154 .
141 4118 233 4164 mane
253 4099 483 4166 descenderem
510 4107 580 4168 'tem
602 4105 762 4189 profunde
781 4105 816 4169 in
836 4105 955 4174 vallem
977 4106 1098 4188 ipsam,
1131 4106 1301 4188 quous'que

140 4212 276 4285 nontam
287 4205 379 4292 Syna
397 4207 510 4272 videre
530 4211 669 4292 amplius
691 4229 755 4274 non
773 4227 919 4293 possem,
940 4216 978 4271 at
998 4215 1033 4270 et
1055 4208 1177 4269 tantem
1193 4206 1302 4288 llagel

139 4325 334 4396 quaererem,
355 4321 388 4374 et
409 4311 548 4395 lapidem
569 4313 730 4395 Zoelech,
754 4312 796 4376 de
816 4316 934 4395 quinus
958 4305 1094 4377 Ιιιιιιιιιιι
1113 4309 1137 4373 3
1156 4307 1239 4393 lleg.
1261 4313 1304 4395 1.,
