2896 4872
215 425 326 476 cam
346 402 908 472 animumanimum
927 407 963 470 iu
984 415 1106 472 terram
1132 414 1182 476 οι
1222 407 1375 470 invitis

214 515 312 596 puis
328 528 349 574 e
368 517 462 591 purte
478 511 579 572 meris
599 510 797 576 obsederunt
816 513 936 576 urbem.
978 512 1031 574 lle
1050 511 1105 574 die
1135 519 1293 574 autom
1323 511 1396 572 iud

215 614 483 699 augmentabatur·
503 616 666 678 exercitus
687 617 753 679 Dei
774 617 927 700 viventis,
948 617 994 680 ite
1015 623 1053 680 ιιι
1074 615 1311 698 Solemus,
1338 617 1393 698 qui

215 721 280 786 ulie
305 727 399 802 parte
418 719 556 782 tentoria
577 717 702 801 lixeret,
733 720 860 803 lugeret
880 738 952 784 cum
985 724 1056 784 suis
1078 730 1113 784 et
1136 723 1287 784 nostri
1315 729 1397 782 tran

215 825 315 890 fluvio
345 830 445 886 toton
475 823 641 888 civitatem
672 825 910 888 circumdarent
932 835 965 889 et
995 828 1249 890 vehementer
1278 833 1397 886 uetare

216 939 250 995 ot
270 931 355 997 ieter
379 927 471 990 littus
502 930 602 990 mula
637 937 670 992 ct
703 928 836 992 lluvium
857 930 926 994 Nili
956 931 1095 994 tentorio
1127 930 1329 1012 iigercut.
1371 928 1397 986 ll

215 1041 327 1110 ulem
360 1031 506 1096 mlrehile
537 1033 617 1096 lecit
642 1033 821 1117 Dominus,
852 1032 938 1117 quod
969 1038 1003 1098 iu
1033 1037 1108 1116 ipsc
1147 1033 1397 1110 adventure

217 1139 358 1209 huminis
379 1137 530 1200 coenon
558 1137 639 1200 mari
666 1135 773 1202 dulcis
792 1139 1014 1218 hauriebatur,
1044 1156 1109 1202 uec
1141 1137 1334 1201 ascendit
1355 1151 1397 1216 ap

218 1243 363 1324 multum,
385 1244 473 1302 sicut
492 1251 719 1325 consueverat,
741 1245 834 1326 quusi
854 1243 972 1326 populo
986 1243 1048 1306 llei
1060 1243 1185 1306 siccus
1216 1243 1332 1305 locus
1350 1257 1397 1301 cor

217 1356 420 1426 semratur,
441 1343 502 1408 sed
522 1354 597 1426 post
620 1356 849 1410 excrescentes
869 1366 971 1430 eques
991 1355 1099 1410 cestre
1125 1346 1309 1410 fidelium
1333 1361 1397 1408 cetu

218 1460 345 1538 petunt,
366 1459 398 1512 et
421 1466 495 1512 cum
521 1449 585 1512 hoc
605 1451 709 1532 pestis
731 1452 941 1534 grassabatur
962 1453 995 1514 in
1017 1459 1131 1514 nostro
1159 1454 1345 1515 exercitu.

245 1607 251 1618 .
301 1556 386 1620 llum
431 1554 529 1635 igitur
567 1553 745 1618 Christiani
774 1556 836 1642 ,sic
864 1565 1112 1637 perseverarent
1153 1560 1196 1618 iu
1248 1555 1391 1619 obsidione

218 1663 409 1735 Dominae,
463 1656 665 1722 Corredirius
726 1661 834 1742 magni
875 1657 1012 1726 'Scldeui
1054 1660 1144 1722 lilius
1208 1669 1388 1743 congrege·¹

220 1785 351 1832 suorum
384 1763 528 1826 exercitu
563 1763 597 1834 in
645 1763 775 1846 Syriam
817 1765 907 1828 veuit
946 1765 988 1828 ed
1026 1764 1224 1828 Jerusalem
1283 1779 1397 1844 ιιιιιιιιιε1

221 1873 386 1942 civitmem
411 1875 558 1930 sanctam
591 1867 736 1931 funditus
759 1871 860 1936 intus
887 1870 1031 1952 lorisque
1063 1868 1238 1938 destruxit
1287 1877 1386 1951 praete

223 1975 375 2058 templum
398 1972 591 2035 dominicum
611 1981 646 2034 et
668 1975 782 2036 turrim
803 1974 921 2037 David.
965 1975 1008 2036 Et
1042 1975 1105 2037 hoc
1136 1974 1222 2037 ideo
1249 1974 1339 2056 fecit,
1361 1987 1383 2032 rt

223 2077 399 2144 Christiani
420 2085 493 2158 post
515 2079 697 2159 ceptionem
719 2081 888 2170 Demiatee
915 2077 1054 2162 aliqum
1079 2079 1310 2140 munitionem
1336 2093 1381 2138 ue·

223 2186 436 2250 ditemneem
466 2182 621 2244 habereut
654 2192 688 2245 et
719 2192 866 2246 tenerent
896 2185 930 2246 in
966 2203 1066 2266 regno
1097 2184 1379 2266 lerosolymitun:

225 2289 440 2370 desperabant
460 2289 565 2370 enim,
600 2298 698 2370 capte
727 2288 880 2353 Damiate
915 2307 1047 2371 reguum
1083 2288 1375 2370 Jerosotyueiteuuu

224 2409 324 2476 posse
353 2389 492 2453 delendi.
535 2391 635 2455 Porro
662 2395 694 2454 in
724 2392 943 2455 destructione
963 2393 1144 2455 Jerusalem
1175 2392 1374 2456 delihcrahtd

225 2496 356 2578 pegeni,
377 2511 420 2554 en
440 2494 563 2556 vellent
584 2498 754 2560 ecclesiam
775 2498 926 2562 dominici
948 2497 1110 2578 sepulchri
1121 2498 1222 2558 etiem
1247 2495 1373 2558 destruo·

226 2617 272 2680 re,
294 2596 354 2660 sed
375 2615 468 2658 nemo
489 2615 589 2662 susus
611 2602 671 2664 luit
692 2621 805 2665 munus
827 2621 999 2685 apponere,
1020 2601 1166 2663 commoti
1188 2610 1269 2662 suut
1288 2610 1370 2662 tornet

226 2722 285 2786 per
302 2702 430 2783 literas,
457 2719 540 2784 quas
567 2705 723 2774 miseruut
755 2689 988 2774 inexercitum
1010 2714 1187 2768 nostrorum
1213 2706 1300 2788 epod
1318 2705 1368 2767 lle·

227 2809 369 2892 toletam,
391 2808 476 2891 quod
499 2810 563 2872 uisi
584 2811 780 2874 obsidionem
803 2812 900 2874 citius
921 2811 1102 2893 solverent,
1133 2809 1300 2872 ecclesium
1329 2828 1365 2872 ro·

227 2915 438 2978 surrectionis
473 2913 620 2977 funditus
660 2916 827 2978 destrucre
872 2915 1003 2996 vellent.
1061 2913 1184 2976 Deinde
1222 2914 1364 2978 destructa

226 3020 432 3102 lerosolyma
453 3019 610 3103 quaedem
633 3019 889 3082 Christianorum
912 3028 1020 3082 cestra
1040 3021 1222 3102 occuparit,
1241 3021 1361 3102 cepitet

227 3123 396 3208 destruxit,
417 3142 501 3207 quae
519 3142 622 3206 nuper
635 3125 764 3188 inerant
782 3125 959 3188 aedificato.
993 3127 1119 3186 luteres
1136 3124 1255 3186 civitate
1274 3119 1360 3204 (285

228 3227 280 3302 Α)
301 3229 450 3296 Demiete
472 3230 569 3312 longa
593 3231 759 3312 obsidione
781 3229 876 3312 ferro,
900 3231 985 3293 teme
1006 3240 1038 3292 et
1058 3229 1230 3312 pestilentie
1246 3231 1356 3310 afflicte,

120 3339 122 3344 '
228 3337 342 3392 corttra
372 3329 548 3398 Soldanum
574 3343 606 3396 et
633 3336 788 3418 mej0res,
821 3339 877 3418 qui
905 3335 1031 3398 civitati
1051 3343 1225 3416 praeerunt,
1255 3334 1354 3417 vulgus

230 3436 446 3498 murmurabat
468 3436 630 3522 dicentes,
659 3459 697 3502 sc
727 3439 927 3504 incommoda
955 3437 1131 3500 obsidionis
1158 3437 1274 3502 tolerrro
1302 3457 1351 3502 uon

229 3554 341 3621 posse,
364 3553 447 3620 quos
467 3541 630 3606 Soldenus
649 3544 842 3626 specificans
874 3561 931 3606 eos
952 3561 973 3604 e
1007 3542 1161 3606 deditione
1189 3545 1349 3623 retrahebat,

230 3640 458 3726 mandavitque
479 3648 559 3730 suis,
590 3651 645 3730 qui
666 3651 752 3712 intus
774 3658 882 3730 erant,
902 3648 1098 3710 intrinsecus
1119 3655 1211 3728 portae
1238 3649 1346 3728 obstrui,

230 3765 272 3810 nc
293 3747 396 3828 cives,
419 3750 473 3830 qui
491 3750 575 3812 ieme
598 3761 630 3813 et
652 3764 745 3835 peste
770 3753 977 3835 luborabunt,
1009 3751 1051 3813 ed
1073 3750 1247 3816 Christianos
1271 3761 1344 3814 bau·

229 3851 331 3917 sireut
358 3861 391 3915 et
417 3854 559 3918 civitatis
588 3857 735 3921 miserias
765 3861 957 3922 nuntiarent.
1000 3857 1041 3918 tlt
1073 3853 1242 3918 conscium
1272 3855 1342 3916 intur

231 3959 317 4024 fame
338 3957 537 4040 laborabant,
559 3964 790 4026 verumetiam
812 3966 846 4023 iu
867 3962 1117 4026 Serraceucrum
1143 3959 1247 4042 eure,
1274 3979 1338 4044 que

228 4084 293 4130 non
325 4063 421 4148 leuge
448 4083 469 4128 a
506 4066 626 4130 uostris
658 4065 841 4149 distabant,
877 4067 975 4132 lamis
1001 4068 1152 4130 acerbitas
1177 4063 1335 4146 inculcent,

229 4170 326 4233 Nilus
347 4169 431 4232 euim
459 4169 595 4250 fluvius,
627 4173 682 4252 qui
704 4181 779 4252 post
806 4172 926 4268 festum
948 4171 1108 4234 Jeheums
1126 4171 1254 4252 heptistte
1269 4170 1333 4233 solet

229 4271 385 4352 inundare
415 4289 521 4358 usque
553 4273 594 4336 ad
626 4273 853 4339 eiulationum
888 4284 1023 4379 serrone
1057 4275 1159 4338 crucio
1181 4281 1206 4336 et
1221 4273 1330 4357 Aegypti
1389 4273 1390 4361 l
