2926 5050
191 595 233 664 Ἀ
250 593 292 660 A
313 593 515 660 artatus
538 603 572 658 ot
594 594 649 658 iol.
665 593 739 660 att.
781 593 860 660 Fuit
880 595 966 660 emim
986 595 1204 664 miserabilior
1226 599 1368 668 omnium

190 700 377 766 miserorum
406 697 522 764 lactus.
573 701 675 782 lgitor
701 699 756 781 qul
784 700 877 762 missi
907 701 1037 764 ineunt
1066 703 1108 764 ad
1140 700 1369 788 quaerendum

190 815 335 870 nostmm
355 805 479 868 waiam
500 812 533 867 et
556 803 708 868 devotam
732 812 927 887 matmnam,
953 807 1158 889 vagabantur
1188 824 1274 870 cum
1304 805 1370 867 cla-

192 909 334 973 moribus
344 925 404 990 per
420 906 508 970 viam
529 905 660 987 deserti,
682 916 715 970 et
732 925 837 990 nsque
851 909 1054 972 adJordanis
1069 909 1205 974 alveum
1226 910 1370 974 descen-
1431 953 1432 978 t

192 1013 308 1078 demat
329 1010 369 1074 ad
391 1010 510 1094 locum,
533 1011 589 1074 ubi
612 1011 773 1074 loominae
794 1012 964 1076 balnense
985 1013 1132 1096 fuerant,
1158 1023 1196 1076 et
1228 1015 1280 1077 ibi
1303 1029 1371 1074 eam

191 1119 226 1182 ln
257 1114 446 1180 arundineto
477 1117 670 1178 invenerunt
706 1117 870 1198 jacentem
904 1125 939 1178 et
977 1117 1199 1181 dormientem.
1266 1115 1371 1193 Quam

192 1222 366 1286 excitatam
385 1229 601 1304 mseeperunt
622 1239 706 1304 aquo
727 1221 947 1304 imponentes,
969 1230 1094 1286 etcum
1116 1221 1218 1283 laetis
1244 1220 1371 1282 clamo-

189 1327 281 1394 ribus
301 1326 344 1390 ad
368 1341 431 1388 nos
452 1320 679 1408 manderent,
702 1343 742 1388 ae
763 1325 794 1390 si
815 1325 916 1388 feram
946 1325 1131 1391 silvestrem
1159 1325 1349 1408 cepissent.

193 1683 196 1690 ,
235 1577 295 1694 Ile
309 1555 312 1562 ⁴
325 1637 392 1706 eo,
427 1611 535 1713 qnod
555 1614 593 1689 in
623 1613 818 1690 ecclesiam
852 1612 894 1690 S.
925 1613 1104 1692 Johannis
1132 1613 1330 1718 peregrini
1373 1612 1377 1632 ¹

677 1743 866 1810 venerunt.

275 1960 422 2044 Accepta
439 1967 546 2024 autem
565 1977 637 2022 cum
657 1958 777 2042 gaudio
807 1969 858 2023 est
884 1969 1045 2043 matrona,
1080 1971 1114 2024 et
1147 1955 1364 2043 congratula-

192 2067 309 2129 bantur
328 2068 359 2128 al
382 2065 457 2128 loni
478 2065 553 2147 vlri,
574 2074 743 2147 tamquam·
759 2066 814 2128 ovi
834 2063 989 2148 perditae,
1011 2074 1046 2129 ut
1068 2066 1226 2148 contingit
1249 2065 1364 2126 Lucae

194 2170 282 2251 XV,
304 2179 337 2234 et
364 2169 500 2232 ulterius
520 2169 686 2251 progressi
706 2185 830 2252 sumus,
852 2178 884 2231 et
906 2179 997 2233 extra
1018 2171 1152 2233 arbusta
1174 2176 1209 2233 et
1231 2169 1363 2250 spineta
1431 2207 1432 2250 ,

194 2279 226 2338 in
250 2275 452 2340 decalvatam
473 2283 591 2338 terram
612 2274 771 2353 venimus,
791 2275 825 2335 in
849 2293 913 2357 qua
931 2279 995 2337 'ne'c
1016 2275 1208 2336 herbaanec
1225 2273 1362 2336 arbusta

196 2385 339 2463 stabant,
373 2379 434 2444 sed
454 2379 556 2441 colles
578 2379 706 2441 arcnosi
728 2387 761 2440 et
783 2386 924 2442 tumores
953 2397 1026 2440 eam
1050 2378 1255 2460 inaequalem
1286 2372 1362 2438 red-

196 2485 324 2548 debant.
366 2485 404 2546 ln
426 2499 584 2563 processu
605 2499 683 2563 ergo
705 2483 854 2546 venimus
882 2481 924 2545 ad
955 2502 1051 2545 unam
1077 2479 1249 2545 ecelesiam
1279 2478 1360 2542 satis

129 2623 133 2630 ·
192 2579 354 2668 magnam,
376 2596 531 2667 quaeest
553 2585 694 2650 ecclesia
714 2585 751 2655 S.
771 2587 931 2650 iohannis
952 2588 1134 2670 Baptistae,
1161 2596 1193 2648 et
1213 2587 1258 2648 ibi
1282 2601 1360 2666 pro-
1431 2583 1432 2596 ³

192 2691 340 2754 siluimus
373 2688 415 2750 de
450 2689 570 2769 asinis,
599 2697 631 2749 et
670 2689 811 2770 ingressi
838 2690 1010 2754 ecclesiam
1036 2701 1069 2754 et
1101 2692 1135 2752 in
1163 2699 1284 2753 terram
1319 2681 1358 2747 ad

193 2795 371 2858 orationem
397 2807 458 2852 nos
479 2791 714 2873 prostravimus
742 2793 946 2857 et’Ollicium
969 2798 1132 2878 signatum
1155 2797 1187 2855 iu
1209 2790 1359 2877 peregri-

193 2897 260 2962 nali
293 2894 528 2978 processionali
549 2894 780 2979 persolvimus,
811 2905 846 2959 et
873 2899 1090 2981 indulgentias
1112 2899 1275 2982 plenariae
1305 2913 1357 2957 re-

193 3001 358 3068 missionis
391 3001 597 3083 accepimos,
625 3009 657 3064 et
683 3002 716 3064 in
746 3005 858 3066 umbra
880 3001 1043 3084 paululum
1071 3004 1304 3086 respiravimus
1326 3006 1358 3060 et

194 3105 402 3172 consedimus
426 3105 518 3189 (††).
561 3106 638 3169 Dixi
658 3117 766 3170 autem
797 3110 981 3190 peregrinis
1010 3111 1230 3190 vexationem,
1260 3122 1356 3190 quam
1431 3097 1432 3110 ³

192 3215 283 3296 passi
315 3214 401 3285 circa
421 3214 507 3276 hunc
528 3213 632 3276 locum
656 3200 831 3276 luimus'in
862 3230 934 3274 mea
964 3215 1065 3294 prima
1090 3214 1356 3294 peregrinatione,

194 3337 289 3402 quam
312 3329 343 3384 et
363 3319 417 3382 lric
438 3321 583 3384 inserere
604 3319 725 3381 curavi.
770 3315 854 3379 Cum
876 3317 961 3379 enim
983 3317 1024 3380 de
1045 3317 1217 3381 solitudine
1238 3331 1357 3378 ascen·

193 3421 374 3502 dissemus,
395 3430 568 3506 antequam
582 3419 635 3483 ‘ad
664 3420 834 3484 ecclesiam
856 3421 1059 3502 veniremus,
1093 3428 1257 3484 truserunt
1295 3433 1355 3482 nos

193 3523 342 3588 ductores
364 3526 465 3587 nostri
487 3524 530 3586 de
549 3523 652 3586 asinis
684 3532 840 3604 cogentes
854 3542 915 3587 nos
927 3524 1045 3587 ducere
1056 3527 1166 3589 asinos
1176 3497 1218 3588 ad
1230 3537 1355 3601 manue,

191 3633 228 3690 et
248 3627 464 3708 obstiterunt,
488 3626 625 3708 nequis
652 3625 694 3687 ad
722 3627 894 3692 ecclesiam
916 3626 1125 3712 ascenderet,
1153 3647 1238 3712 quae
1258 3641 1354 3709 supra

191 3729 280 3792 viam
301 3735 386 3811 stat,
417 3729 477 3794 sed
508 3747 579 3791 oum
603 3729 809 3794 festinatione
831 3740 865 3794 et
896 3752 969 3797 oum
1001 3733 1131 3796 silentio
1159 3735 1354 3816 pertransire
1431 3733 1432 3738 ’

194 3831 366 3896 eeclesiam
387 3833 590 3896 mandabant.
634 3833 742 3900 Dorus
765 3845 871 3900 autem
893 3839 987 3900 nobis
1017 3837 1077 3900 fuit
1105 3840 1260 3900 transitus
1290 3836 1352 3914 ille,
1431 3825 1432 3854 ¹

193 3935 269 4018 qnia
290 3936 393 4000 invita
415 3938 586 4002 ecclesiam
608 3937 803 4023 dimisimus,
826 3949 859 4002 et
880 3959 944 4004 non
971 3941 1107 4003 libenter
1138 3940 1353 4021 indulgentias

192 4037 412 4122 negleximus,
435 4051 562 4107 etcum
583 4045 645 4108 hoo
666 4061 803 4108 arenosa
825 4044 886 4106 luit
916 4047 990 4130 via,
1020 4054 1053 4108 et
1079 4044 1220 4127 quolibet
1256 4057 1352 4125 passu

178 4144 371 4227 pmlundae
398 4163 517 4210 arenae
537 4147 708 4212 incidimus
737 4150 832 4233 quasi
867 4149 1039 4232 usquead
1068 4167 1192 4230 genua,
1220 4155 1255 4210 et
1287 4151 1353 4209 erat

187 4247 296 4312 adhue
310 4249 506 4316 calidissima
523 4250 637 4334 [dies,]
657 4261 689 4315 et
704 4254 785 4316 solis
808 4253 917 4316 fervor
936 4253 1191 4337 intensissimus,
1208 4259 1242 4314 et
1253 4248 1351 4314 valde

189 4353 325 4416 cruciati
346 4363 381 4418 et
393 4353 549 4418 debilitati
566 4354 685 4417 luimus
697 4375 754 4437 per
770 4359 868 4420 istum
887 4357 999 4420 durum
1016 4356 1194 4420 transitum.
1227 4352 1351 4416 Caussa

192 4467 298 4522 aotam
317 4468 387 4520 erat
406 4461 473 4520 ista
489 4453 683 4540 (Μωι
705 4458 837 4538 qnidam
856 4457 1047 4521 maledictus
1060 4457 1169 4518 Arabs
1191 4465 1223 4518 et
1236 4471 1351 4520 saevus
