2842 4882
225 433 323 496 irater
349 428 525 491 monachus
551 424 738 489 monasterii
764 433 797 488 et
827 425 979 506 aerina,
1016 425 1149 488 nomine
1182 427 1360 492 Nicodemn

222 536 376 598 ducturos
397 548 459 592 uos
480 532 513 594 in
535 539 662 594 mentes
681 535 823 592 motos
868 527 1052 590 llecensuit
1070 538 1185 593 autem
1207 536 1364 615 peregrine

221 648 254 702 et
283 635 456 720 quemlibet
477 635 511 697 in
539 634 697 716 singulari
726 631 869 714 respexit
889 639 924 692 et
945 651 1029 716 qnos
1062 634 1195 699 debiles
1225 637 1356 719 judicari

221 757 422 828 nequaquam
445 735 608 820 proficisci
630 737 796 800 nobiscnm
827 735 929 798 voluit
958 737 1092 820 dicens,
1113 740 1209 803 viam
1246 760 1322 804 esse
1338 759 1365 799 u·

221 848 318 910 duam
348 853 382 906 et
408 845 501 905 sauls
527 859 672 923 gravem.
715 838 773 906 Sic
800 858 877 923 ergo
906 840 1035 922 quidam
1073 845 1250 926 peregrini
1286 844 1360 905 iniit

221 955 459 1026 remanserunt,
481 945 611 1028 qnidam
631 953 737 1006 antem
758 945 844 1025 (b),
865 944 941 1006 licet
961 944 1080 1008 infirmi
1101 957 1243 1030 essent,
1272 949 1360 1012 omnir·

219 1073 351 1120 manere
382 1049 543 1114 nolebant.
585 1049 784 1129 Accepimus
816 1047 965 1112 sacculos
999 1055 1131 1112 nostros
1165 1069 1248 1114 cnm
1270 1051 1360 1114 abab

221 1169 253 1222 et
281 1160 442 1222 flascones
468 1171 539 1216 cnm
563 1153 638 1215 tino
658 1160 691 1213 et
712 1149 884 1231 amphoras
905 1169 977 1214 cnm
1008 1171 1111 1237 aqua,
1138 1173 1235 1240 quae
1256 1175 1310 1238 per
1334 1154 1360 1212 li·

220 1263 316 1328 duum
345 1259 551 1338 sufficerent,
583 1265 616 1318 et
635 1272 676 1317 ea
695 1254 846 1316 asinariis
866 1259 988 1319 nostris
1010 1256 1208 1322 tradidimus
1230 1255 1359 1342 mnudi

219 1369 295 1452 quia
315 1364 418 1448 parati
440 1370 531 1423 eraut
552 1357 730 1422 ascendere
750 1359 919 1422 uobiscum
938 1381 997 1444 pro
1018 1371 1129 1425 nostro
1150 1365 1305 1427 servitio.
1329 1359 1359 1420 Sl

188 1541 191 1546 ,
218 1488 297 1554 ergo
319 1467 411 1531 nobis
434 1464 599 1547 dispositis
623 1461 740 1526 -eduxit
763 1482 824 1526 nos
852 1464 952 1527 irater
976 1463 1183 1530 Nicodamus
1217 1469 1262 1531 de
1283 1482 1358 1528 mon·

217 1574 317 1636 sterio
338 1588 396 1653 per
412 1577 546 1649 portam,
561 1586 620 1648 per
641 1585 738 1650 quam
752 1568 891 1650 ingressi
910 1569 1082 1652 ineramus,
1103 1579 1136 1632 et
1155 1562 1359 1634 decennem

218 1677 260 1741 ad
294 1675 426 1756 plagam
459 1668 701 1734 meridionalem
736 1671 771 1732 iu
799 1671 908 1734 radice
937 1675 1055 1737 montis
1081 1676 1198 1754 sancti
1231 1674 1359 1757 synna

220 1779 328 1862 oreb,
350 1777 403 1842 oui
424 1783 458 1838 et
480 1777 584 1859 ipsum
607 1779 836 1840 monasterinm
859 1777 1022 1840 adhaeret.
1064 1779 1169 1840 Mons
1193 1783 1313 1864 quippe
1330 1775 1359 1837 ile

219 1892 355 1950 sanetus
379 1888 430 1944 est
451 1881 618 1945 binomius.
662 1880 790 1942 llicitnr
811 1881 895 1944 enim
920 1901 940 1943 a
961 1883 1160 1946 monasterio
1185 1903 1294 1969 nsque
1315 1899 1359 1944 sn·

219 1988 355 2055 eumad
378 1984 534 2069 capellam
558 1986 663 2046 sancti
692 1983 809 2046 Heliae
829 1983 951 2068 Synai,
982 1995 1014 2048 et
1041 1984 1161 2048 deinde
1193 1989 1237 2049 ab
1261 1988 1314 2049 illa
1329 2001 1360 2045 a·

218 2095 306 2178 pella
328 2109 431 2175 nsque
452 2089 493 2151 ad
516 2107 670 2151 cacumen
703 2086 820 2152 dicitur
841 2089 937 2152 Oreb.
980 2090 1023 2151 Et
1043 2089 1126 2152 haec
1165 2090 1236 2154 duo
1268 2091 1360 2154 nomint

219 2200 260 2262 ab
283 2197 402 2261 effectu
423 2193 555 2257 sortitur
576 2210 669 2255 mons
689 2191 754 2254 ille.
778 2189 862 2270 Quia
884 2195 967 2256 cuim
983 2192 1135 2256 mandata
1155 2203 1193 2258 et
1215 2204 1360 2278 praecepti

218 2311 293 2365 sunt
314 2301 359 2363 ibi
383 2298 474 2379 data,
499 2297 613 2360 dicitur
638 2296 758 2380 synai,
778 2298 797 2359 i.
821 2316 848 2360 e.
864 2307 1094 2381 'praeceptnm3
1117 2305 1152 2361 et
1173 2303 1256 2384 quia
1280 2300 1361 2364 Ilou'r

217 2422 279 2466 uus
302 2404 335 2465 in
357 2405 434 2485 igne
455 2401 500 2463 ibi
517 2401 664 2483 apparuit
681 2410 713 2462 et
740 2419 831 2476 moris
848 2403 966 2484 igneus
987 2399 1189 2466 accendens
1208 2416 1245 2470 et
1266 2407 1361 2469 mmm

217 2507 296 2588 luit,
319 2515 354 2568 nt
377 2506 512 2568 habetur
531 2503 636 2567 Exodi
656 2505 760 2588 XIX„
781 2505 854 2568 ideo
876 2503 962 2570 Oreb
981 2504 1034 2567 vel
1056 2501 1213 2592 Choreb,
1241 2513 1267 2580 i.
1288 2531 1315 2579 e.
1332 2525 1364 2568 u·

218 2607 292 2691 dor,
314 2609 504 2672 nominatur.
543 2609 646 2690 igitur
667 2607 740 2670 dum
762 2609 939 2672 escendere
960 2609 1101 2672 montem
1122 2623 1282 2678 sanctum
1301 2617 1364 2677 intr·

217 2715 323 2797 pimus
344 2720 376 2774 et
399 2730 470 2774 eum
493 2711 632 2793 silentio,
647 2712 760 2775 timore
781 2723 813 2776 et
836 2712 1008 2777 devotione
1029 2715 1226 2799 subiremus,
1245 2729 1363 2781 exortu

218 2826 270 2881 est
293 2815 446 2900 litigium3
468 2815 589 2879 clamor
610 2824 642 2878 et
664 2815 842 2900 indignatio
873 2819 956 2882 inter
980 2819 1136 2881 asinarius
1164 2831 1317 2905 nostros,
1334 2820 1363 2902 qd

217 2923 387 3006 portabant
410 2940 506 2984 onera
527 2929 655 3003 nostra,
677 2928 711 2982 et
732 2922 816 2985 inter
835 2922 982 3005 Arabes,
1015 2925 1069 3005 qui
1091 2927 1365 2990 concomitabantu

218 3045 291 3110 nos,
315 3034 348 3088 et
379 3034 447 3088 erat
470 3025 604 3107 litigium
628 3043 686 3106 pro
707 3028 815 3088 saccis
837 3035 869 3087 et
890 3027 1042 3091 oneribus
1062 3027 1184 3089 nostris
1206 3029 1363 3112 portandi*

221 3148 295 3191 narn
314 3129 440 3191 Arabes
462 3130 629 3210 ululabant,
653 3128 739 3211 quod
761 3130 891 3192 asinarii
917 3130 1010 3194 nobis
1031 3130 1210 3214 servirent,
1234 3133 1364 3198 ments

216 3234 351 3296 servitia
372 3233 428 3296 illa
457 3236 498 3297 ad
521 3252 578 3298 eos
600 3235 777 3317 pertinere,
809 3235 894 3295 sient
916 3243 948 3296 et
980 3232 1157 3297 conductus
1180 3247 1216 3299 et
1252 3239 1363 3322 pedae:

217 3335 336 3399 deserti
357 3337 504 3402 dicebant
530 3337 631 3401 adse
655 3345 814 3417 spectare.
859 3335 1066 3404 conabantur
1086 3357 1164 3422 ergo
1188 3341 1323 3405 Arabes
1339 3341 1352 3401 il

216 3456 316 3502 onera
338 3444 498 3524 recipere,
521 3451 554 3504 et
571 3440 616 3504 llli
641 3439 792 3502 nolebant
815 3439 990 3524 dimittere,
1019 3461 1147 3526 exque
1180 3445 1310 3509 lactum
1332 3447 1351 3508 lo

216 3554 338 3608 teritum
361 3544 559 3630 disturbinur,
580 3545 665 3628 quod
688 3563 750 3606 nos
768 3545 831 3626 ipsi
849 3549 1033 3629 accepimus
1059 3565 1157 3610 onera
1178 3557 1214 3610 et
1235 3568 1303 3613 uec
1319 3553 1363 3613 ise

214 3665 276 3710 neo
297 3648 361 3710 illis
379 3648 539 3714 dimittere
560 3649 759 3729 volebamus,
782 3646 841 3710 sed
863 3649 1004 3712 humeris
1029 3651 1149 3713 nostris
1169 3650 1364 3735 imposuimn

216 3759 250 3814 et
272 3753 422 3816 conversi
441 3754 474 3816 in
498 3754 725 3816 monasterium
744 3753 863 3815 reverti
878 3753 1066 3838 incepimus,
1081 3765 1114 3816 nt
1131 3771 1209 3816 cnm
1228 3756 1363 3838 adjutorv

218 3854 325 3920 Calini
346 3865 379 3919 et
400 3856 526 3919 abbatis
558 3858 744 3920 monasterii
766 3867 798 3920 et
824 3858 967 3921 Arabum
989 3858 1147 3940 capitanei
1168 3859 1314 3939 pacifice
1332 3877 1370 3920 aa¹

197 3959 352 4050 ‚condere
385 3977 564 4043 possemus.
619 3963 693 4025 Hoc
724 3979 795 4024 eum
825 3961 986 4026 vidissent
1006 3961 1134 4023 Arabes
1173 3970 1210 4024 et
1239 3967 1370 4027 asinar..

214 4065 295 4126 uniti
329 4072 460 4125 suntet
487 4083 601 4146 pacem
622 4083 662 4127 ac
689 4065 850 4128 silentium
882 4085 920 4128 se
953 4066 1117 4129 babituros
1154 4067 1370 4147 promiserunt

215 4175 337 4227 tantum
361 4186 403 4226 ue
423 4169 456 4228 iu
479 4169 705 4231 monasterium
729 4178 963 4233 reverteremur
984 4171 1200 4252 precabantur
1234 4181 1271 4235 et
1294 4189 1370 4238 reat-¹

216 4265 320 4340 ceptis
341 4268 492 4330 oneribus
511 4286 532 4329 a
552 4269 647 4331 uobis
668 4287 741 4334 cnm
763 4257 992 4356 tranqttillitate
1011 4271 1230 4338 ascendimus.
