2926 5050
170 587 305 658 siculam
343 601 459 652 more
490 582 664 668 perinsus,
697 583 807 666 locus,
838 584 893 650 ubi
918 587 995 669 poni
1033 584 1150 650 meruit
1186 582 1359 653 domitrici,

169 692 334 778 sepulchri
355 687 599 754 tundamentum
610 733 622 771 ,
643 695 676 752 et
703 689 806 771 loom,
829 705 929 775 quem
954 707 1129 776 resurgens
1148 687 1304 754 Christus
1324 707 1351 750 ιι

168 796 303 861 mortuis
322 811 403 858 suae
422 793 667 858 resurrectionis
681 793 784 876 glorie
795 793 1210 877 multiphciterillostravit‚
1231 793 1348 856 alien-

168 879 259 964 nrdm
279 897 478 962 subvertitur
497 895 631 980 imperio
650 901 826 962 nationum.
871 895 955 976 Qun
972 899 1080 982 igitur,
1101 899 1167 965 uisi
1197 898 1344 960 ferreum

167 1011 284 1087 peetus
304 1002 442 1084 habens,
461 1001 517 1066 rel
536 1001 716 1066 adamantis
738 1003 901 1069 dumssimi
920 1021 976 1068 eur
998 1021 1129 1086 gerens,
1151 1011 1255 1066 terroe
1288 1001 1341 1066 illi

168 1125 234 1172 non
255 1105 378 1189 aperiat
407 1108 538 1172 viscera
559 1103 716 1190 pietatisi
738 1105 821 1186 Quis
842 1109 907 1172 non
928 1115 1124 1192 provocetur
1143 1127 1185 1174 ex
1203 1106 1340 1186 intimis,

168 1214 243 1299 quis
263 1230 329 1276 uon
350 1211 549 1276 accendatur
569 1209 612 1274 ad
633 1214 725 1295 ham,
750 1221 783 1276 et
802 1214 962 1276 animetur
982 1211 1135 1278 summer
1166 1211 1208 1276 nd
1225 1218 1363 1276 actum.

167 1318 298 1383 debitae
329 1311 490 1381 ultionis?
519 1316 628 1398 Absit,
661 1324 696 1379 ut
710 1315 818 1406 miles
847 1319 954 1380 sancti
983 1317 1146 1400 sepulchri
1177 1317 1356 1398 relinquat.

167 1439 259 1488 arma
280 1421 429 1504 rubigini.
470 1420 578 1505 Absit,
603 1418 677 1501 (B)
700 1426 736 1483 ut
759 1421 900 1488 nmmum
930 1434 1029 1505 neget
1058 1423 1229 1502 victorine,
1259 1438 1337 1484 cnm

167 1545 232 1590 non
253 1525 338 1589 desit
355 1525 535 1608 ¹victoribus
557 1541 677 1588 corona
697 1525 829 1608 gloriae
872 1527 998 1590 hlilites
1018 1528 1102 1590 euim
1124 1523 1256 1610 Christi,
1277 1511 1336 1609 qni

165 1639 279 1694 eontra
304 1629 453 1694 infideles
486 1647 578 1692 arma
607 1639 760 1714 sumunt,
792 1648 888 1716 quem
922 1647 1053 1715 secure,
1089 1647 1186 1714 quam
1217 1636 1346 1693 sancte·

165 1735 288 1819 proelia
308 1735 437 1800 Domini
458 1737 511 1800 sui
534 1744 567 1799 et
587 1733 730 1818 sponsae
750 1735 823 1818 ejus
844 1736 1004 1802 ecclesiae
1023 1737 1233 1819 prcelinutnr,
1254 1735 1334 1819 qui-

163 1839 227 1916 bus
248 1839 454 1904 metuendum
474 1857 676 1924 nequaquem
698 1842 746 1907 sit
774 1849 829 1905 aut
850 1841 893 1905 de
913 1842 1052 1906 hostiurn
1083 1841 1185 1906 caede
1211 1857 1334 1924 pecen-

163 1953 234 2024 tum
264 1952 320 2008 ent
350 1942 392 2008 de
412 1961 474 2008 sne
494 1963 577 2008 nece
604 1945 803 2029 periculum,
836 1947 965 2030 quando
996 1945 1127 2030 quidem
1153 1963 1240 2010 mors
1270 1962 1330 2026 pro

164 2049 297 2114 Christo
339 2049 475 2116 ferenda
504 2051 548 2113 sit
578 2050 633 2116 vel
663 2050 840 2116 inferenda.
899 2049 997 2114 Miles
1027 2051 1158 2135 inquam
1189 2051 1263 2116 telis
1297 2061 1333 2115 et

165 2173 303 2222 murus
323 2153 494 2240 interimit,
530 2165 585 2220 aut
605 2156 714 2220 interit
733 2156 893 2238 securior,
926 2156 1002 2236 quia
1029 2164 1063 2218 et
1089 2157 1152 2221 sibi
1185 2165 1333 2240 praestet

162 2261 351 2345 obsequium
373 2277 448 2324 cum
473 2263 601 2344 interit,
629 2267 663 2323 et
684 2259 817 2324 Christo
838 2277 911 2324 cum
932 2258 1103 2342 interimit,
1126 2260 1330 2344 nequedum

161 2366 281 2431 cecidit
302 2364 545 2431 malefactorem
576 2366 752 2448 homicide,
778 2364 839 2428 sed
867 2373 901 2427 ut
927 2365 975 2426 ita
1002 2361 1140 2428 dixerim
1168 2364 1360 2454 nelieidn,·

165 2478 201 2532 et
221 2469 317 2552 plene
338 2469 460 2532 vindex
475 2475 509 2531 et
519 2469 672 2533 defensor
690 2476 857 2552 reputatur
868 2467 1132 2533 Christianorum.
1175 2471 1330 2534 homone

163 2575 247 2638 enim
269 2574 389 2656 pegeni
411 2572 616 2636 Christianus
637 2575 749 2638 merito
770 2575 936 2658 gloriatur,
954 2576 1034 2659 quia
1054 2572 1207 2640 Christus
1227 2565 1333 2660 glomi

162 2676 288 2742 fleatur.
331 2677 604 2760 Expergiscimini
625 2695 714 2759 ergo,
735 2679 852 2756 milites
871 2680 1105 2762 strenuissimi,
1139 2688 1173 2742 et
1198 2679 1241 2744 nd
1274 2679 1329 2744 nl-
1400 2761 1404 2767 q

162 2779 348 2845 emendem
374 2781 436 2844 llei
456 2781 558 2844 nostri
579 2780 727 2861 injuriam
748 2792 780 2844 et
801 2783 912 2867 populi
933 2785 1101 2850 christierni
1123 2785 1326 2867 opprobrium

162 2886 348 2967 consurgite
368 2885 410 2949 ed
426 2887 530 2950 instar
550 2869 711 2968 quondam
734 2887 1030 2953 robustissimorum
1042 2889 1325 2972 blachebeeornm,

164 2997 200 3052 et
235 2990 354 3053 occisis
388 3000 443 3054 ent
470 2981 651 3074 profligatis
683 2992 815 3074 perlidis
846 2995 881 3058 iu
911 2994 1105 3059 christianae
1133 2993 1326 3076 reipublicae

164 3093 397 3160 haereditatem
409 3096 539 3162 Domini
560 3093 715 3166 reducere
736 3096 876 3161 studete.
906 3098 949 3160 llt
968 3097 1096 3181 quidem
1117 3099 1217 3161 illatis
1237 3099 1327 3184 quis-

165 3215 230 3283 que
250 3203 321 3266 stris
340 3204 478 3268 subditis
498 3203 634 3285 injurias
655 3202 837 3285 ulciscitur,
853 3208 888 3265 et
906 3203 969 3266 bei
988 3204 1040 3267 sui
1062 3207 1131 3266 'nun
1152 3203 1327 3267 vindicabit

162 3305 298 3387 injurius
320 3313 386 3370 tam
409 3303 568 3374 abcessi
588 3306 644 3370 Ad
665 3307 893 3370 haereditntcm
914 3307 1047 3389 quilibet
1068 3326 1198 3372 suorum
1213 3323 1325 3371 manus

164 3406 352 3473 bruasorum
373 3412 504 3478 extendi
513 3430 578 3476 non
591 3412 740 3494 sustinet,
763 3420 796 3474 et
814 3411 973 3493 patienter
991 3413 1202 3477 haereditatis
1221 3410 1324 3473 domi-

164 3512 260 3574 nicae
298 3523 390 3579 tento
419 3525 562 3601 ternpore
592 3516 779 3579 detentores
801 3515 1006 3582 sustinebit?
1038 3518 1092 3580 Ne
1125 3519 1234 3600 igitur,
1269 3514 1321 3595 qni

165 3631 294 3680 emnem
318 3617 463 3704 aderaut,
485 3623 519 3685 in
533 3619 697 3684 cmeidxo
718 3619 930 3704 dissimulent,
951 3622 1137 3706 quodjuste
1158 3641 1224 3686 uon
1242 3618 1321 3686 tele-

166 3729 275 3783 rarcnt
303 3723 337 3788 in
365 3725 504 3789 homine.
551 3726 679 3809 l'ungnt
710 3745 788 3809 ergo
821 3733 948 3790 mentes
978 3737 1011 3790 et
1038 3729 1165 3791 animas
1197 3733 1323 3790 vestras

166 3827 359 3891 contumelia
378 3828 595 3914 Redemtoris,
617 3841 650 3895 et
670 3833 763 3896 zelus
785 3833 860 3896 lidei
881 3835 952 3916 ejus
976 3833 1075 3897 corda
1096 3831 1270 3911 accendat,
1293 3836 1324 3892 et

164 3945 367 4015 nequaquam
399 3935 534 4000 lormido
562 3938 705 4001 retrahet
732 3939 773 4002 ab
805 3940 866 4002 hoc
887 3939 1029 4022 gloriosa
1048 3957 1167 4022 pugne,
1204 3937 1239 3999 in
1262 3951 1323 4018 qua

165 4047 295 4115 semper
316 4044 367 4098 est
387 4039 522 4104 victorie
542 4049 576 4104 et
596 4050 771 4124 perpetuae
790 4043 913 4126 gloriae
934 4060 1063 4113 corona.
1101 4057 1113 4080 ·

245 4137 498 4207 Orationisfinis.
507 4144 659 4209 Oratione
670 4145 732 4208 hae
741 4146 834 4210 linita
846 4149 1102 4230 regretiabnntur
1117 4147 1196 4209 mihi
1208 4141 1323 4208 milites
1410 4187 1412 4192 -

162 4243 342 4328 plurimum,
360 4254 394 4308 et
414 4264 452 4310 se
465 4249 507 4314 ad
521 4258 626 4314 terrae
636 4258 770 4313 munao
782 4252 1008 4316 redemtionem
1015 4252 1238 4334 paratissimos
1250 4265 1320 4312 esse

162 4347 321 4434 dicebant,
347 4350 519 4419 dummodo
540 4372 646 4436 reges,
667 4355 829 4438 principes
848 4365 881 4419 et
905 4355 1007 4418 duces
1025 4356 1194 4422 christ-inni
1214 4350 1319 4442 populi

162 4453 274 4517 ecdem
296 4455 369 4518 nelo
391 4460 523 4520 accensi
542 4456 792 4540 praecederent,
808 4458 880 4519 sine
896 4474 1029 4541 quornm
1050 4469 1138 4523 motu
1169 4481 1263 4526 nemo
1283 4463 1318 4526 ed
