2842 4882
668 171 734 239 ³75

355 403 557 480 infirmitas
577 401 850 506 peregrinorum
876 407 1039 482 omnium.

195 587 300 652 Sexta
321 585 375 650 die
400 592 499 649 nocte
518 585 740 669 praecedenti,
755 594 834 650 'cum
864 597 993 670 tempus
1013 593 1164 653 recessus
1183 583 1286 648 nostri

106 693 304 772 advenisset
327 697 361 754 et
383 689 533 756 ductores
554 683 779 780 nostriparali
800 701 923 776 essent,
937 693 1024 756 misit
1043 688 1135 754 ilaus
1156 695 1299 753 manum·

105 802 144 863 iu
170 799 357 881 peregrinos
373 797 530 878 otpaene
550 791 663 860 dmnes
684 797 791 879 tetigit
814 799 1051 882 etproslravit,
1073 797 1180 860 subito
1201 797 1285 858 enim
1357 873 1360 880 Ι

78 948 80 954 .
107 904 194 967 facti
215 902 334 964 fuimus
346 898 443 979 valde
463 899 591 983 rufiani,
606 909 641 988 et
661 889 896 974 decumbebant
912 902 1048 976 tentoria
1059 896 1286 982 nostra-plena

107 1009 258 1072 infirmis·
273 1012 308 1068 et
329 1012 399 1068 erat
420 1021 572 1082 numerus
592 993 743 1082 debilium
761 1009 875 1091 major,
891 1011 986 1090 quarn
1009 1023 1170 1085 sanorum.
1195 1006 1291 1084 inter,

109 1131 197 1198 quos
218 1120 287 1174 erat
308 1109 456 1173 dominus
477 1109 593 1172 Petrus
615 1111 740 1176 Velsch
762 1112 843 1177 adeo
865 1097 991 1188 debilis,
1014 1109 1289 1194 quoddelirabat,

109 1226 146 1280 ct
178 1216 327 1281 dominus
356 1214 546 1278 Fernarrdus
577 1219 655 1280 baro
686 1217 728 1281 de
757 1217 909 1300 Waruo,
942 1216 998 1300 qui
1029 1197 1169 1281 omnium
1196 1215 1289 1297 prius

111 1321 299 1386 consolator
320 1319 438 1399 fuerat,
458 1320 835 1405 gravissimodecnbuit,
851 1330 884 1386 et
905 1323 1059 1405 egoipae
1080 1320 1149 1386 diro
1171 1319 1288 1401 eapitis

112 1426 225 1491 dolore
256 1433 289 1487 et
319 1423 496 1506 vertigiue·
511 1424 696 1510 laborabam
727 1436 760 1490 et
791 1428 1014 1498 intensissimo
1046 1409 1169 1492 calore
1190 1413 1288 1496 totius

111 1533 259 1614 corporis
279 1530 433 1592 incensus
447 1547 544 1612 aram,
562 1549 627 1593 non
649 1539 767 1594 tamen'
778 1532 926 1614 decubui,
942 1531 1001 1594 red
1024 1540 1179 1616 quantum
1198 1528 1310 1611 potui'
1335 1593 1338 1598 ,

112 1632 250 1724 infirmis
278 1632 413 1696 servivi.
457 1631 616 1698 Dominus
645 1638 742 1700 eliam
764 1623 973 1701 Bernhardus
1000 1637 1043 1700 de
1062 1632 1288 1711 Braitenbaoh,

113 1759 202 1805 nnnc
233 1738 376 1802 decanus
401 1732 633 1822 Mogu'ullnus,
667 1740 746 1804 adeo
778 1741 894 1805 debilis
925 1749 1009 1824 erat,
1031 1741 1118 1825 quod
1145 1738 1289 1820 speciem

114 1848 275 1930 propriam
297 1845 451 1906 emiserat
472 1850 506 1904 et
527 1861 670 1928 sensum,
693 1846 755 1909 nee
776 1857 854 1928 spes
876 1845 935 1908 tuit
957 1845 1000 1909 de
1021 1846 1092 1928 ejus
1107 1841 1290 1909 convaleat-1

116 1951 234 2013 centia.
275 1949 319 2012 llt
339 1948 385 2010 ita
405 1947 493 2010 bunc
513 1947 598 2012 dmm
631 1967 705 2013 cum
734 1957 831 2016 nocte
861 1968 935 2014 cnm
958 1949 1059 2016 multa
1079 1947 1228 2014 molestia
1256 1952 1290 2006 et

118 2053 247 2116 miserie
268 2049 469 2115 deduximus.
568 2125 570 2130 ‚
656 2043 660 2050 ⁴
800 2044 804 2051 ’
844 2067 848 2076 ’

344 2270 621 2370 Peregrinornm
647 2271 830 2352 dissensio
855 2281 894 2348 at
918 2259 1062 2348 divido

195 2455 345 2540 ¹Septima
367 2452 431 2535 die,
453 2471 537 2536 quae
563 2453 813 2533 erat'dominica
833 2455 908 2522 XV.
923 2463 1004 2538 post
1025 2453 1206 2533 Trinitatis,
1229 2469 1291 2514 au·

119 2562 257 2627 divium
287 2560 426 2624 Missam
460 2576 481 2643 a
510 2557 638 2622 domino
666 2560 817 2624 Johanue
855 2559 1099 2642 archidiacono,
1137 2559 1192 2641 qui
1222 2563 1292 2620 erat

121 2669 247 2747 tortior,
278 2681 353 2728 nam
373 2664 471 2729 Pater
490 2663 613 2726 Paulus
633 2665 742 2728 Minor
756 2675 795 2728 et
816 2683 878 2748 ago
900 2649 994 2729 ambo
1016 2665 1140 2728 debiles
1162 2680 1291 2727 eramus

122 2781 154 2834 et
173 2767 306 2832 invalidi
331 2769 393 2850 ita,
426 2766 513 2850 quod
533 2785 608 2830 oum
629 2787 746 2852 magno
773 2771 882 2834 labore
904 2771 968 2833 uix
989 2778 1172 2853 poteramus
1193 2769 1292 2830 horas

123 2873 294 2938 canonicas
316 2871 435 2953 legere.
477 2871 584 2952 Hujus
606 2871 798 2937 calamitatis
826 2893 943 2938 causas
965 2874 1113 2938 divorsas
1134 2869 1292 2954 suspicati

27 3009 28 3014 ¹
122 2987 196 3042 sunt
213 2977 391 3058 peregrini:
405 2974 504 3056 aliqui
525 2975 740 3042 attribuebant
762 2979 865 3059 aquis,
888 2979 987 3063 aliqui
1009 2978 1081 3041 aliis
1103 2977 1195 3058 cibis,
1213 2991 1292 3036 cae-

123 3084 182 3147 teri
203 3079 378 3162 novilunio,
391 3078 494 3160 major
514 3086 621 3141 tamen
636 3098 712 3163 pere
727 3082 937 3144 vehementer
956 3082 1193 3165 suspicabatur,
1206 3078 1291 3162 quod

123 3185 349 3252 Sabatithanoo
369 3171 678 3248 Trutsch‘elmanuus
699 3195 810 3254 noster
833 3188 939 3250 cibum
959 3186 1100 3271 aliquem
1113 3185 1292 3248 intoxicas-

124 3300 190 3374 set,
211 3299 247 3353 ut
279 3289 374 3353 nobis
403 3290 558 3372 peremtis
589 3288 673 3358 bona
705 3290 819 3354 relicta
849 3300 1059 3376 occupasset,
1090 3299 1292 3373 egotamen

124 3397 209 3462 tenui
232 3402 265 3456 et
288 3392 386 3458 bodie
418 3402 523 3477 teneo,
546 3395 632 3479 qnod
653 3397 748 3458 tuerit
769 3397 938 3478 permissio
966 3396 1075 3460 divina
1099 3395 1140 3458 ad
1162 3393 1293 3459 humili-

123 3503 237 3566 andam
268 3501 487 3564 curiositatem
517 3508 640 3565 noslra.
684 3499 721 3564 lu
754 3501 806 3564 his
827 3519 906 3588 ergo
927 3493 1167 3585 peregrinorum
1191 3497 1293 3560 misc·

125 3609 177 3672 riis
198 3609 388 3689 inceperunt
409 3605 537 3669 diversa
559 3605 739 3688 practicare
760 3615 792 3668 et
825 3625 929 3695 paene
951 3609 1064 3696 omnes
1086 3622 1107 3667 a
1127 3602 1293 3687 proposita

121 3713 181 3775 sua
200 3701 458 3794 peregrinatione
483 3711 617 3774 resilire.
658 3709 744 3774 Nam
771 3711 869 3794 aliqui
898 3711 1050 3788 volebant
1080 3705 1293 3772 ¹reascendere

125 3817 156 3876 in
183 3813 367 3879 Jerusalem
400 3824 434 3880 et
467 3817 512 3880 ibi
543 3815 664 3881 mederi
690 3816 747 3880 vel
775 3798 884 3878 moris
915 3816 1026 3900 Aliqui
1055 3813 1208 3876 valebant
1234 3828 1293 3894 per

125 3917 339 3996 Palaestinam
355 3919 538 3984 ascendero
554 3921 592 3984 in
614 3920 743 4002 Syriam
756 3919 927 3984 Phoenicis
946 3920 988 3983 ad
1009 3921 1173 3997 Beretum,
1196 3914 1294 3976 maris

127 4027 266 4104 portum,
289 4031 322 4086 et
352 4025 397 4088 ibi
420 4026 454 4088 iu
476 4025 634 4108 proximis
656 4034 866 4088 mercatorum
896 4009 1000 4109 galeis
1030 4023 1148 4100 reverti
1170 4022 1203 4081 in
1224 4019 1295 4080 Fin-

1 4131 2 4158 l
127 4141 233 4205 rapam
256 4125 296 4219 ad
324 4138 434 4208 partes
455 4139 604 4213 nostras;
618 4129 724 4211 ,aliqui
751 4131 899 4193 omuibffi
929 4128 1119 4212 ambagibus
1149 4124 1294 4188 dfffliffli‘
1384 4211 1389 4216 ,

128 4227 276 4294 volebant
305 4229 505 4298 descendere
532 4254 591 4318 per
620 4235 716 4296 maris
745 4217 833 4298 oram
863 4236 897 4298 in
930 4229 1158 4297 Alexandriam
1189 4237 1221 4291 et
1248 4227 1293 4292 ibi
