2842 4882
734 301 799 370 Μ

180 492 305 578 spatia,
335 505 379 552 nc
401 484 578 569 pericnlum
607 482 760 548 incidant.
805 482 904 548 Plura
924 481 966 548 de
986 485 1038 549 his
1057 485 1211 566 patebunt
1240 487 1272 549 in
1295 506 1349 550 ss-

181 596 365 681 qnentibcs.
410 589 499 654 Satis
520 592 583 654 iam
604 597 709 673 patet,
737 605 837 673 quare
859 589 1022 653 desertum
1044 590 1167 653 dicatur
1189 600 1275 654 terra
1300 597 1349 654 irr-

180 703 247 764 vla.
291 697 387 760 Nouo
408 693 541 778 dlcitur,
566 692 652 777 qaod
682 701 769 757 terra
788 694 855 757 illa*
869 695 928 776 sit,
951 696 985 756 in
1007 712 1070 779 qna
1091 713 1155 758 non
1176 695 1349 761 ambulavit

181 806 298 884 homo,
318 802 387 865 Jer.
410 816 439 862 c.
461 801 491 864 2.
515 807 549 862 et
568 798 682 862 Juditb
702 799 735 868 b.
776 803 850 862 Hoc
870 807 977 881 potest
1007 797 1144 880 intelligi
1171 799 1347 884 dupliciter,

179 907 233 974 vel
261 925 320 990 pro
349 907 527 989 principle,
556 911 593 968 nt
626 913 702 966 autc
722 904 808 967 filios
829 904 930 966 lsrael
952 903 1060 966 nttllus
1091 905 1186 966 homo
1208 923 1268 986 per
1290 908 1346 970 hoc

180 1015 342 1078 desertum
364 1009 557 1074 transiverit
578 1027 636 1090 par
656 1011 742 1071 viam
765 1010 862 1092 illam,
877 1027 935 1090 per
954 1027 1050 1092 quam
1072 1009 1119 1070 illi
1140 1009 1347 1073 circumducti

180 1121 322 1199 luerunt,
344 1125 378 1180 ct
399 1115 445 1178 ita
466 1131 579 1176 verum
600 1120 662 1175 est.
688 1112 750 1175 Vel
771 1116 817 1176 ita
837 1113 973 1194 intelligi
995 1122 1112 1194 potest,
1134 1113 1220 1196 quod
1244 1117 1344 1178 nullus

182 1226 278 1289 homo
300 1221 370 1284 suis
402 1217 539 1303 pedibus
574 1219 774 1300 perambulat
804 1219 867 1282 hoc
898 1217 1060 1280 desertum
1092 1227 1123 1280 et
1156 1219 1206 1280 sic
1235 1222 1344 1285 iterum

181 1345 294 1392 varum
318 1331 387 1405 est,
409 1323 500 1406 quia,
534 1323 598 1384 nisi
619 1325 695 1406 quis
715 1322 851 1385 bestiam
873 1323 1006 1404 habeat,
1037 1324 1071 1384 in
1092 1339 1157 1406 qua
1181 1324 1258 1405 ipse
1278 1344 1345 1388 cnm
1396 1323 1397 1366 ἓ

178 1430 376 1494 necessariis
397 1427 637 1511 proficiscatur,
672 1428 870 1510 pertransire
891 1445 955 1491 non
980 1436 1102 1510 potest,
1125 1437 1192 1490 tum
1221 1439 1346 1512 propter

179 1535 408 1599 calidissimam
428 1533 577 1613 humum,
600 1537 670 1594 tum
689 1540 821 1613 propter
842 1533 967 1594 viarum
990 1521 1151 1594 delectum
1175 1543 1207 1595 et
1231 1553 1347 1598 ueces-

178 1637 354 1720 sariornm,
376 1653 460 1721 quae
489 1645 703 1718 periarchon
725 1645 846 1718 posset.
891 1635 968 1698 ldeo
989 1637 1105 1699 Helias
1129 1639 1290 1719 propheta
1311 1641 1346 1702 de

182 1743 237 1804 illc
259 1744 375 1805 itincre
405 1741 601 1824 perficiendo
635 1741 729 1824 quasi
758 1739 936 1822 desperans
967 1741 1101 1824 projecit
1122 1758 1160 1802 se
1180 1743 1215 1802 in
1237 1745 1347 1808 umbra

177 1848 319 1932 juniperi
341 1853 375 1910 et
403 1847 527 1929 petivit,
547 1853 585 1910 ut
606 1852 793 1908 moreretur.
836 1847 878 1908 Et
900 1846 964 1907 uisi
986 1846 1121 1928 angelus
1149 1847 1212 1908 sibi
1243 1850 1345 1912 cibum

182 1962 216 2016 et
236 1961 345 2036 potum
369 1945 615 2013 confortativum
638 1951 870 2032 ministrasset,
892 1951 954 2012 hoc
973 1951 1038 2012 iter
1057 1950 1148 2013 solus
1169 1969 1346 2034 aggressus

179 2075 244 2121 nou
266 2057 392 2122 fuisset.
426 2055 477 2120 Da
495 2055 557 2118 hcc
577 2055 715 2118 habetur
733 2055 763 2122 3.
777 2051 861 2136 Reg.
881 2055 971 2116 xlx.
993 2056 1110 2118 Posset
1131 2063 1244 2126 tamen
1263 2077 1346 2140 csse,

178 2171 214 2226 ut
245 2161 354 2243 pluras
376 2160 523 2224 homines
544 2161 640 2224 simul
674 2159 874 2224 ambularent
901 2160 1170 2241 per-desertum,
1201 2161 1347 2228 sednon

179 2282 264 2328 auus
298 2265 404 2346 solus,
439 2282 513 2328 cum
546 2267 716 2348 contingat
745 2266 780 2327 in
811 2265 1059 2356 tempestatibus
1086 2265 1211 2347 plures·
1231 2287 1347 2332 errare

179 2370 288 2451 Saepe
316 2371 413 2432 ctiam
435 2369 611 2451 contingit,
643 2367 730 2453 qnod
750 2369 927 2432 vehemens
951 2377 1071 2432 ventus
1092 2369 1202 2434 elevat
1231 2374 1349 2454 pulve-

178 2493 246 2536 rem
268 2475 399 2556 copiose
419 2475 475 2555 ita,
497 2472 583 2556 quod
605 2493 661 2537 aer
685 2482 772 2536 totus
793 2472 909 2557 plenus
931 2482 994 2555 est,
1015 2474 1105 2556 adeo,
1128 2477 1216 2557 quod
1239 2483 1349 2543 socius

178 2595 242 2640 non
263 2584 374 2658 potest
395 2578 507 2640 videre
525 2579 665 2662 socium,
687 2593 749 2642 nac
773 2598 846 2640 eum
868 2577 995 2661 audire,
1019 2580 1101 2641 etsi
1128 2587 1208 2642 tuuc
1231 2583 1350 2666 bestia,

180 2684 233 2744 cni
256 2680 392 2762 insidet,
425 2682 518 2774 aliam
541 2684 628 2755 viam
650 2682 758 2764 vadit,
787 2683 882 2746 homo
911 2683 967 2744 illa
988 2686 1080 2765 perit.
1123 2683 1265 2772 storga
1290 2691 1351 2753 hoc
1396 2695 1397 2702 ’

179 2786 364 2867 contingit
356 2806 388 2848 ιιι
410 2769 583 2870 socictate,
603 2807 667 2871 quo
689 2787 783 2854 modo
811 2794 924 2870 posset
944 2789 1039 2851 horno
1061 2789 1150 2852 solus
1172 2794 1353 2872 perambu-

179 2888 274 2954 toret
305 2891 441 2954 Decimo
463 2891 593 2973 dicitnr,
625 2893 786 2976 quadiu
797 2892 925 2970 deserto
953 2912 1016 2955 nou
1048 2895 1210 2957 habitavit
1243 2898 1353 2980 homo,

177 2979 264 3060 idco
273 2995 367 3059 etiam
391 2999 570 3058 nominatur
601 3007 687 3061 terra
716 2996 943 3060 inhabitabilis.
987 3000 1031 3060 Et
1052 2999 1114 3062 hoc
1135 2997 1354 3084 regulariter3
1396 3035 1397 3106 l

179 3103 286 3164 sancti
320 3102 403 3165 enirn
439 3110 549 3186 patres
581 3103 625 3164 ibi
653 3102 895 3183 habitaverunt,
929 3102 1085 3165 ducentes
1116 3103 1203 3165 viam
1243 3108 1397 3190 magis

178 3206 378 3288 angelicam,
415 3224 511 3289 quam
544 3206 732 3290 humanam,
770 3215 802 3270 et
824 3207 953 3269 Arabes
987 3207 1082 3270 hodie
1108 3207 1153 3268 ibi
1186 3207 1355 3290 habitant,

178 3310 334 3374 ducentes
355 3315 454 3373 vitam
473 3311 662 3392 bestialem,
679 3321 711 3374 et
733 3331 797 3374 non
818 3314 1000 3374 humanam.
1033 3311 1099 3374 Sed
1121 3311 1196 3393 quia
1220 3313 1357 3394 dicitur,

149 3429 151 3436 ’
177 3413 264 3497 quod
285 3433 347 3476 uec
367 3416 490 3479 bestiae
510 3416 554 3477 ibi
583 3424 721 3497 possunt
747 3417 914 3498 habitare,
946 3415 1077 3496 deinde,
1108 3415 1194 3498 quod
1218 3418 1358 3482 Arabes

177 3518 222 3582 ibi
242 3520 374 3602 vivunt,
397 3540 461 3583 uon
482 3528 518 3584 ut
538 3519 595 3582 filii
616 3521 717 3582 lsrael
740 3521 947 3603 miraculose,
961 3529 965 3536 ‘
981 3540 1042 3583 uec
1063 3529 1100 3582 ut
1121 3519 1157 3582 S.
1190 3527 1359 3586 eremitae

176 3626 340 3708 angelica,
374 3644 436 3690 nec
467 3635 504 3690 ut
525 3626 651 3688 bestiae
671 3625 795 3708 absque
825 3624 964 3687 humano
986 3645 1098 3707 opere,
1134 3623 1195 3688 sed
1230 3630 1359 3692 vivunt

176 3721 342 3793 diabolice
386 3729 478 3793 Sient
498 3730 582 3793 enim
613 3729 760 3792 diabolus
788 3729 901 3792 circuit
929 3749 1100 3813 quaerens,
1123 3748 1222 3812 quem
1244 3732 1362 3796 devo-

175 3843 239 3916 ret,
265 3827 315 3898 sic
336 3843 369 3897 et
389 3835 437 3898 illi
455 3837 655 3898 circumeunt
676 3843 768 3896 extra
789 3834 953 3898 desertum
974 3845 1008 3896 et
1027 3834 1226 3919 praedantur
1260 3849 1304 3900 et
1327 3840 1363 3900 iu

174 3940 303 4004 deserto
332 3949 537 4005 transeuntes
566 3938 726 4022 spoliant,
758 3939 872 4021 sicque
900 3949 977 4002 sunt
1001 3941 1147 4022 corporei
1169 3939 1304 4006 diaboli
1329 3951 1364 4005 et

173 4045 297 4110 ducunt
318 4047 417 4109 vitam
439 4044 519 4126 (Μ
532 4045 577 4125 a)
600 4061 663 4106 non
685 4043 867 4129 humanam,
889 4047 974 4108 sicut
996 4044 1117 4124 patebit
1138 4044 1173 4106 in
1194 4061 1364 4129 sequen-

173 4151 268 4215 tibus.
317 4150 426 4214 lrceus
463 4150 548 4212 euim
577 4155 612 4209 et
640 4155 727 4212 terra
756 4150 907 4212 inhabilis
938 4157 989 4210 ast
1025 4148 1066 4212 ad
1095 4133 1366 4216 inhabitandum

174 4253 312 4318 civillter
342 4255 456 4316 vivere
487 4252 688 4334 volentibus3
720 4253 792 4317 idco
814 4254 948 4318 dicitur:
983 4252 1056 4316 Nec
1084 4254 1245 4321 incolevit
1280 4279 1367 4324 eum

175 4350 262 4411 lilius
281 4353 431 4435 hominis,
451 4373 525 4418 oum
547 4373 651 4436 paene
672 4365 742 4420 tota
762 4368 847 4420 terra
868 4361 911 4422 sit
932 4377 1071 4422 arenosa
1090 4361 1145 4424 val
1167 4379 1308 4430 saxosa
1334 4377 1369 4428 et
