<?xml version="1.0" encoding="UTF-8"?>
<!DOCTYPE html PUBLIC "-//W3C//DTD XHTML 1.0 Transitional//EN"
    "http://www.w3.org/TR/xhtml1/DTD/xhtml1-transitional.dtd">
<html xmlns="http://www.w3.org/1999/xhtml" xml:lang="en" lang="en">
 <head>
  <title>
</title>
<meta http-equiv="Content-Type" content="text/html;charset=utf-8" />
  <meta name='ocr-system' content='tesseract 3.04.00' />
  <meta name='ocr-capabilities' content='ocr_page ocr_carea ocr_par ocr_line ocrx_word'/>
</head>
<body>
  <div class='ocr_page' id='page_1' title='image "./fratrisfelicisf02fabrgoog_0098.png"; bbox 0 0 2954 4914; ppageno 0'>
   <div class='ocr_carea' id='block_1_1' title="bbox 542 196 770 338">
    <p class='ocr_par' dir='ltr' id='par_1_1' title="bbox 542 196 770 338">
     <span class='ocr_line' id='line_1_1' title="bbox 542 196 770 338; baseline -0.022 -27"><span class='ocrx_word' id='word_1_1' title='bbox 542 196 548 209; x_wconf 50' lang='lat'>⁸</span> <span class='ocrx_word' id='word_1_2' title='bbox 654 241 770 338; x_wconf 79' lang='lat' dir='ltr'><strong>¹er·</strong></span> 
     </span>
    </p>
   </div>
   <div class='ocr_carea' id='block_1_2' title="bbox 14 415 1312 2714">
    <p class='ocr_par' dir='ltr' id='par_1_2' title="bbox 14 415 1312 2714">
     <span class='ocr_line' id='line_1_2' title="bbox 85 415 1285 511; baseline -0.001 -18"><span class='ocrx_word' id='word_1_3' title='bbox 85 443 219 510; x_wconf 69' lang='lat' dir='ltr'><strong>super,</strong></span> <span class='ocrx_word' id='word_1_4' title='bbox 236 425 443 511; x_wconf 79' lang='lat' dir='ltr'><strong>sepnohmm</strong></span> <span class='ocrx_word' id='word_1_5' title='bbox 464 425 583 490; x_wconf 63' lang='lat' dir='ltr'><strong>hauri</strong></span> <span class='ocrx_word' id='word_1_6' title='bbox 603 425 791 508; x_wconf 81' lang='lat' dir='ltr'><strong>sedidoeto,</strong></span> <span class='ocrx_word' id='word_1_7' title='bbox 820 436 853 490; x_wconf 87' lang='lat' dir='ltr'><strong>et</strong></span> <span class='ocrx_word' id='word_1_8' title='bbox 882 427 994 494; x_wconf 87' lang='lat' dir='ltr'><strong>ultimo</strong></span> <span class='ocrx_word' id='word_1_9' title='bbox 1017 415 1162 510; x_wconf 77' lang='lat' dir='ltr'><strong>tempore</strong></span> <span class='ocrx_word' id='word_1_10' title='bbox 1186 423 1285 492; x_wconf 79' lang='lat' dir='ltr'><strong>cirri·</strong></span> 
     </span>
     <span class='ocr_line' id='line_1_3' title="bbox 87 529 1282 613; baseline -0.001 -17"><span class='ocrx_word' id='word_1_11' title='bbox 87 535 295 598; x_wconf 75' lang='lat' dir='ltr'><strong>suanorum</strong></span> <span class='ocrx_word' id='word_1_12' title='bbox 315 539 384 598; x_wconf 74' lang='lat' dir='ltr'><strong>eret</strong></span> <span class='ocrx_word' id='word_1_13' title='bbox 400 530 496 613; x_wconf 76' lang='lat' dir='ltr'><strong>juxte</strong></span> <span class='ocrx_word' id='word_1_14' title='bbox 516 549 587 595; x_wconf 82' lang='lat' dir='ltr'><strong>eum</strong></span> <span class='ocrx_word' id='word_1_15' title='bbox 609 532 838 596; x_wconf 79' lang='lat' dir='ltr'><strong>monasterium</strong></span> <span class='ocrx_word' id='word_1_16' title='bbox 869 532 1055 598; x_wconf 74' lang='lat' dir='ltr'><strong>monialium</strong></span> <span class='ocrx_word' id='word_1_17' title='bbox 1094 529 1226 598; x_wconf 85' lang='lat' dir='ltr'><strong>Ordinis</strong></span> <span class='ocrx_word' id='word_1_18' title='bbox 1247 529 1282 595; x_wconf 88' lang='lat' dir='ltr'><strong>S.</strong></span> 
     </span>
     <span class='ocr_line' id='line_1_4' title="bbox 91 634 1287 722; baseline -0.003 -18"><span class='ocrx_word' id='word_1_19' title='bbox 91 640 238 704; x_wconf 70' lang='lat' dir='ltr'><strong>humi</strong></span> <span class='ocrx_word' id='word_1_20' title='bbox 250 641 310 704; x_wconf 86' lang='lat' dir='ltr'><strong>suh</strong></span> <span class='ocrx_word' id='word_1_21' title='bbox 322 637 435 722; x_wconf 80' lang='lat' dir='ltr'><strong>regulo</strong></span> <span class='ocrx_word' id='word_1_22' title='bbox 446 634 484 706; x_wconf 84' lang='lat' dir='ltr'><strong>S.</strong></span> <span class='ocrx_word' id='word_1_23' title='bbox 497 637 676 702; x_wconf 71' lang='lat' dir='ltr'><strong>Benedicti.</strong></span> <span class='ocrx_word' id='word_1_24' title='bbox 688 637 841 702; x_wconf 86' lang='lat' dir='ltr'><strong>Vestitus</strong></span> <span class='ocrx_word' id='word_1_25' title='bbox 853 656 961 702; x_wconf 82' lang='lat' dir='ltr'><strong>esrum</strong></span> <span class='ocrx_word' id='word_1_26' title='bbox 972 637 1032 700; x_wconf 84' lang='lat' dir='ltr'><strong>fuit</strong></span> <span class='ocrx_word' id='word_1_27' title='bbox 1044 638 1152 704; x_wconf 83' lang='lat' dir='ltr'><strong>tunioe</strong></span> <span class='ocrx_word' id='word_1_28' title='bbox 1168 639 1242 703; x_wconf 78' lang='lat' dir='ltr'><strong>elbo</strong></span> <span class='ocrx_word' id='word_1_29' title='bbox 1251 645 1287 702; x_wconf 87' lang='lat' dir='ltr'><strong>et</strong></span> 
     </span>
     <span class='ocr_line' id='line_1_5' title="bbox 92 739 1291 831; baseline 0.002 -23"><span class='ocrx_word' id='word_1_30' title='bbox 92 743 249 831; x_wconf 74' lang='lat' dir='ltr'><strong>panium</strong></span> <span class='ocrx_word' id='word_1_31' title='bbox 256 744 396 827; x_wconf 80' lang='lat' dir='ltr'><strong>nigrum,</strong></span> <span class='ocrx_word' id='word_1_32' title='bbox 402 743 491 806; x_wconf 79' lang='lat' dir='ltr'><strong>siem</strong></span> <span class='ocrx_word' id='word_1_33' title='bbox 500 743 706 823; x_wconf 80' lang='lat' dir='ltr'><strong>Jonmniuo,</strong></span> <span class='ocrx_word' id='word_1_34' title='bbox 717 760 791 806; x_wconf 89' lang='lat' dir='ltr'><strong>oum</strong></span> <span class='ocrx_word' id='word_1_35' title='bbox 802 759 899 806; x_wconf 87' lang='lat' dir='ltr'><strong>ernee</strong></span> <span class='ocrx_word' id='word_1_36' title='bbox 912 739 1027 808; x_wconf 86' lang='lat' dir='ltr'><strong>viridis</strong></span> <span class='ocrx_word' id='word_1_37' title='bbox 1036 742 1163 808; x_wconf 85' lang='lat' dir='ltr'><strong>coloris.</strong></span> <span class='ocrx_word' id='word_1_38' title='bbox 1176 747 1213 808; x_wconf 90' lang='lat' dir='ltr'><strong>ln</strong></span> <span class='ocrx_word' id='word_1_39' title='bbox 1223 745 1291 810; x_wconf 75' lang='lat' dir='ltr'><strong>elie</strong></span> 
     </span>
     <span class='ocr_line' id='line_1_6' title="bbox 96 841 1287 934; baseline 0.003 -22"><span class='ocrx_word' id='word_1_40' title='bbox 96 841 896 933; x_wconf 68' lang='lat' dir='ltr'><strong>Bethaniotronslordenomoitdrotsouonnes</strong></span> <span class='ocrx_word' id='word_1_41' title='bbox 908 848 1287 934; x_wconf 60' lang='lat' dir='ltr'><strong>summonitionem</strong></span> 
     </span>
     <span class='ocr_line' id='line_1_7' title="bbox 96 950 1286 1036; baseline 0 -18"><span class='ocrx_word' id='word_1_42' title='bbox 96 953 193 1018; x_wconf 69' lang='lat' dir='ltr'><strong>Jois</strong></span> <span class='ocrx_word' id='word_1_43' title='bbox 211 955 252 1035; x_wconf 85' lang='lat'><strong>1.,</strong></span> <span class='ocrx_word' id='word_1_44' title='bbox 273 961 343 1018; x_wconf 81' lang='lat' dir='ltr'><strong>eret</strong></span> <span class='ocrx_word' id='word_1_45' title='bbox 364 953 471 1017; x_wconf 89' lang='lat' dir='ltr'><strong>simile</strong></span> <span class='ocrx_word' id='word_1_46' title='bbox 491 956 719 1018; x_wconf 80' lang='lat' dir='ltr'><strong>monesterium</strong></span> <span class='ocrx_word' id='word_1_47' title='bbox 742 951 887 1036; x_wconf 83' lang='lat' dir='ltr'><strong>ejusdem</strong></span> <span class='ocrx_word' id='word_1_48' title='bbox 899 950 1041 1034; x_wconf 87' lang='lat' dir='ltr'><strong>Ordinis,</strong></span> <span class='ocrx_word' id='word_1_49' title='bbox 1057 962 1091 1017; x_wconf 89' lang='lat' dir='ltr'><strong>et</strong></span> <span class='ocrx_word' id='word_1_50' title='bbox 1111 963 1202 1018; x_wconf 80' lang='lat' dir='ltr'><strong>orent</strong></span> <span class='ocrx_word' id='word_1_51' title='bbox 1214 974 1286 1018; x_wconf 84' lang='lat' dir='ltr'><strong>mo-</strong></span> 
     </span>
     <span class='ocr_line' id='line_1_8' title="bbox 99 1043 1287 1143; baseline 0.002 -23"><span class='ocrx_word' id='word_1_52' title='bbox 99 1057 223 1120; x_wconf 79' lang='lat' dir='ltr'><strong>niales</strong></span> <span class='ocrx_word' id='word_1_53' title='bbox 230 1057 308 1122; x_wconf 79' lang='lat' dir='ltr'><strong>illae</strong></span> <span class='ocrx_word' id='word_1_54' title='bbox 317 1057 415 1125; x_wconf 79' lang='lat' dir='ltr'><strong>valde</strong></span> <span class='ocrx_word' id='word_1_55' title='bbox 425 1057 543 1122; x_wconf 85' lang='lat' dir='ltr'><strong>divites</strong></span> <span class='ocrx_word' id='word_1_56' title='bbox 555 1069 587 1124; x_wconf 85' lang='lat' dir='ltr'><strong>et</strong></span> <span class='ocrx_word' id='word_1_57' title='bbox 598 1060 778 1143; x_wconf 75' lang='lat' dir='ltr'><strong>religiosae.</strong></span> <span class='ocrx_word' id='word_1_58' title='bbox 791 1057 885 1124; x_wconf 90' lang='lat' dir='ltr'><strong>Unde</strong></span> <span class='ocrx_word' id='word_1_59' title='bbox 896 1043 1124 1120; x_wconf 73' lang='lat' dir='ltr'><strong>monisteriu-</strong></span> <span class='ocrx_word' id='word_1_60' title='bbox 1135 1055 1215 1121; x_wconf 85' lang='lat' dir='ltr'><strong>iilud</strong></span> <span class='ocrx_word' id='word_1_61' title='bbox 1226 1059 1287 1122; x_wconf 82' lang='lat' dir='ltr'><strong>fuit</strong></span> 
     </span>
     <span class='ocr_line' id='line_1_9' title="bbox 100 1147 1287 1254; baseline 0.001 -28"><span class='ocrx_word' id='word_1_62' title='bbox 100 1147 246 1246; x_wconf 83' lang='lat' dir='ltr'><strong>septum</strong></span> <span class='ocrx_word' id='word_1_63' title='bbox 275 1147 388 1246; x_wconf 87' lang='lat' dir='ltr'><strong>olivis,</strong></span> <span class='ocrx_word' id='word_1_64' title='bbox 408 1164 471 1248; x_wconf 79' lang='lat' dir='ltr'><strong>ite,</strong></span> <span class='ocrx_word' id='word_1_65' title='bbox 500 1163 588 1254; x_wconf 82' lang='lat' dir='ltr'><strong>quod</strong></span> <span class='ocrx_word' id='word_1_66' title='bbox 607 1184 673 1228; x_wconf 89' lang='lat' dir='ltr'><strong>non</strong></span> <span class='ocrx_word' id='word_1_67' title='bbox 694 1171 819 1250; x_wconf 85' lang='lat' dir='ltr'><strong>poteret</strong></span> <span class='ocrx_word' id='word_1_68' title='bbox 839 1162 945 1226; x_wconf 88' lang='lat' dir='ltr'><strong>videri</strong></span> <span class='ocrx_word' id='word_1_69' title='bbox 968 1180 989 1226; x_wconf 86' lang='grc' dir='ltr'><strong>ιι</strong></span> <span class='ocrx_word' id='word_1_70' title='bbox 1012 1161 1287 1228; x_wconf 74' lang='lat' dir='ltr'>descendentibus</span> 
     </span>
     <span class='ocr_line' id='line_1_10' title="bbox 103 1253 1287 1334; baseline 0.001 -1"><span class='ocrx_word' id='word_1_71' title='bbox 103 1268 158 1333; x_wconf 90' lang='lat' dir='ltr'><strong>de</strong></span> <span class='ocrx_word' id='word_1_72' title='bbox 182 1277 291 1332; x_wconf 87' lang='lat' dir='ltr'><strong>monte</strong></span> <span class='ocrx_word' id='word_1_73' title='bbox 312 1266 441 1334; x_wconf 79' lang='lat' dir='ltr'><strong>oliveti.</strong></span> <span class='ocrx_word' id='word_1_74' title='bbox 485 1269 537 1332; x_wconf 88' lang='lat' dir='ltr'><strong>Ab</strong></span> <span class='ocrx_word' id='word_1_75' title='bbox 559 1270 622 1334; x_wconf 86' lang='lat' dir='ltr'><strong>hoo</strong></span> <span class='ocrx_word' id='word_1_76' title='bbox 643 1253 838 1334; x_wconf 77' lang='lat' dir='ltr'><strong>monasterio</strong></span> <span class='ocrx_word' id='word_1_77' title='bbox 860 1268 989 1330; x_wconf 86' lang='lat' dir='ltr'><strong>fuerunt</strong></span> <span class='ocrx_word' id='word_1_78' title='bbox 1015 1268 1135 1332; x_wconf 88' lang='lat' dir='ltr'><strong>missee</strong></span> <span class='ocrx_word' id='word_1_79' title='bbox 1156 1277 1287 1334; x_wconf 75' lang='lat' dir='ltr'><strong>sorores</strong></span> 
     </span>
     <span class='ocr_line' id='line_1_11' title="bbox 98 1371 1286 1456; baseline 0.002 -18"><span class='ocrx_word' id='word_1_80' title='bbox 98 1375 217 1438; x_wconf 53' lang='lat' dir='ltr'><strong>&amp;em</strong></span> <span class='ocrx_word' id='word_1_81' title='bbox 237 1371 279 1436; x_wconf 82' lang='lat' dir='ltr'><strong>ed</strong></span> <span class='ocrx_word' id='word_1_82' title='bbox 299 1372 381 1436; x_wconf 81' lang='lat' dir='ltr'><strong>elios</strong></span> <span class='ocrx_word' id='word_1_83' title='bbox 401 1372 511 1438; x_wconf 88' lang='lat' dir='ltr'><strong>mundi</strong></span> <span class='ocrx_word' id='word_1_84' title='bbox 542 1381 652 1456; x_wconf 75' lang='lat' dir='ltr'><strong>portos</strong></span> <span class='ocrx_word' id='word_1_85' title='bbox 673 1373 714 1437; x_wconf 86' lang='lat' dir='ltr'><strong>ed</strong></span> <span class='ocrx_word' id='word_1_86' title='bbox 745 1371 980 1437; x_wconf 73' lang='lat' dir='ltr'><strong>sedilioondnm</strong></span> <span class='ocrx_word' id='word_1_87' title='bbox 1015 1373 1142 1436; x_wconf 82' lang='lat' dir='ltr'><strong>similis</strong></span> <span class='ocrx_word' id='word_1_88' title='bbox 1172 1391 1286 1439; x_wconf 74' lang='lat' dir='ltr'><strong>mons-</strong></span> 
     </span>
     <span class='ocr_line' id='line_1_12' title="bbox 105 1477 1302 1564; baseline 0 -22"><span class='ocrx_word' id='word_1_89' title='bbox 105 1479 228 1542; x_wconf 81' lang='lat' dir='ltr'><strong>steris.</strong></span> <span class='ocrx_word' id='word_1_90' title='bbox 271 1477 366 1543; x_wconf 93' lang='lat' dir='ltr'><strong>Unde</strong></span> <span class='ocrx_word' id='word_1_91' title='bbox 385 1477 420 1540; x_wconf 91' lang='lat' dir='ltr'><strong>iu</strong></span> <span class='ocrx_word' id='word_1_92' title='bbox 441 1477 595 1542; x_wconf 81' lang='lat' dir='ltr'><strong>eomitetu</strong></span> <span class='ocrx_word' id='word_1_93' title='bbox 627 1479 826 1548; x_wconf 82' lang='lat' dir='ltr'><strong>dominorum</strong></span> <span class='ocrx_word' id='word_1_94' title='bbox 848 1477 889 1542; x_wconf 91' lang='lat' dir='ltr'><strong>de</strong></span> <span class='ocrx_word' id='word_1_95' title='bbox 914 1478 1055 1564; x_wconf 72' lang='lat' dir='ltr'><strong>Kybnrg</strong></span> <span class='ocrx_word' id='word_1_96' title='bbox 1073 1497 1175 1562; x_wconf 82' lang='lat' dir='ltr'><strong>prope</strong></span> <span class='ocrx_word' id='word_1_97' title='bbox 1194 1479 1302 1564; x_wconf 61' lang='lat' dir='ltr'><strong>&#39;lhu-m</strong></span> 
     </span>
     <span class='ocr_line' id='line_1_13' title="bbox 16 1575 1287 1666; baseline 0 -20"><span class='ocrx_word' id='word_1_98' title='bbox 16 1575 17 1590; x_wconf 56' lang='lat'>¹</span> <span class='ocrx_word' id='word_1_99' title='bbox 108 1601 232 1666; x_wconf 80' lang='lat' dir='ltr'><strong>regern</strong></span> <span class='ocrx_word' id='word_1_100' title='bbox 273 1589 325 1645; x_wconf 86' lang='lat' dir='ltr'><strong>est</strong></span> <span class='ocrx_word' id='word_1_101' title='bbox 355 1582 450 1646; x_wconf 90' lang='lat' dir='ltr'><strong>hodie</strong></span> <span class='ocrx_word' id='word_1_102' title='bbox 483 1603 582 1648; x_wconf 91' lang='lat' dir='ltr'><strong>unum</strong></span> <span class='ocrx_word' id='word_1_103' title='bbox 619 1583 661 1646; x_wconf 90' lang='lat' dir='ltr'><strong>de</strong></span> <span class='ocrx_word' id='word_1_104' title='bbox 692 1583 757 1646; x_wconf 89' lang='lat' dir='ltr'><strong>illis</strong></span> <span class='ocrx_word' id='word_1_105' title='bbox 787 1584 996 1646; x_wconf 78' lang='lat' dir='ltr'><strong>monasteriis</strong></span> <span class='ocrx_word' id='word_1_106' title='bbox 1033 1591 1066 1644; x_wconf 88' lang='lat' dir='ltr'><strong>et</strong></span> <span class='ocrx_word' id='word_1_107' title='bbox 1097 1582 1214 1648; x_wconf 84' lang='lat' dir='ltr'><strong>dieitur</strong></span> <span class='ocrx_word' id='word_1_108' title='bbox 1244 1581 1287 1646; x_wconf 78' lang='lat' dir='ltr'><strong>ed</strong></span> 
     </span>
     <span class='ocr_line' id='line_1_14' title="bbox 101 1681 1287 1772; baseline 0 -22"><span class='ocrx_word' id='word_1_109' title='bbox 101 1681 270 1750; x_wconf 72' lang='lat' dir='ltr'><strong>summum</strong></span> <span class='ocrx_word' id='word_1_110' title='bbox 302 1687 465 1752; x_wconf 79' lang='lat' dir='ltr'><strong>hezomm</strong></span> <span class='ocrx_word' id='word_1_111' title='bbox 496 1689 647 1772; x_wconf 77' lang='lat' dir='ltr'><strong>lmglren.</strong></span> <span class='ocrx_word' id='word_1_112' title='bbox 690 1687 771 1755; x_wconf 83' lang='lat' dir='ltr'><strong>Post</strong></span> <span class='ocrx_word' id='word_1_113' title='bbox 790 1689 1002 1772; x_wconf 75' lang='lat' dir='ltr'><strong>perditionem</strong></span> <span class='ocrx_word' id='word_1_114' title='bbox 1026 1696 1132 1752; x_wconf 86' lang='lat' dir='ltr'><strong>terreo</strong></span> <span class='ocrx_word' id='word_1_115' title='bbox 1152 1695 1287 1752; x_wconf 75' lang='lat' dir='ltr'><strong>sanetae</strong></span> 
     </span>
     <span class='ocr_line' id='line_1_15' title="bbox 69 1789 1287 1876; baseline 0 -20"><span class='ocrx_word' id='word_1_116' title='bbox 69 1835 71 1840; x_wconf 91' lang='lat'>-</span> <span class='ocrx_word' id='word_1_117' title='bbox 106 1792 253 1856; x_wconf 76' lang='lat' dir='ltr'><strong>luerunt</strong></span> <span class='ocrx_word' id='word_1_118' title='bbox 284 1791 443 1856; x_wconf 76' lang='lat' dir='ltr'><strong>moniales</strong></span> <span class='ocrx_word' id='word_1_119' title='bbox 479 1793 648 1876; x_wconf 75' lang='lat' dir='ltr'><strong>dispersae</strong></span> <span class='ocrx_word' id='word_1_120' title='bbox 686 1801 719 1857; x_wconf 85' lang='lat' dir='ltr'><strong>et</strong></span> <span class='ocrx_word' id='word_1_121' title='bbox 750 1796 980 1874; x_wconf 79' lang='lat' dir='ltr'><strong>monesterium</strong></span> <span class='ocrx_word' id='word_1_122' title='bbox 1020 1789 1218 1858; x_wconf 78' lang='lat' dir='ltr'><strong>destructum</strong></span> <span class='ocrx_word' id='word_1_123' title='bbox 1253 1801 1287 1856; x_wconf 87' lang='lat' dir='ltr'><strong>et</strong></span> 
     </span>
     <span class='ocr_line' id='line_1_16' title="bbox 15 1894 1286 1998; baseline 0 -38"><span class='ocrx_word' id='word_1_124' title='bbox 15 1963 16 1998; x_wconf 25' lang='grc'>1</span> <span class='ocrx_word' id='word_1_125' title='bbox 110 1896 288 1981; x_wconf 83' lang='lat' dir='ltr'><strong>oppidum,</strong></span> <span class='ocrx_word' id='word_1_126' title='bbox 311 1894 419 1960; x_wconf 71' lang='lat' dir='ltr'><strong>demto</strong></span> <span class='ocrx_word' id='word_1_127' title='bbox 438 1897 582 1968; x_wconf 72' lang='lat' dir='ltr'><strong>molesto</strong></span> <span class='ocrx_word' id='word_1_128' title='bbox 602 1917 677 1964; x_wconf 82' lang='lat' dir='ltr'><strong>eum</strong></span> <span class='ocrx_word' id='word_1_129' title='bbox 697 1899 889 1982; x_wconf 74' lang='lat' dir='ltr'><strong>sepulchro,</strong></span> <span class='ocrx_word' id='word_1_130' title='bbox 912 1896 997 1982; x_wconf 87' lang='lat' dir='ltr'><strong>quod</strong></span> <span class='ocrx_word' id='word_1_131' title='bbox 1023 1897 1129 1962; x_wconf 78' lang='lat' dir='ltr'><strong>adhue</strong></span> <span class='ocrx_word' id='word_1_132' title='bbox 1150 1907 1230 1980; x_wconf 82' lang='lat' dir='ltr'><strong>stet,</strong></span> <span class='ocrx_word' id='word_1_133' title='bbox 1252 1906 1286 1961; x_wconf 81' lang='lat' dir='ltr'><strong>et</strong></span> 
     </span>
     <span class='ocr_line' id='line_1_17' title="bbox 109 2002 1284 2088; baseline 0 -24"><span class='ocrx_word' id='word_1_134' title='bbox 109 2010 171 2072; x_wconf 82' lang='lat' dir='ltr'><strong>est</strong></span> <span class='ocrx_word' id='word_1_135' title='bbox 192 2019 370 2064; x_wconf 72' lang='lat' dir='ltr'><strong>marmoree</strong></span> <span class='ocrx_word' id='word_1_136' title='bbox 397 2003 506 2066; x_wconf 82' lang='lat' dir='ltr'><strong>tumbe</strong></span> <span class='ocrx_word' id='word_1_137' title='bbox 528 2003 674 2088; x_wconf 70' lang='lat' dir='ltr'><strong>elevato,</strong></span> <span class='ocrx_word' id='word_1_138' title='bbox 706 2013 740 2066; x_wconf 88' lang='lat' dir='ltr'><strong>et</strong></span> <span class='ocrx_word' id='word_1_139' title='bbox 760 2004 822 2069; x_wconf 87' lang='lat' dir='ltr'><strong>sub</strong></span> <span class='ocrx_word' id='word_1_140' title='bbox 854 2021 895 2067; x_wconf 83' lang='lat' dir='ltr'><strong>eo</strong></span> <span class='ocrx_word' id='word_1_141' title='bbox 921 2013 974 2067; x_wconf 87' lang='lat' dir='ltr'><strong>est</strong></span> <span class='ocrx_word' id='word_1_142' title='bbox 993 2002 1166 2086; x_wconf 78' lang='lat' dir='ltr'><strong>spelunea,</strong></span> <span class='ocrx_word' id='word_1_143' title='bbox 1199 2019 1284 2085; x_wconf 82' lang='lat' dir='ltr'><strong>quoe</strong></span> 
     </span>
     <span class='ocr_line' id='line_1_18' title="bbox 83 2105 1285 2192; baseline 0 -24"><span class='ocrx_word' id='word_1_144' title='bbox 83 2113 172 2192; x_wconf 46' lang='lat' dir='ltr'><strong>sest</strong></span> <span class='ocrx_word' id='word_1_145' title='bbox 192 2105 366 2170; x_wconf 70' lang='lat' dir='ltr'><strong>obstruetu-</strong></span> <span class='ocrx_word' id='word_1_146' title='bbox 410 2105 585 2171; x_wconf 82' lang='lat' dir='ltr'><strong>Serreeeni</strong></span> <span class='ocrx_word' id='word_1_147' title='bbox 606 2109 703 2172; x_wconf 86' lang='lat' dir='ltr'><strong>etiem</strong></span> <span class='ocrx_word' id='word_1_148' title='bbox 723 2109 892 2172; x_wconf 88' lang='lat' dir='ltr'><strong>nobiseum</strong></span> <span class='ocrx_word' id='word_1_149' title='bbox 912 2107 1117 2190; x_wconf 78' lang='lat' dir='ltr'><strong>sepulchrum</strong></span> <span class='ocrx_word' id='word_1_150' title='bbox 1139 2108 1202 2170; x_wconf 86' lang='lat' dir='ltr'><strong>hoe</strong></span> <span class='ocrx_word' id='word_1_151' title='bbox 1223 2105 1285 2168; x_wconf 88' lang='lat' dir='ltr'><strong>ho·</strong></span> 
     </span>
     <span class='ocr_line' id='line_1_19' title="bbox 15 2195 1312 2298; baseline 0.003 -28"><span class='ocrx_word' id='word_1_152' title='bbox 15 2195 16 2202; x_wconf 52' lang='lat'><em>&#39;</em></span> <span class='ocrx_word' id='word_1_153' title='bbox 113 2218 247 2292; x_wconf 75' lang='lat' dir='ltr'><strong>morsm,</strong></span> <span class='ocrx_word' id='word_1_154' title='bbox 267 2209 344 2293; x_wconf 72' lang='lat' dir='ltr'><strong>quie</strong></span> <span class='ocrx_word' id='word_1_155' title='bbox 363 2212 472 2275; x_wconf 87' lang='lat' dir='ltr'><strong>omniu</strong></span> <span class='ocrx_word' id='word_1_156' title='bbox 491 2211 574 2295; x_wconf 74' lang='lat' dir='ltr'><strong>loos,</strong></span> <span class='ocrx_word' id='word_1_157' title='bbox 592 2212 626 2274; x_wconf 92' lang='lat' dir='ltr'><strong>in</strong></span> <span class='ocrx_word' id='word_1_158' title='bbox 638 2210 813 2298; x_wconf 60' lang='lat' dir='ltr'><strong>(mm)</strong></span> <span class='ocrx_word' id='word_1_159' title='bbox 835 2212 951 2297; x_wconf 86' lang='lat' dir='ltr'><strong>quibus</strong></span> <span class='ocrx_word' id='word_1_160' title='bbox 967 2210 1088 2295; x_wconf 81' lang='lat' dir='ltr'><strong>aliquid</strong></span> <span class='ocrx_word' id='word_1_161' title='bbox 1109 2211 1285 2295; x_wconf 81' lang='lat' dir='ltr'><strong>gloriosum</strong></span> <span class='ocrx_word' id='word_1_162' title='bbox 1305 2255 1312 2288; x_wconf 87' lang='lat'>:</span> 
     </span>
     <span class='ocr_line' id='line_1_20' title="bbox 14 2313 1285 2404; baseline 0.001 -27"><span class='ocrx_word' id='word_1_163' title='bbox 14 2379 15 2390; x_wconf 54' lang='grc'>,</span> <span class='ocrx_word' id='word_1_164' title='bbox 112 2321 170 2377; x_wconf 84' lang='lat' dir='ltr'><strong>est</strong></span> <span class='ocrx_word' id='word_1_165' title='bbox 189 2331 249 2396; x_wconf 89' lang='lat' dir='ltr'><strong>per</strong></span> <span class='ocrx_word' id='word_1_166' title='bbox 278 2314 451 2400; x_wconf 85' lang='lat' dir='ltr'><strong>¹llominnm</strong></span> <span class='ocrx_word' id='word_1_167' title='bbox 484 2325 608 2400; x_wconf 77' lang='lat' dir='ltr'><strong>uotum,</strong></span> <span class='ocrx_word' id='word_1_168' title='bbox 639 2318 812 2398; x_wconf 78' lang='lat' dir='ltr'><strong>honorent,</strong></span> <span class='ocrx_word' id='word_1_169' title='bbox 849 2315 964 2404; x_wconf 84' lang='lat' dir='ltr'><strong>sedin</strong></span> <span class='ocrx_word' id='word_1_170' title='bbox 994 2317 1112 2400; x_wconf 83' lang='lat' dir='ltr'><strong>quibus</strong></span> <span class='ocrx_word' id='word_1_171' title='bbox 1145 2313 1285 2396; x_wconf 77' lang='lat' dir='ltr'><strong>aliquem</strong></span> 
     </span>
     <span class='ocr_line' id='line_1_21' title="bbox 113 2419 1280 2505; baseline 0.006 -24"><span class='ocrx_word' id='word_1_172' title='bbox 113 2419 326 2504; x_wconf 73' lang='lat' dir='ltr'><strong>ignominiam</strong></span> <span class='ocrx_word' id='word_1_173' title='bbox 346 2421 515 2505; x_wconf 78' lang='lat' dir='ltr'><strong>sustinuit,</strong></span> <span class='ocrx_word' id='word_1_174' title='bbox 534 2420 746 2505; x_wconf 77' lang='lat' dir='ltr'><strong>detestentur.</strong></span> <span class='ocrx_word' id='word_1_175' title='bbox 788 2422 940 2488; x_wconf 78' lang='lat' dir='ltr'><strong>lioeiesiu</strong></span> <span class='ocrx_word' id='word_1_176' title='bbox 959 2422 1017 2485; x_wconf 84' lang='lat' dir='ltr'><strong>ilie</strong></span> <span class='ocrx_word' id='word_1_177' title='bbox 1038 2431 1089 2485; x_wconf 87' lang='lat' dir='ltr'><strong>est</strong></span> <span class='ocrx_word' id='word_1_178' title='bbox 1110 2429 1280 2488; x_wconf 75' lang='lat' dir='ltr'><strong>emooroto</strong></span> 
     </span>
     <span class='ocr_line' id='line_1_22' title="bbox 115 2521 1285 2612; baseline 0.001 -24"><span class='ocrx_word' id='word_1_179' title='bbox 115 2533 154 2588; x_wconf 88' lang='lat' dir='ltr'><strong>et</strong></span> <span class='ocrx_word' id='word_1_180' title='bbox 173 2524 288 2588; x_wconf 67' lang='lat' dir='ltr'><strong>altune</strong></span> <span class='ocrx_word' id='word_1_181' title='bbox 307 2521 379 2606; x_wconf 84' lang='lat' dir='ltr'><strong>ejus</strong></span> <span class='ocrx_word' id='word_1_182' title='bbox 400 2524 516 2610; x_wconf 76' lang='lat' dir='ltr'><strong>diruto,</strong></span> <span class='ocrx_word' id='word_1_183' title='bbox 539 2533 573 2588; x_wconf 87' lang='lat' dir='ltr'><strong>ot</strong></span> <span class='ocrx_word' id='word_1_184' title='bbox 594 2527 721 2612; x_wconf 75' lang='lat' dir='ltr'><strong>quando</strong></span> <span class='ocrx_word' id='word_1_185' title='bbox 743 2545 805 2592; x_wconf 86' lang='lat' dir='ltr'><strong>nos</strong></span> <span class='ocrx_word' id='word_1_186' title='bbox 820 2529 854 2591; x_wconf 91' lang='lat' dir='ltr'><strong>in</strong></span> <span class='ocrx_word' id='word_1_187' title='bbox 875 2548 914 2592; x_wconf 84' lang='lat' dir='ltr'><strong>ee</strong></span> <span class='ocrx_word' id='word_1_188' title='bbox 935 2545 1076 2611; x_wconf 77' lang='lat' dir='ltr'><strong>eremus,</strong></span> <span class='ocrx_word' id='word_1_189' title='bbox 1097 2535 1167 2590; x_wconf 82' lang='lat' dir='ltr'><strong>eret</strong></span> <span class='ocrx_word' id='word_1_190' title='bbox 1187 2525 1285 2609; x_wconf 79' lang='lat' dir='ltr'><strong>plene</strong></span> 
     </span>
     <span class='ocr_line' id='line_1_23' title="bbox 114 2628 979 2714; baseline 0.009 -18"><span class='ocrx_word' id='word_1_191' title='bbox 114 2629 290 2714; x_wconf 66' lang='lat' dir='ltr'><strong>manipulis</strong></span> <span class='ocrx_word' id='word_1_192' title='bbox 311 2628 480 2712; x_wconf 84' lang='lat' dir='ltr'><strong>frumenti,</strong></span> <span class='ocrx_word' id='word_1_193' title='bbox 499 2631 587 2696; x_wconf 79' lang='lat' dir='ltr'><strong>siout</strong></span> <span class='ocrx_word' id='word_1_194' title='bbox 606 2634 753 2700; x_wconf 89' lang='lat' dir='ltr'><strong>horreum</strong></span> <span class='ocrx_word' id='word_1_195' title='bbox 776 2636 979 2704; x_wconf 79' lang='lat' dir='ltr'><strong>rmttoornm.</strong></span> 
     </span>
    </p>
   </div>
   <div class='ocr_carea' id='block_1_3' title="bbox 254 2865 1174 2980">
    <p class='ocr_par' dir='ltr' id='par_1_3' title="bbox 254 2865 1174 2980">
     <span class='ocr_line' id='line_1_24' title="bbox 254 2865 1174 2980; baseline -0.009 -23"><span class='ocrx_word' id='word_1_196' title='bbox 254 2882 314 2957; x_wconf 88' lang='lat' dir='ltr'><strong>De</strong></span> <span class='ocrx_word' id='word_1_197' title='bbox 338 2879 444 2955; x_wconf 89' lang='lat' dir='ltr'><strong>domo</strong></span> <span class='ocrx_word' id='word_1_198' title='bbox 473 2875 633 2955; x_wconf 81' lang='lat' dir='ltr'><strong>Simonis</strong></span> <span class='ocrx_word' id='word_1_199' title='bbox 658 2865 813 2980; x_wconf 79' lang='lat' dir='ltr'><strong>leprosi,</strong></span> <span class='ocrx_word' id='word_1_200' title='bbox 840 2877 997 2980; x_wconf 86' lang='lat' dir='ltr'><strong>hospitio</strong></span> <span class='ocrx_word' id='word_1_201' title='bbox 1017 2877 1174 2952; x_wconf 85' lang='lat' dir='ltr'><strong>Domini.</strong></span> 
     </span>
    </p>
   </div>
   <div class='ocr_carea' id='block_1_4' title="bbox 119 3045 1383 3668">
    <p class='ocr_par' dir='ltr' id='par_1_4' title="bbox 119 3045 1383 3668">
     <span class='ocr_line' id='line_1_25' title="bbox 204 3045 1383 3142; baseline -0.004 -16"><span class='ocrx_word' id='word_1_202' title='bbox 204 3063 257 3126; x_wconf 82' lang='lat' dir='ltr'><strong>Ao</strong></span> <span class='ocrx_word' id='word_1_203' title='bbox 275 3045 342 3126; x_wconf 81' lang='lat' dir='ltr'><strong>¹illu</strong></span> <span class='ocrx_word' id='word_1_204' title='bbox 361 3059 504 3126; x_wconf 81' lang='lat' dir='ltr'><strong>eoelesio</strong></span> <span class='ocrx_word' id='word_1_205' title='bbox 530 3069 768 3142; x_wconf 76' lang='lat' dir='ltr'><strong>consequenter</strong></span> <span class='ocrx_word' id='word_1_206' title='bbox 798 3055 1026 3123; x_wconf 78' lang='lat' dir='ltr'><strong>adsuendimus</strong></span> <span class='ocrx_word' id='word_1_207' title='bbox 1056 3059 1090 3120; x_wconf 88' lang='lat' dir='ltr'><strong>in</strong></span> <span class='ocrx_word' id='word_1_208' title='bbox 1120 3057 1281 3141; x_wconf 80' lang='lat' dir='ltr'><strong>quondum</strong></span> <span class='ocrx_word' id='word_1_209' title='bbox 1373 3087 1383 3098; x_wconf 68' lang='lat'>=</span> 
     </span>
     <span class='ocr_line' id='line_1_26' title="bbox 120 3161 1285 3248; baseline -0.008 -15"><span class='ocrx_word' id='word_1_210' title='bbox 120 3169 217 3235; x_wconf 77' lang='lat' dir='ltr'><strong>otium</strong></span> <span class='ocrx_word' id='word_1_211' title='bbox 239 3167 435 3233; x_wconf 72' lang='lat' dir='ltr'><strong>destructum</strong></span> <span class='ocrx_word' id='word_1_212' title='bbox 457 3163 646 3246; x_wconf 72' lang='lat' dir='ltr'><strong>seelestam,</strong></span> <span class='ocrx_word' id='word_1_213' title='bbox 677 3165 772 3248; x_wconf 87' lang='lat' dir='ltr'><strong>enjus</strong></span> <span class='ocrx_word' id='word_1_214' title='bbox 793 3164 905 3228; x_wconf 75' lang='lat' dir='ltr'><strong>ruinae</strong></span> <span class='ocrx_word' id='word_1_215' title='bbox 925 3179 1062 3246; x_wconf 75' lang='lat' dir='ltr'><strong>magnes</strong></span> <span class='ocrx_word' id='word_1_216' title='bbox 1093 3161 1210 3225; x_wconf 86' lang='lat' dir='ltr'><strong>ibidem</strong></span> <span class='ocrx_word' id='word_1_217' title='bbox 1230 3161 1285 3244; x_wconf 77' lang='lat' dir='ltr'><strong>io-</strong></span> 
     </span>
     <span class='ocr_line' id='line_1_27' title="bbox 120 3266 1285 3355; baseline -0.005 -19"><span class='ocrx_word' id='word_1_218' title='bbox 120 3281 212 3355; x_wconf 88' lang='lat' dir='ltr'><strong>oent,</strong></span> <span class='ocrx_word' id='word_1_219' title='bbox 238 3278 271 3336; x_wconf 88' lang='lat' dir='ltr'><strong>et</strong></span> <span class='ocrx_word' id='word_1_220' title='bbox 292 3289 377 3336; x_wconf 85' lang='lat' dir='ltr'><strong>unus</strong></span> <span class='ocrx_word' id='word_1_221' title='bbox 405 3287 515 3334; x_wconf 87' lang='lat' dir='ltr'><strong>murus</strong></span> <span class='ocrx_word' id='word_1_222' title='bbox 537 3266 579 3330; x_wconf 90' lang='lat' dir='ltr'><strong>de</strong></span> <span class='ocrx_word' id='word_1_223' title='bbox 600 3285 641 3332; x_wconf 84' lang='lat' dir='ltr'><strong>eo</strong></span> <span class='ocrx_word' id='word_1_224' title='bbox 662 3269 833 3352; x_wconf 74' lang='lat' dir='ltr'><strong>remansit,</strong></span> <span class='ocrx_word' id='word_1_225' title='bbox 864 3269 896 3331; x_wconf 92' lang='lat' dir='ltr'><strong>in</strong></span> <span class='ocrx_word' id='word_1_226' title='bbox 919 3285 982 3352; x_wconf 86' lang='lat' dir='ltr'><strong>quo</strong></span> <span class='ocrx_word' id='word_1_227' title='bbox 1006 3267 1151 3349; x_wconf 85' lang='lat' dir='ltr'><strong>videtur,</strong></span> <span class='ocrx_word' id='word_1_228' title='bbox 1181 3266 1285 3331; x_wconf 85' lang='lat' dir='ltr'><strong>luisse</strong></span> 
     </span>
     <span class='ocr_line' id='line_1_28' title="bbox 120 3373 1285 3461; baseline -0.005 -19"><span class='ocrx_word' id='word_1_229' title='bbox 120 3377 293 3444; x_wconf 75' lang='lat' dir='ltr'><strong>eoelesim</strong></span> <span class='ocrx_word' id='word_1_230' title='bbox 313 3377 505 3461; x_wconf 74' lang='lat' dir='ltr'><strong>pretiosum,</strong></span> <span class='ocrx_word' id='word_1_231' title='bbox 539 3381 572 3436; x_wconf 89' lang='lat' dir='ltr'><strong>et</strong></span> <span class='ocrx_word' id='word_1_232' title='bbox 591 3373 703 3439; x_wconf 81' lang='lat' dir='ltr'><strong>hebuit</strong></span> <span class='ocrx_word' id='word_1_233' title='bbox 732 3375 969 3458; x_wconf 77' lang='lat' dir='ltr'><strong>pavimentum,</strong></span> <span class='ocrx_word' id='word_1_234' title='bbox 1001 3373 1092 3436; x_wconf 85' lang='lat' dir='ltr'><strong>vurio</strong></span> <span class='ocrx_word' id='word_1_235' title='bbox 1127 3381 1285 3438; x_wconf 86' lang='lat' dir='ltr'><strong>merm&#39;ore</strong></span> 
     </span>
     <span class='ocr_line' id='line_1_29' title="bbox 120 3477 1283 3566; baseline -0.003 -20"><span class='ocrx_word' id='word_1_236' title='bbox 120 3491 271 3566; x_wconf 80' lang='lat' dir='ltr'><strong>stratum,</strong></span> <span class='ocrx_word' id='word_1_237' title='bbox 292 3481 386 3564; x_wconf 85' lang='lat' dir='ltr'><strong>enjus</strong></span> <span class='ocrx_word' id='word_1_238' title='bbox 407 3479 562 3562; x_wconf 79' lang='lat' dir='ltr'><strong>reliquias</strong></span> <span class='ocrx_word' id='word_1_239' title='bbox 583 3478 861 3564; x_wconf 84' lang='lat' dir='ltr'><strong>deprehendimus.</strong></span> <span class='ocrx_word' id='word_1_240' title='bbox 904 3481 998 3542; x_wconf 82' lang='lat' dir='ltr'><strong>Haeo</strong></span> <span class='ocrx_word' id='word_1_241' title='bbox 1019 3477 1161 3542; x_wconf 77' lang='lat' dir='ltr'><strong>eeclesia</strong></span> <span class='ocrx_word' id='word_1_242' title='bbox 1182 3481 1215 3541; x_wconf 94' lang='lat' dir='ltr'><strong>in</strong></span> <span class='ocrx_word' id='word_1_243' title='bbox 1243 3496 1283 3542; x_wconf 90' lang='lat' dir='ltr'><strong>eo</strong></span> 
     </span>
     <span class='ocr_line' id='line_1_30' title="bbox 119 3581 1284 3668; baseline -0.004 -18"><span class='ocrx_word' id='word_1_244' title='bbox 119 3588 190 3652; x_wconf 82' lang='lat' dir='ltr'><strong>loeo</strong></span> <span class='ocrx_word' id='word_1_245' title='bbox 211 3587 273 3652; x_wconf 86' lang='lat' dir='ltr'><strong>fuit</strong></span> <span class='ocrx_word' id='word_1_246' title='bbox 294 3594 498 3668; x_wconf 77' lang='lat' dir='ltr'><strong>construere,</strong></span> <span class='ocrx_word' id='word_1_247' title='bbox 515 3584 548 3646; x_wconf 93' lang='lat' dir='ltr'><strong>in</strong></span> <span class='ocrx_word' id='word_1_248' title='bbox 568 3603 636 3668; x_wconf 76' lang='lat' dir='ltr'><strong>qud</strong></span> <span class='ocrx_word' id='word_1_249' title='bbox 653 3584 744 3648; x_wconf 84' lang='lat' dir='ltr'><strong>stetit</strong></span> <span class='ocrx_word' id='word_1_250' title='bbox 763 3583 877 3647; x_wconf 89' lang='lat' dir='ltr'><strong>domus</strong></span> <span class='ocrx_word' id='word_1_251' title='bbox 899 3582 1042 3647; x_wconf 85' lang='lat' dir='ltr'><strong>Simonis</strong></span> <span class='ocrx_word' id='word_1_252' title='bbox 1063 3583 1192 3665; x_wconf 84' lang='lat' dir='ltr'><strong>leprosi.</strong></span> <span class='ocrx_word' id='word_1_253' title='bbox 1231 3581 1284 3645; x_wconf 82' lang='lat' dir='ltr'><strong>De</strong></span> 
     </span>
    </p>
   </div>
   <div class='ocr_carea' id='block_1_5' title="bbox 73 3688 1284 4406">
    <p class='ocr_par' dir='ltr' id='par_1_5' title="bbox 73 3688 1284 4406">
     <span class='ocr_line' id='line_1_31' title="bbox 119 3688 1074 3777; baseline -0.008 -20"><span class='ocrx_word' id='word_1_254' title='bbox 119 3709 182 3777; x_wconf 77' lang='lat' dir='ltr'><strong>qus</strong></span> <span class='ocrx_word' id='word_1_255' title='bbox 202 3691 377 3776; x_wconf 87' lang='lat' dir='ltr'><strong>loquuntur</strong></span> <span class='ocrx_word' id='word_1_256' title='bbox 397 3688 632 3772; x_wconf 77' lang='lat' dir='ltr'><strong>llvengelistee</strong></span> <span class='ocrx_word' id='word_1_257' title='bbox 652 3688 769 3751; x_wconf 78' lang='lat' dir='ltr'><strong>Metti.</strong></span> <span class='ocrx_word' id='word_1_258' title='bbox 790 3689 844 3752; x_wconf 77' lang='lat'><strong>26.</strong></span> <span class='ocrx_word' id='word_1_259' title='bbox 866 3689 999 3754; x_wconf 79' lang='lat' dir='ltr'><strong>Merene</strong></span> <span class='ocrx_word' id='word_1_260' title='bbox 1023 3688 1074 3752; x_wconf 84' lang='lat' dir='ltr'><strong>ld.</strong></span> 
     </span>
     <span class='ocr_line' id='line_1_32' title="bbox 201 3790 1283 3861; baseline -0.004 -3"><span class='ocrx_word' id='word_1_261' title='bbox 201 3798 239 3858; x_wconf 88' lang='lat' dir='ltr'><strong>ln</strong></span> <span class='ocrx_word' id='word_1_262' title='bbox 261 3796 347 3860; x_wconf 79' lang='lat' dir='ltr'><strong>liene</strong></span> <span class='ocrx_word' id='word_1_263' title='bbox 366 3795 494 3861; x_wconf 88' lang='lat' dir='ltr'><strong>domum</strong></span> <span class='ocrx_word' id='word_1_264' title='bbox 515 3793 607 3857; x_wconf 86' lang='lat' dir='ltr'><strong>venit</strong></span> <span class='ocrx_word' id='word_1_265' title='bbox 631 3792 791 3856; x_wconf 85' lang='lat' dir='ltr'><strong>Dominus</strong></span> <span class='ocrx_word' id='word_1_266' title='bbox 811 3791 914 3857; x_wconf 86' lang='lat' dir='ltr'><strong>Jesus</strong></span> <span class='ocrx_word' id='word_1_267' title='bbox 943 3795 1103 3856; x_wconf 85' lang='lat' dir='ltr'><strong>invitatus</strong></span> <span class='ocrx_word' id='word_1_268' title='bbox 1125 3790 1283 3855; x_wconf 80' lang='lat' dir='ltr'><strong>sabbatho</strong></span> 
     </span>
     <span class='ocr_line' id='line_1_33' title="bbox 120 3893 1284 3984; baseline -0.006 -20"><span class='ocrx_word' id='word_1_269' title='bbox 120 3901 312 3984; x_wconf 73' lang='lat' dir='ltr'><strong>palmorum,</strong></span> <span class='ocrx_word' id='word_1_270' title='bbox 350 3910 383 3964; x_wconf 87' lang='lat' dir='ltr'><strong>et</strong></span> <span class='ocrx_word' id='word_1_271' title='bbox 414 3901 459 3964; x_wconf 89' lang='lat' dir='ltr'><strong>ibi</strong></span> <span class='ocrx_word' id='word_1_272' title='bbox 490 3899 538 3968; x_wconf 86' lang='lat' dir='ltr'><strong>iil.</strong></span> <span class='ocrx_word' id='word_1_273' title='bbox 569 3897 767 3982; x_wconf 81' lang='lat' dir='ltr'><strong>Mogduleuo</strong></span> <span class='ocrx_word' id='word_1_274' title='bbox 798 3893 913 3958; x_wconf 75' lang='lat' dir='ltr'><strong>effudit</strong></span> <span class='ocrx_word' id='word_1_275' title='bbox 950 3903 1148 3978; x_wconf 83' lang='lat' dir='ltr'><strong>unguentum</strong></span> <span class='ocrx_word' id='word_1_276' title='bbox 1185 3911 1284 3978; x_wconf 84' lang='lat' dir='ltr'><strong>snper</strong></span> 
     </span>
     <span class='ocr_line' id='line_1_34' title="bbox 121 3997 1284 4088; baseline -0.007 -19"><span class='ocrx_word' id='word_1_277' title='bbox 121 4013 216 4088; x_wconf 78' lang='lat' dir='ltr'><strong>otput</strong></span> <span class='ocrx_word' id='word_1_278' title='bbox 237 4003 481 4086; x_wconf 83' lang='lat' dir='ltr'><strong>disenmbentis,</strong></span> <span class='ocrx_word' id='word_1_279' title='bbox 496 4009 530 4065; x_wconf 89' lang='lat' dir='ltr'><strong>et</strong></span> <span class='ocrx_word' id='word_1_280' title='bbox 548 4003 592 4066; x_wconf 89' lang='lat' dir='ltr'><strong>ibi</strong></span> <span class='ocrx_word' id='word_1_281' title='bbox 609 4001 847 4065; x_wconf 73' lang='lat' dir='ltr'><strong>murmurabunt</strong></span> <span class='ocrx_word' id='word_1_282' title='bbox 865 3998 1016 4082; x_wconf 82' lang='lat' dir='ltr'><strong>discipuli</strong></span> <span class='ocrx_word' id='word_1_283' title='bbox 1033 3997 1075 4061; x_wconf 89' lang='lat' dir='ltr'><strong>de</strong></span> <span class='ocrx_word' id='word_1_284' title='bbox 1095 3998 1284 4082; x_wconf 87' lang='lat' dir='ltr'><strong>perditione,</strong></span> 
     </span>
     <span class='ocr_line' id='line_1_35' title="bbox 120 4107 785 4190; baseline -0.011 -16"><span class='ocrx_word' id='word_1_285' title='bbox 120 4119 153 4174; x_wconf 91' lang='lat' dir='ltr'><strong>ut</strong></span> <span class='ocrx_word' id='word_1_286' title='bbox 173 4110 325 4188; x_wconf 82' lang='lat' dir='ltr'><strong>hebetur,</strong></span> <span class='ocrx_word' id='word_1_287' title='bbox 349 4109 405 4174; x_wconf 86' lang='lat' dir='ltr'><strong>ubi</strong></span> <span class='ocrx_word' id='word_1_288' title='bbox 426 4125 539 4190; x_wconf 81' lang='lat' dir='ltr'><strong>supro,</strong></span> <span class='ocrx_word' id='word_1_289' title='bbox 565 4116 597 4169; x_wconf 87' lang='lat' dir='ltr'><strong>et</strong></span> <span class='ocrx_word' id='word_1_290' title='bbox 615 4107 690 4171; x_wconf 83' lang='lat' dir='ltr'><strong>Jon.</strong></span> <span class='ocrx_word' id='word_1_291' title='bbox 713 4107 785 4168; x_wconf 83' lang='grc' dir='ltr'><strong>ΧΠ.</strong></span> 
     </span>
     <span class='ocr_line' id='line_1_36' title="bbox 73 4201 1281 4292; baseline -0.007 -15"><span class='ocrx_word' id='word_1_292' title='bbox 73 4215 75 4220; x_wconf 87' lang='grc'><strong>’</strong></span> <span class='ocrx_word' id='word_1_293' title='bbox 198 4214 402 4280; x_wconf 72' lang='lat' dir='ltr'><strong>domoalis</strong></span> <span class='ocrx_word' id='word_1_294' title='bbox 433 4209 728 4292; x_wconf 65' lang='lat' dir='ltr'><strong>demonstremus,</strong></span> <span class='ocrx_word' id='word_1_295' title='bbox 762 4205 822 4272; x_wconf 89' lang='lat' dir='ltr'><strong>sed</strong></span> <span class='ocrx_word' id='word_1_296' title='bbox 853 4225 918 4272; x_wconf 90' lang='lat' dir='ltr'><strong>non</strong></span> <span class='ocrx_word' id='word_1_297' title='bbox 949 4207 1055 4285; x_wconf 85' lang='lat' dir='ltr'><strong>iilius,</strong></span> <span class='ocrx_word' id='word_1_298' title='bbox 1088 4201 1144 4289; x_wconf 81' lang='lat' dir='ltr'><strong>qui</strong></span> <span class='ocrx_word' id='word_1_299' title='bbox 1166 4206 1227 4268; x_wconf 87' lang='lat' dir='ltr'><strong>fuit</strong></span> <span class='ocrx_word' id='word_1_300' title='bbox 1247 4207 1281 4269; x_wconf 90' lang='lat' dir='ltr'><strong>in</strong></span> 
     </span>
     <span class='ocr_line' id='line_1_37' title="bbox 118 4308 1280 4406; baseline -0.007 -24"><span class='ocrx_word' id='word_1_301' title='bbox 118 4315 314 4398; x_wconf 74' lang='lat' dir='ltr'><strong>Jemsslem,</strong></span> <span class='ocrx_word' id='word_1_302' title='bbox 335 4319 369 4384; x_wconf 90' lang='lat' dir='ltr'><strong>iu</strong></span> <span class='ocrx_word' id='word_1_303' title='bbox 395 4336 492 4402; x_wconf 73' lang='lat' dir='ltr'><strong>quotu</strong></span> <span class='ocrx_word' id='word_1_304' title='bbox 513 4317 604 4382; x_wconf 86' lang='lat' dir='ltr'><strong>veuit</strong></span> <span class='ocrx_word' id='word_1_305' title='bbox 624 4317 730 4382; x_wconf 78' lang='lat' dir='ltr'><strong>Meris</strong></span> <span class='ocrx_word' id='word_1_306' title='bbox 750 4310 963 4396; x_wconf 73' lang='lat' dir='ltr'><strong>nogesimo,</strong></span> <span class='ocrx_word' id='word_1_307' title='bbox 993 4308 1122 4392; x_wconf 80' lang='lat' dir='ltr'><strong>quando</strong></span> <span class='ocrx_word' id='word_1_308' title='bbox 1143 4309 1280 4406; x_wconf 72' lang='lat' dir='ltr'><strong>primum</strong></span> 
     </span>
    </p>
   </div>
   <div class='ocr_carea' id='block_1_6' title="bbox 0 0 1482 4914">
    <p class='ocr_par' dir='ltr' id='par_1_6' title="bbox 0 0 1482 4914">
     <span class='ocr_line' id='line_1_38' title="bbox 0 0 1482 4914; baseline 0 0"><span class='ocrx_word' id='word_1_309' title='bbox 0 0 1482 4914; x_wconf 95' lang='lat' dir='ltr'><strong> </strong></span> 
     </span>
    </p>
   </div>
  </div>
 </body>
</html>
