2842 4882
714 211 780 278 rm

177 403 210 459 οι
232 391 331 480 ebqoi
352 369 727 478 insuetudinem
747 398 783 454 o
802 392 907 474 pom
927 409 1001 456 eum
1022 395 1122 456 mn
1143 391 1366 456 semrom

176 501 289 562 asinos
309 495 515 562 ascendimus
536 504 571 562 ct
606 516 681 562 cum
702 496 846 562 exercitu
876 507 985 564 nostro
1015 497 1057 561 de
1083 499 1231 568 civitate,
1268 497 1364 558 Gaza

176 601 290 665 armati
322 602 496 666 exivimus.»
536 604 578 666 lli
600 605 676 686 quia
702 602 735 664 in
763 600 917 665 Arabiam
949 599 1109 662 divertere
1141 601 1360 680 volebamus,

97 727 100 733 ·
175 705 298 789 placuit
319 705 510 771 Sarraeonia
535 715 697 771 armature
718 705 850 769 militnm
872 706 1131 790 peregrinorum,
1154 703 1360 769 camelario-

178 812 556 893 remotissimorum,
588 827 701 876 omnes
729 812 814 875 enim
842 827 916 874 cum
942 811 1061 893 gladiis
1095 818 1128 872 et
1148 810 1359 892 pugionibus

180 915 342 980 habebant
362 933 470 980 arcus.
493 916 531 979 Si
552 918 712 982 antemio
735 915 866 999 Syriam
887 933 910 979 a
931 914 1121 979 Palaestina
1143 915 1277 996 inisset
1298 916 1358 974 iter

166 1007 342 1102 nostrum,
368 1037 571 1104 nequaquam
592 1037 653 1085 uos
674 1019 875 1084 dimisissent
902 1039 975 1083 cum
997 1020 1094 1082 ermis
1116 1019 1210 1082 exire
1236 1019 1355 1082 civita·

177 1131 253 1188 tem.
268 1179 271 1184 ,
289 1126 333 1208 ln,
349 1128 439 1188 exitu
459 1131 568 1188 autem
589 1127 680 1190 urbis
711 1121 939 1189 descendimus
966 1123 1008 1194 de
1034 1123 1132 1206 collo,
1155 1123 1192 1186 in
1216 1141 1289 1206 quo
1308 1124 1353 1184 ci-

78 1275 82 1284 ·
178 1231 266 1296 vitas
292 1234 356 1296 sits
372 1225 450 1309 'asl,'
477 1229 509 1291 in
531 1219 727 1313 campestria
745 1240 780 1294 et
800 1239 914 1294 contra
934 1228 1098 1294 meridiem
1125 1230 1352 1310 processimus

178 1343 212 1398 et
239 1335 421 1397 Bersabeae
460 1334 644 1418 civitatem,
688 1353 773 1418 quae
810 1337 982 1398 terminum
1019 1331 1196 1402 australem
1249 1340 1351 1396 terrae

179 1447 314 1500 sanctae
339 1437 439 1520 iacit,
468 1457 533 1502 ιοι
563 1439 660 1522 longo
692 1439 733 1504 ed
773 1440 941 1504 dexteram
967 1439 1146 1503 habuimus.
1199 1436 1351 1520 Cumque

179 1541 265 1604 inter
284 1542 446 1606 hortorum
476 1559 574 1626 sepes
605 1563 663 1627 per
683 1561 883 1608 communem
905 1551 1039 1607 strelam
1062 1559 1127 1604 non
1148 1541 1255 1624 longe
1278 1559 1350 1624 pro-

180 1646 442 1730 cessivissemvs,
465 1649 667 1712 minaverunt
699 1650 862 1712 camelarii
895 1647 1038 1711 camelos
1072 1656 1164 1709 extra
1194 1648 1290 1710 viam
1321 1649 1348 1708 in

179 1767 294 1833 agrum
316 1749 476 1834 quendam
498 1760 530 1815 et
562 1754 607 1816 ibi
626 1756 799 1836 prostratis
830 1752 963 1816 camelis
984 1771 1081 1820 onera
1102 1750 1301 1832 dejecerunt
1322 1759 1348 1812 et

181 1873 313 1918 manere
332 1857 376 1920 ιιι
398 1865 602 1939 pernoctem
625 1857 853 1941 decreverunt,
880 1857 1093 1941 quodtamen
1113 1857 1212 1918 nobis
1235 1857 1348 1939 displi-

181 1959 265 2044 enit,
302 1961 378 2044 quis
408 1961 541 2026 mullu'ru
572 1961 679 2026 adbuc
707 1961 748 2025 de
779 1961 832 2025 die
858 1962 1026 2044 superfuit.
1077 1959 1232 2024 Uelinus·
1226 1971 1346 2024 ·anteo

172 2047 284 2147 ³major
305 2067 387 2128 dixit
419 2066 531 2148 uobis,
564 2066 648 2149 qnod
671 2058 769 2138 on'era
790 2067 999 2160 camelorum
1006 2085 1070 2130 uon
1092 2075 1208 2128 essent
1228 2084 1348 2148 aequa·

182 2169 256 2238 liter
289 2170 396 2234 diviso
424 2179 456 2232 et
490 2170 615 2253 qued
601 2173 758 2258 jurgium
778 2181 866 2234 esset
894 2173 978 2235 inler
1010 2171 1219 2254 camelarios,
1254 2173 1348 2255 igilur

63 2289 66 2296 ⁴
182 2293 321 2338 necesse
342 2285 432 2340 esset
456 2277 562 2338 omnia
578 2276 741 2342 ordinare
767 2277 822 2340 illo
843 2293 940 2358 sero,
962 2295 1044 2360 quae
1064 2295 1122 2358 pro
1150 2279 1271 2358 quieta
1293 2295 1346 2337 ex·

183 2363 346 2460 pediiicns
364 2383 466 2443 nostri
488 2381 554 2464 (b)
576 2384 738 2445 exercitus
770 2381 970 2464 expedirent.
1006 2380 1151 2465 Campus
1170 2390 1298 2464 autem,
1320 2382 1348 2442 in

108 2513 110 2518 ·
142 2501 146 2508 ·
183 2503 278 2568 quem
312 2464 562 2569 declinavimus,
596 2486 763 2580 dicebatur
794 2485 967 2571 Gasmaha.
1010 2484 1256 2550 Descendimus
1279 2503 1349 2567 crgo

163 2587 227 2650 de
246 2588 348 2650 asinis
368 2599 421 2650 met
433 2585 580 2654 tentoria
591 2570 703 2654 nostia
722 2590 861 2673 fiximus,
877 2559 940 2654 sub
961 2592 1076 2674 quibus
1098 2593 1348 2675 quiesceremus

114 2697 119 2708 '
175 2691 323 2769 ΙΩιιιιιιι
358 2702 466 2757 tamen
501 2682 559 2779 pr'o
586 2713 648 2759 sna
680 2696 805 2782 quiete
816 2696 878 2758 sibi
905 2698 1033 2779 propria
1061 2695 1250 2761 umbracula
1287 2696 1349 2757 suis

125 2811 150 2875 J
184 2793 400 2872 'vestimentis'
410 2795 552 2864 lec’eraut
574 2809 607 2864 et
627 2803 688 2864 sub
712 2801 761 2864 eis
782 2788 982 2883 quieverunt.
1020 2799 1112 2865 llinis
1131 2799 1349 2864 tabernaculis

186 2899 385 2967 elrtrexirb'us
413 2906 454 2968 de
482 2907 615 2988 sepibus
642 2905 757 2989 ligna
765 2914 797 2968 ot
823 2905 970 2968 coximus
979 2923 1054 2989 pro
1076 2922 1180 2967 coorta
1201 2905 1297 2968 cibos
1322 2915 1349 2966 et

183 3027 259 3091 pro
266 3009 400 3091 prandio
420 3011 484 3073 diei
504 3004 682 3093 sequentis
706 3009 763 3072 sio
778 3009 870 3071 erriro
892 3008 962 3096 lieri
980 3018 1120 3092 oportet,
1139 3008 1219 3090 qnia
1239 3010 1348 3072 camell

157 3135 160 3142 ·
185 3116 311 3178 onerati
333 3133 354 3176 a
367 3133 462 3178 mane
482 3132 601 3220 usque
596 3115 649 3179 ad
669 3132 744 3177 sero
761 3107 948 3176 continuant
963 3129 1113 3196 gressum
1138 3127 1207 3174 nee
1219 3131 1349 3196 pausam

167 3219 245 3280 v'crit
267 3221 541 3322 interceptionem
552 3221 729 3304 patiuntur,
755 3227 787 3280 et
805 3217 880 3299 ideo
902 3216 1154 3281 concomitantes
1175 3235 1237 3280 eos
1259 3222 1348 3282 etiam

152 3315 158 3324 ’
188 3310 374 3386 continuant
396 3323 434 3386 el·
449 3310 616 3405 prandium
638 3317 782 3387 ‘sedendo
803 3325 838 3384 in
852 3307 954 3385 asinis
973 3331 1106 3385 sumunt
1125 3330 1158 3384 ot
1179 3339 1349 3405 numquam

188 3442 247 3508 per
274 3432 374 3489 totam
396 3429 515 3496 deserit
537 3431 625 3494 viam
650 3437 757 3512 potest
779 3421 863 3490 sumi
884 3425 1051 3512 prandium
1078 3407 1122 3489 'de
1142 3426 1216 3488 cibo
1239 3427 1349 3508 calido,

148 3531 150 3538 '
188 3537 245 3592 cut
262 3529 480 3618 quiescendo,
502 3534 574 3598 sed
579 3533 621 3598 de
640 3533 752 3606 cibis·
742 3551 778 3596 ιιι
797 3550 871 3611 sero
892 3533 1005 3597 coctis
1041 3529 1238 3594 Protulimus
1258 3536 1349 3596 ellam

115 3703 118 3710 ,
189 3634 232 3699 de
252 3640 362 3701 saccis
382 3641 501 3702 nostris
517 3641 630 3702 vinum
650 3657 708 3720 pro
725 3655 827 3701 coena
846 3611 902 3700 illc
923 3644 957 3699 et
971 3654 1030 3718 pro
1051 3634 1184 3718 prandio
1199 3637 1349 3718 crastino,

156 3825 159 3833 Ι
188 3739 336 3804 similiter
363 3750 397 3806 et
417 3747 609 3825 paximatios
636 3747 669 3809 et
699 3743 781 3811 boec
802 3741 980 3826 aequaliter
1007 3733 1174 3804 divisimus
1196 3740 1348 3823 singulis3

189 3823 325 3931 quilibet
346 3845 456 3909 babuit
477 3847 701 3933 flasconem,
691 3868 725 3912 ru
746 3865 842 3930 quem
868 3846 1045 3930 portionem
1068 3845 1136 3908 vini
1164 3846 1348 3927 accipiebat.

190 3949 304 4016 Coena
325 3961 454 4036 parata,
486 3970 582 4037 quam
615 3952 656 4017 ad
688 3971 786 4016 nuum
808 3953 916 4036 ignem
937 3951 1098 4032 coximus,
1127 3949 1188 4013 sub
1209 3952 1350 4014 tentoriis

190 4056 312 4120 nostris
337 4055 545 4122 consedimus
565 4067 598 4120 ot
619 4039 918 4138 irranducavimus3¹
935 4055 1127 4140 praemoniti
1153 4061 1262 4117 auteur
1288 4055 1350 4118 mi-

191 4179 274 4244 mus,
295 4179 338 4230 ne
358 4165 508 4245 umquam
530 4179 649 4226 omnes·
662 4160 757 4226 'simul
775 4163 818 4226 ad
839 4161 1057 4226 dormiendum
1076 4177 1136 4222 nos
1151 4177 1350 4242 poneremus,

34 4277 36 4290 ¹
189 4262 251 4327 sed
273 4283 402 4350 semper
428 4266 546 4350 aliquis
568 4266 610 4330 de
628 4269 825 4350 ,peregrinis
848 4267 937 4349 vigil
969 4268 1144 4334 exercitum
1174 4263 1351 4332 circumiret
