2896 4872
1385 16 1391 173 l

186 373 672 462 dhpliosit„disalmulaverunt
694 382 821 456 umen,
850 375 943 457 ideo,
969 377 1054 461 qood
1079 379 1160 442 nisi
1185 393 1233 438 eo
1254 374 1369 438 voute

185 479 340 551 rietualia
361 497 381 540 a
401 479 489 560 'lyro
508 480 623 543 venire
643 497 710 542 non
731 461 891 562 poterant.
950 517 954 526 -
1079 505 1083 511 ¹
1271 478 1277 485 ’

81 573 85 582 ’
199 601 211 632 ··
241 586 346 666 ·lpse
358 591 534 664 praeterea
555 578 719 666 tamquam
750 586 802 648 vir
822 567 951 652 astutus
971 582 1143 668 quosdam
1177 584 1228 648 de
1254 580 1370 662 majori-

185 689 254 752 ltna
279 686 373 752 donia
404 699 438 752 et
468 688 655 750 muneribus
683 688 726 750 ad
745 707 784 752 se
813 675 1026 766 inclinaverat
1057 709 1128 772 pro
1163 685 1297 752 auxilio
1322 684 1371 744 sili

168 791 379 878 praestando
406 793 440 854 in
470 791 543 882 lroe¹
563 795 705 884 negotio.
752 793 834 856 l’ost
858 797 1078 878 oemtpaverat
1112 796 1231 856 etiarn
1262 793 1372 872 Tyras

184 898 350 968 civitatem
372 895 428 968 ille
448 894 619 960 conrados
639 898 782 986 marchio
809 906 842 962 et
865 877 988 980 ¹putens
1006 907 1074 960 erat
1098 907 1142 961 et
1166 896 1371 968 nominans
1420 963 1421 992 1

184 1001 261 1086 quia
281 992 468 1095 saladinum
490 1017 564 1062 oum
597 1003 742 1064 exercitu
763 1020 824 1064 suo
844 1021 867 1064 a
886 1003 966 1084 'lyri
986 1002 1168 1066 obsidione
1202 997 1370 1080 repulerat,

183 1106 257 1170 ideo
278 1123 352 1170 eum
372 1094 539 1168 offendere
559 1123 655 1168 nemo
676 1104 824 1168 audebat.
854 1107 983 1168 Interea
1003 1123 1078 1170 enm
1099 1105 1293 1168 exereitus
1312 1101 1371 1161 llo·

183 1210 263 1274 mini
283 1208 324 1272 ad
345 1208 543 1272 obsidionem
561 1208 745 1292 Jerusalem
767 1208 1007 1292 disponeretur,
1029 1209 1094 1273 duo
1111 1209 1187 1271 isti
1212 1206 1368 1290 potentis·

183 1317 258 1380 sini
278 1331 385 1396 reges,
404 1313 575 1394 Philippus
593 1332 652 1376 rex
671 1313 869 1378 llrauoorum
892 1324 928 1378 et
946 1301 1131 1379 lliehardus
1158 1332 1230 1376 rex
1247 1308 1368 1390 Anglo-

184 1437 264 1501 rum,
288 1417 421 1499 junotos
441 1417 567 1480 seilicet
598 1418 759 1480 exereitus
781 1419 944 1484 maetam
974 1417 1171 1501 (ΜΛ).
1224 1414 1367 1477 Andieut

185 1530 294 1586 autem
316 1521 490 1584 Saladinm
522 1522 695 1586 adventum
727 1524 809 1585 tanti
830 1526 993 1600 exereitus
999 1559 1011 1605 ,-
1036 1523 1214 1604 cogitavit
1239 1517 1367 1582 reddam

185 1621 381 1692 Christianis
399 1621 583 1690 Jerusalem
623 1636 656 1690 et
686 1611 878 1690 nuntiusad
906 1647 1005 1710 reges
1028 1628 1115 1689 misit
1145 1626 1199 1690 ad
1226 1639 1362 1692 ¹coneor-

126 1711 130 1719 ’
185 1731 292 1806 danda
312 1732 452 1813 negotia.
487 1734 561 1794 Hoo
582 1732 701 1795 auditis
723 1715 848 1794 duobus
870 1734 1010 1814 regilius,
1032 1713 1162 1814 ambos,
1189 1739 1234 1792 ut
1258 1741 1361 1790 verum

184 1835 300 1918 dieam,
321 1833 468 1898 diabolus
489 1837 647 1918 possedit,
665 1844 698 1898 et
715 1846 851 1920 uterque
871 1837 1032 1902 totoniau
1053 1835 1206 1923 alterurn
1229 1831 1358 1916 praeire,

185 1941 276 2004 alteri
298 1941 444 2023 superior
464 1941 535 2004 lieri
556 1943 748 2022 conabatur,
781 1948 818 2004 ut
839 1960 897 2004 rex
917 1939 1101 2004 Jerusalem
1120 1939 1208 2005 ueri
1241 1940 1354 2018 posset

182 2047 227 2110 Et
249 2047 336 2110 loeta
364 2046 425 2109 fuit
455 2045 618 2108 exereitus
649 2045 783 2127 divisio,
808 2053 847 2106 et
871 2045 977 2110 effusa
996 2045 1163 2108 estimet
1193 2039 1353 2126 principes

184 2154 348 2214 eontentio
375 2149 416 2213 de
443 2167 539 2212 saoro
570 2150 749 2232 principatu
784 2143 1066 2232 Jerosolymitano.
1109 2150 1258 2212 Verum·
1282 2157 1350 2228 ‚vum

183 2249 238 2319 sie
255 2253 296 2316 de
314 2256 497 2340 principatu
517 2253 771 2336 contenderunt,
792 2255 960 2338 Philippus
981 2274 1040 2318 rex
1059 2256 1228 2316 Franciae
1250 2246 1350 2324 indig-

183 2365 282 2422 natus
302 2359 413 2436 relicto
435 2360 564 2440 negotio
595 2376 668 2420 oum
691 2361 777 2422 omni
797 2339 859 2422 suo
885 2361 1029 2422 exercitu
1056 2362 1091 2432 ln
1111 2359 1282 2448 Europam
1301 2366 1346 2410 rt·

183 2479 300 2527 versus
322 2471 381 2524 est.
410 2463 462 2524 lix
483 2481 546 2544 quo
568 2464 665 2526 etiam
688 2482 747 2527 rex
767 2463 925 2526 Franoiae
945 2483 1072 2546 sempor
1092 2464 1200 2525 astitit
1225 2454 1345 2538 rogt'bss⁵

182 2564 364 2630 Jerusalem
392 2583 514 2648 eosque
542 2569 577 2628 in
605 2584 705 2648 regno
727 2568 856 2632 retinuit
877 2576 912 2644 et
939 2568 1161 2648 conservavit,
1186 2566 1259 2644 (et)
1277 2557 1342 2636 dig·

184 2690 261 2733 num
282 2669 488 2753 aestimabat,
519 2681 554 2735 ut
578 2671 647 2753 jam
665 2673 755 2754 regia
786 2673 888 2756 stirpe
907 2675 1069 2742 exstincta
1099 2670 1141 2734 ad
1162 2690 1240 2733 eum
1260 2656 1342 2743 mgni

183 2774 271 2838 illius
300 2775 414 2838 titulus
445 2779 629 2859 pertineret.
680 2777 747 2841 Sed
773 2795 845 2840 oum
874 2778 1017 2859 videret,
1051 2778 1113 2841 hoo
1143 2777 1241 2840 salva
1268 2781 1339 2852 μεθ’

177 2900 250 2946 mon
294 2900 395 2965 posse
440 2881 527 2963 fieri,
567 2900 640 2944 enm
680 2883 729 2944 ira
761 2884 907 2944 reeessit.
959 2881 1107 2945 Audiens
1141 2890 1251 2944 autem
1283 2871 1341 2934 St·

184 2986 314 3050 ladinus
358 2989 534 3050 exereitum
566 2985 826 3050 Christianorum
863 2987 1051 3050 diminutum
1085 3006 1144 3070 per
1184 2992 1338 3050 noestam

185 3093 272 3174 regis
293 3091 462 3174 llraneiaa,
483 3093 525 3154 alr
544 3091 723 3154 intentione
742 3091 935 3155 restituendi
957 3077 1154 3154 Christianis
1164 3082 1337 3153 Jerusaletll

184 3194 309 3258 destitit
345 3205 378 3258 et
399 3197 520 3277 ipsam.
535 3196 698 3259 civitatem
722 3204 877 3258 sanetum
908 3197 1060 3278 munivit,
1092 3205 1125 3258 et
1152 3185 1334 3279 praesidinm
1414 3216 1419 3264 ¹,

184 3297 319 3360 militum
347 3299 446 3359 inea
477 3298 656 3362 eollooavit.
699 3302 829 3363 Interea
862 3299 1045 3364 lliolrardus
1066 3319 1124 3362 rex
1150 3287 1335 3380 Angtipeit

184 3399 282 3482 Syria
303 3401 419 3462 mansit
455 3410 500 3463 et‘
513 3409 647 3472 strenue
668 3413 859 3488 prosecutus
879 3416 931 3470 est
951 3406 1069 3470 bellum
1091 3413 1202 3468 contra
1228 3389 1332 3464 sarr·-

184 3521 293 3568 oenos.
955 3539 957 3546 ,

267 3608 367 3676 Porro
387 3627 472 3672 anno
493 3610 622 3676 Domini
641 3611 842 3676 mcxcvn.
870 3625 1101 3696 perseverante
1130 3603 1330 3678 ltiehertoiu

184 3711 282 3796 Syria
311 3709 418 3777 (luido
453 3715 662 3799 busignanus
687 3737 745 3781 rex
764 3718 948 3782 Jerusalem
969 3720 1188 3802 superioribus
1210 3714 1331 3778 sumt

183 3816 338 3882 Saladino
358 3819 487 3903 pulsus,
510 3821 648 3885 hominis
668 3824 820 3886 virtutem
842 3834 875 3886 et
902 3825 1195 3906 magnanimitatem
1217 3819 1329 3888 vidua

114 3948 118 3982 a
184 3923 297 3988 obtulit
317 3924 348 3986 ei
372 3924 486 3988 titulos
518 3933 550 3988 et
566 3925 642 4006 jura
677 3931 768 4011 regni
788 3929 1081 4010 lerosolymam,
1116 3937 1153 3990 ut
1166 3926 1254 4008 -ipse
1279 3914 1330 3984 sibi

183 4026 328 4114 Cyprum
356 4029 508 4113 insulam,
524 4048 633 4112 quam
654 4031 841 4096 lliohardus
872 4031 1011 4098 Graeois
1048 4031 1243 4110 abstulerat,
1263 4039 1330 4110 pot·

183 4131 350 4199 sitiendam
373 4132 475 4198 daret.
516 4134 590 4197 Hoo
606 4144 718 4223 'autem
739 4135 925 4202 lliohardus
944 4137 1086 4220 Angliae
1105 4155 1164 4200 rex
1194 4131 1329 4196 libentis·

182 4236 264 4302 sime
286 4237 363 4304 feeit
391 4243 425 4300 et
444 4237 550 4319 ipsum
582 4237 763 4302 (luidonem
789 4259 899 4325 regem
922 4239 1024 4325 Cypri
1046 4241 1143 4323 feeit,
1173 4243 1244 4324 ipsa
1263 4249 1329 4302 vert
