2926 5050
189 621 326 686 habetur
346 617 464 682 llettb.
484 615 529 698 d,
549 615 711 681 Jolrauuis
732 617 773 699 l.,
813 615 926 679 Lucae
940 615 974 682 3.
1017 615 1069 680 lllx
1090 619 1248 682 omnibus
1271 618 1368 700 plane

192 723 413 806 intelligimus,
436 722 542 804 lnquit
562 720 781 802 Bernhardns,
802 720 888 802 quod
909 723 1064 785 mentitus
1093 731 1145 786 est
1163 721 1284 806 Syrus
1316 721 1368 782 ille

188 825 355 914 leprosus,
387 827 443 910 qui
483 826 593 889 neseio
627 843 709 908 quas
741 824 895 888 Damasci
933 843 1036 909 aquas
1079 827 1173 910 aquis
1205 826 1367 909 praetulit

189 931 334 1014 israelis,
365 947 439 993 curn
468 925 622 994 dordonis
656 937 767 996 noster
795 928 915 993 devote
934 928 1005 992 Deo
1026 930 1204 994 famulatus
1244 933 1366 995 totiens

191 1037 346 1121 probatus
368 1035 539 1098 exstiterit.

269 1199 337 1266 Sed
358 1201 412 1266 hic
433 1201 534 1266 oritur
555 1200 696 1284 dubium,
718 1217 791 1264 cum
803 1181 895 1263 tauto
913 1200 958 1264 sit
978 1203 1138 1264 sanctitas
1161 1208 1193 1262 et
1216 1199 1366 1281 dignitas

187 1305 361 1390 dardanis,
395 1325 496 1389 qnare
523 1324 608 1387 aqua
636 1306 691 1369 illa
711 1305 900 1386 benedicta,
921 1304 1058 1386 munda,
1084 1312 1213 1386 sancta,
1245 1303 1365 1383 dulcis,

188 1411 340 1504 salubris,
361 1411 500 1474 influit
490 1430 524 1474 ιιι
547 1429 661 1502 aquam
684 1409 898 1516 maledictam,
918 1408 1111 1471 immundam
1119 1409 1364 1493 ,diabolicam

141 1569 144 1580 .
188 1514 400 1579 salsissimam
423 1524 455 1576 et
475 1514 673 1597 pestiferam,
695 1514 847 1577 scilicet
837 1532 871 1574 ιιι
896 1509 992 1575 ιιιιιιο
1010 1522 1178 1606 mortuum,
1200 1514 1236 1576 in
1255 1512 1363 1573 lacum

190 1615 449 1684 Sodomiticum‘i
471 1617 525 1682 Ad
548 1619 611 1683 hoc
630 1618 759 1701 quidam
780 1616 901 1700 dicunt,
923 1615 1008 1700 quod
1028 1618 1190 1681 Jordanes
1225 1617 1364 1703 quidem

192 1719 288 1788 suum
311 1741 439 1786 cursum
468 1722 586 1786 babeat
614 1732 726 1786 contra
757 1740 846 1786 mare
880 1731 1056 1806 mortuum,
1082 1721 1142 1786 scd
1163 1722 1299 1804 quando
1322 1713 1361 1780 a'tl

191 1827 268 1891 litus
291 1829 361 1911 ejus
383 1829 545 1911 pervenit,
568 1834 691 1889 terram.
719 1835 866 1910 penetrat
900 1835 935 1888 et
944 1827 1075 1916 intrat,
1108 1835 1287 1909 antequam
1321 1820 1361 1884 ad

193 1949 282 1994 mare
302 1934 479 2014 perveniat.
524 1931 591 1992 Sed
618 1932 680 1994 lroc
700 1951 766 1993 ιιοιι
788 1939 840 1993 cst
859 1949 984 2010 verum,
1006 1930 1083 2012 quia
1104 1930 1199 2016 longo
1227 1929 1360 1993 tramite

190 2036 225 2098 in
247 2055 336 2098 mare
356 2033 503 2098 incidens
521 2035 713 2098 discernitur
738 2035 778 2098 ab
801 2053 885 2116 aqua
914 2035 1027 2118 maris,
1050 2053 1133 2117 quae
1161 2053 1279 2097 crassa
1311 2038 1360 2091 est

190 2148 222 2202 et
244 2139 476 2221 quodammodo
499 2139 601 2221 nigra,
623 2139 679 2202 illa
700 2147 806 2202 aulem
837 2138 910 2199 alba
932 2147 964 2200 et
986 2140 1103 2200 tennis.
1145 2139 1211 2200 Alii
1233 2137 1358 2215 dicunt,

189 2244 276 2328 quod
297 2245 359 2308 hoc
379 2244 451 2306 ideo
470 2243 516 2323 fit,
539 2250 573 2304 ut
596 2242 776 2305 maledictio
798 2242 884 2305 illius
906 2250 1100 2324 temperetur
1119 2262 1176 2326 per
1198 2240 1359 2304 benedic-

191 2351 309 2412 tionem
330 2351 434 2412 istius.
478 2346 545 2411 Alii
566 2367 645 2410 vero
665 2348 834 2409 sublimius
855 2350 1009 2429 sentiunt,
1032 2346 1193 2428 diceutes,
1212 2345 1302 2427 quod
1325 2344 1357 2401 iu
1429 2347 1430 2350 ’

190 2453 253 2516 hoc
274 2454 361 2515 facto
391 2453 470 2514 latet
491 2453 680 2534 mysterium
709 2469 879 2532 maguum:
909 2454 1059 2534 quamvis
1087 2451 1171 2512 enim
1192 2451 1356 2513 Jordanes
1429 2489 1430 2496 ι

191 2565 324 2617 sanctus
346 2559 399 2636 sit,
423 2557 498 2638 quia
516 2565 622 2618 tamen
634 2574 672 2616 se
687 2575 750 2617 non
775 2556 880 2638 erigit,
903 2554 961 2617 sed
975 2554 1121 2617 deorsum
1135 2556 1232 2617 currit
1244 2561 1356 2617 contra

192 2677 280 2718 mare
302 2660 658 2740 mortuum„aanclitas
681 2659 751 2738 ejus
774 2659 852 2721 nihil
875 2661 904 2720 ei
926 2658 1069 2742 prodest,
1102 2662 1178 2740 quin
1198 2661 1355 2722 absorbe-

193 2769 264 2823 atur
296 2780 315 2822 a
343 2761 423 2822 mari
454 2769 578 2822 mortno
612 2769 644 2821 et
666 2762 944 2826 maledictionibus
974 2763 1044 2844 ejus
1070 2764 1273 2844 involvatur3
1308 2761 1355 2823 sic

192 2865 296 2948 homo,
308 2863 431 2926 Christi
452 2863 644 2946 baptismate
665 2875 875 2928 consecratus
897 2869 926 2930 si
948 2887 1013 2930 non
1034 2870 1128 2952 erigit
1156 2885 1193 2929 se
1214 2885 1353 2943 sursum,

192 2967 251 3030 sed
271 2989 331 3050 per
353 2969 437 3032 viam
460 2970 601 3033 lubricae
635 2971 742 3054 carnis
771 2971 904 3032 festinat
923 2971 1091 3054 deorsum,
1125 2971 1251 3033 taudem
1291 2985 1353 3032 ιιοιι

193 3073 343 3136 obstante
373 3077 549 3139 sanctitate
582 3075 819 3138 damnationem
854 3075 965 3138 incidit
1002 3085 1034 3138 et
1076 3075 1354 3137 maledictionibus

195 3176 312 3241 inferni
334 3180 518 3265 involvitur,
540 3182 626 3244 sicut
647 3180 701 3243 alii
714 3177 861 3241 homines
882 3180 1119 3262 conbaptizati
1165 3177 1354 3240 sicutenim

193 3287 272 3346 mari
294 3295 419 3349 mortuo
441 3288 505 3350 alia
525 3287 656 3350 flumina
676 3295 708 3348 ct
735 3290 895 3346 torrentes
916 3302 981 3346 ιιοιι
1013 3282 1181 3345 benedicta
1210 3280 1353 3342 incidunt

193 3394 226 3450 et
259 3388 330 3468 ejus
363 3391 617 3452 maledictionem
651 3391 945 3470 participant31ic
977 3397 1010 3450 et
1041 3390 1135 3452 homo
1170 3386 1353 3466 baptizatus

192 3499 343 3570 peccator
364 3500 396 3553 et
418 3511 481 3554 uon
500 3492 690 3555 benedictus
712 3492 825 3555 similis
848 3501 908 3555 etc.

278 3638 317 3699 ln
338 3637 432 3721 loco,
447 3641 502 3703 ubi
521 3639 662 3702 balneati
687 3655 812 3722 sumus,
845 3639 1018 3704 creduntur
1046 3640 1104 3704 lilii
1132 3638 1233 3702 lsrael
1264 3639 1352 3701 sicco
1429 3699 1430 3702 ,

193 3738 277 3822 pede
297 3743 506 3824 transivisse,
540 3752 572 3804 et
557 3743 718 3852 Helyas
739 3751 772 3804 et
792 3744 966 3808 Helisaeus
988 3752 1020 3805 et
1042 3742 1192 3807 Christus
1216 3744 1259 3806 ibi
1292 3741 1353 3804 luit

194 3843 395 3926 baptizalus.
419 3846 534 3908 uude'
524 3865 556 3909 ru
557 3815 799 3910 vetustissimo
815 3849 954 3930 quodam
968 3849 1161 3930 peregrinali
1178 3849 1254 3930 legi,
1267 3841 1350 3938 quod
1429 3833 1430 3854 ἢ

194 3949 227 4009 iu
249 3948 319 4012 loco
340 3950 503 4032 Jordanis,
524 3951 773 4015 ubiDominus
764 3972 799 4016 ru
819 3953 1013 4035 aquastetit,
1036 3953 1144 4015 stabat
1155 3951 1250 4032 longa
1262 3967 1350 4029 crux,

194 4051 235 4114 ad
263 4070 358 4136 quam
386 4057 547 4137 peregrini
584 4073 623 4118 se
655 4064 822 4120 exuentes
841 4056 1020 4136 intrabant,
1043 4063 1077 4116 et
1104 4055 1139 4117 in
1161 4055 1277 4135 littore,
1297 4050 1349 4116 ubi

192 4157 350 4220 Dominus
365 4161 558 4224 vestimenta
568 4179 628 4223 sua
641 4160 800 4244 deposuit,
817 4158 988 4221 aedificata
1003 4168 1072 4221 erat
1086 4176 1204 4242 magua
1214 4155 1349 4228 ecclesia

193 4261 395 4346 testudinata,
408 4282 523 4326 novom
545 4267 733 4328 marmoreis
753 4263 910 4328 columnis
921 4270 1111 4325 sustentata.
1143 4263 1237 4324 llaec
1246 4261 1349 4322 omnia

193 4364 312 4429 dudum
338 4383 396 4448 por
422 4368 575 4432 Jordania
598 4368 844 4431 redundantiam
865 4375 942 4428 snut
962 4366 1154 4428 abductast
1174 4370 1348 4443 consumta,
1425 4396 1427 4448 3

191 4470 258 4549 ita,
291 4470 377 4551 quod
408 4471 504 4535 hodie
540 4487 605 4532 uon
632 4478 720 4550 patet
752 4470 865 4532 borum
894 4468 1082 4548 vestigium.
1134 4468 1186 4528 lle
1210 4464 1348 4538 Jordaue
1425 4460 1426 4464 ’
