2926 5050
722 279 745 344 d

301 361 319 395 9

150 467 250 554 ahqul
271 463 402 544 devoti,
425 467 480 550 qui
510 485 552 532 ex
573 461 744 530 dovotione
767 461 914 528 militiam
935 463 1134 548 suscipiunt,
1156 469 1190 532 et
1212 473 1321 528 tomen

151 576 282 659 militiae
303 573 445 655 iusignia
469 569 690 635 terremotum
710 567 744 630 in
764 571 887 652 patria,
922 567 977 631 ille
998 585 1060 631 neo
1081 586 1102 631 a
1122 567 1321 651 principibus

83 691 84 694 ’
151 697 213 743 nec
234 677 276 741 ab
297 677 371 741 aliis
402 675 642 761 percutiuntur,
673 671 734 736 sed
761 670 938 754 subjiciunt
965 689 1004 734 se
1024 671 1131 736 Fratri
1164 671 1317 736 Johanni.

152 783 239 848 Sunt
262 799 340 866 ergo
370 781 476 844 sicin
497 779 553 845 illa
590 779 671 844 hora
703 791 817 842 ornnes
853 775 978 838 nobiles
1006 775 1087 852 loeti
1117 776 1234 840 milites
1242 823 1256 861 ,
1285 783 1320 842 et

151 885 286 972 quilibet
305 888 339 950 in
360 887 568 969 susceptione
590 881 726 946 militiae
746 879 881 945 contulit
902 897 1019 945 munus
1050 880 1192 944 notabile
1225 881 1323 964 juxta

151 1009 245 1068 sunm
267 1007 367 1074 posse
386 985 653 1053 FrstriJobauui.
674 985 828 1070 AliquiX
842 985 987 1068 ducatos,
999 983 1098 1067 aliqui
1107 985 1199 1062 Vlll,
1221 987 1322 1071 aliqui

151 1085 211 1180 Vl,
234 1095 333 1178 tuqui
356 1093 390 1155 V
411 1095 471 1174 pro
491 1091 596 1153 saneti
618 1091 781 1173 sepulchri
810 1097 843 1154 et
872 1089 1037 1154 eeclesiae
1054 1091 1256 1171 reparatione
1283 1099 1318 1166 et

103 1272 107 1278 ,
151 1203 293 1268 locorum
322 1203 506 1259 sanctornm
534 1193 760 1279 honoratione,
789 1203 822 1257 et
839 1194 990 1258 uratmm
1016 1191 1184 1258 custodiae
1214 1195 1321 1269 sancti
1436 1241 1438 1246 .

153 1304 318 1391 sepolchri
350 1300 545 1363 enutritione
579 1307 614 1361 et
653 1291 834 1400 lampadum
871 1299 1074 1363 incensione·
1100 1304 1135 1360 et
1161 1297 1206 1360 aad
1237 1285 1343 1378 aliosjs
1401 1299 1404 1306 ’

155 1423 251 1492 usus,
272 1407 316 1472 ad
335 1421 417 1490 qnos
439 1401 546 1466 dictus
564 1403 667 1467 irater
686 1405 853 1469 lohannes
875 1404 938 1467 scit
960 1417 1036 1468 osse
1056 1401 1286 1466 necessarium.

152 1645 236 1742 (Β)
262 1636 537 1719 Commendatio
574 1632 722 1714 militiae
768 1639 892 1720 sancti,
919 1633 1101 1742 sepulchri
1137 1629 1176 1713 et
1206 1609 1315 1738 prae·
1445 1657 1449 1664 ·

154 1765 348 1846 eminentia
381 1759 528 1850 illorum
548 1757 696 1836 militum
727 1782 838 1862 super
870 1782 995 1839 ornnes
1020 1756 1140 1834 mundi
1171 1755 1316 1866 milites·
1400 1786 1407 1799 ·

235 1945 397 2011 Nobilium
428 1937 674 2025 magnanimitas
708 1940 902 2024 abantiquo
930 1959 994 2004 ιιοιι
1034 1939 1125 2002 stetlt
1163 1942 1317 2006 conuenta

151 2053 270 2118 floribus
300 2046 494 2112 naturalium
526 2051 693 2129 parentum
721 2061 781 2106 sen
806 2046 1045 2128 progenitorum
1074 2059 1223 2124 snorum,
1256 2037 1317 2102 sed

151 2143 310 2222 ciroa'sui
331 2151 469 2215 nominis
490 2147 603 2212 titulos
625 2145 827 2210 extollendos
849 2145 1001 2210 insudare
1019 2146 1199 2228 oousnevit.
1227 2144 1317 2205 Dos-

152 2263 246 2327 orihit
267 2259 353 2322 enim
374 2253 702 2337 historiographorum
718 2253 904 2334 antiquitas,
918 2251 1052 2316 venisse
1068 2249 1323 2332 deCartbagino*
1352 2279 1356 2288 ·

152 2367 193 2431 ad
214 2365 327 2428 ltaliae
345 2368 456 2446 partes
478 2355 709 2439 llatmihalem,
738 2356 969 2421 nobilissimum
991 2355 1153 2439 Afrorum,
1175 2364 1208 2418 et
1239 2373 1323 2438 pro-

151 2473 242 2555 priae
262 2467 451 2532 strenuitate
471 2461 603 2527 virtutis
630 2459 767 2526 Romam
794 2460 1014 2545 plurimasque
1046 2463 1233 2545 provincias
1252 2477 1314 2522 sno

151 2574 285 2658 imperio
317 2569 523 2652 subjugasse.
577 2569 628 2630 lta
665 2567 762 2630 etiam
792 2565 936 2630 Perseus
968 2567 1104 2650 lacius,
1139 2557 1315 2629 nobilitatis

152 2677 308 2738 Graeciae
328 2682 437 2758 pater,
459 2693 548 2736 mare
568 2688 652 2756 equo
673 2669 758 2740 alato
787 2670 986 2735 transvoluto
1011 2669 1180 2734 Persidem
1211 2673 1315 2733 intra-

152 2779 200 2842 vit
241 2795 377 2860 eamqne
408 2773 537 2838 devicit.
591 2770 650 2838 Sic
680 2781 714 2838 et
752 2774 939 2838 Alexander
970 2783 1091 2858 potens
1120 2775 1244 2838 divitiis
1283 2781 1315 2836 ot

152 2880 317 2944 nobilitate
348 2895 485 2962 magnus
528 2875 611 2940 lines
650 2887 756 2942 terrae
786 2877 971 2963 pertransiit
1021 2885 1055 2940 et
1085 2889 1220 2942 cunctos
1254 2895 1315 2944 sno

151 2983 298 3060 dominio,
322 2981 481 3060 subdidit,
513 2996 574 3042 neo
603 2989 711 3044 tamen
736 2984 786 3045 sic
813 2989 986 3045 contentus
1014 2983 1122 3058 stetit,
1155 2981 1215 3044 sed
1236 3001 1315 3045 suos

152 3087 306 3152 terminos
329 3085 426 3147 etiam
447 3091 540 3146 extra
560 3082 670 3147 mundi
690 3085 788 3148 istius
808 3083 892 3148 flues
913 3091 1057 3146 statuere
1077 3087 1250 3168 cogitavit3
1281 3095 1315 3148 et

150 3195 197 3256 ita
218 3191 260 3254 de
290 3189 436 3274 pluribus
466 3187 541 3251 aliis
563 3187 719 3272 legimus,
742 3184 797 3278 qni
818 3189 887 3253 suis
908 3189 1053 3251 terminis
1079 3207 1144 3252 non
1172 3192 1314 3254 conteuti

151 3295 193 3360 ad
214 3313 330 3378 magna
350 3310 389 3356 se
410 3292 636 3358 extenderunt.
679 3295 717 3356 ln
746 3293 864 3359 talibus
885 3300 991 3356 antem
1014 3292 1116 3376 quieti
1147 3311 1211 3358 non
1232 3313 1311 3378 pnr-

150 3404 251 3499 citur,
272 3415 334 3462 nec
350 3416 463 3462 somno
484 3403 614 3479 tempus
636 3395 745 3494 datur,
766 3399 826 3464 sed
847 3397 1009 3464 continuis
1030 3395 1147 3462 studiis
1168 3399 1313 3482 mugnis-

151 3524 214 3589 que
245 3503 409 3568 laboribus
439 3500 617 3566 inandatur.
667 3500 809 3584 Verum,
840 3510 876 3565 ut
903 3499 945 3564 de
977 3501 1145 3566 nobilibus·
1168 3502 1312 3566 moderni
1405 3547 1413 3566 r

149 3609 304 3691 temporis
327 3599 501 3671 reddantur
521 3604 687 3687 exempla,
707 3606 918 3688 inspiciamus
939 3605 1114 3688 gloriosum
1136 3610 1311 3671 exereitum

149 3707 302 3772 nobilium
322 3709 562 3792 peregrinorum
584 3717 766 3774 nostrorum
791 3710 858 3793 jam
889 3712 1101 3773 sacramentis
1121 3711 1312 3776 militaribus

150 3811 356 3895 adornatum,
389 3813 446 3897 qui
476 3811 606 3897 quidem
639 3820 788 3895 poterant
822 3813 856 3878 in
888 3815 957 3877 auis
1000 3817 1139 3898 propriis
1168 3818 1311 3901 urbibus,

148 3915 351 4000 civitatibus,
373 3917 517 4002 oppidis,
539 3916 674 4000 castris,
701 3917 789 3998 uillis
810 3927 844 3982 et
863 3918 1005 4002 praediis
1025 3917 1160 3985 aiilnere
1179 3922 1310 4006 divitiis,

148 4019 196 4082 uti
228 4018 371 4102 deliciis,
401 4030 435 4083 et
463 4037 537 4084 cum
569 4023 678 4103 quiete
708 4020 772 4083 frui
804 4022 949 4105 placitis,
983 4030 1015 4085 et
1037 4021 1123 4088 ludis
1152 4027 1312 4090 iuteresse

146 4119 312 4204 jocundis,
352 4131 386 4186 ot
408 4124 569 4188 'assistere
599 4123 795 4188 theotromm
824 4128 1040 4212 spectaculis,
1081 4117 1115 4192 e't
1154 4131 1311 4194 arrlmosis

149 4226 450 4310 congressionibus,
481 4237 515 4291 et
536 4225 735 4311 hastiludiis,
772 4237 805 4291 et
827 4234 1075 4315 tonteamentis,
1107 4242 1254 4318 poterant
1276 4240 1310 4296 et

149 4345 278 4411 operam
300 4329 378 4395 dare
397 4329 623 4425 venationibus
650 4341 684 4397 et
704 4332 987 4429 chorizationibns,
1006 4333 1061 4400 vel
1081 4351 1216 4402 manere
1236 4350 1315 4402 cnm
