3016 4872
724 251 789 318 81!

169 432 325 514 magister
348 427 420 514 (B)
450 431 633 515 Jordanus,
660 447 833 502 successor
862 435 949 498 beati
981 431 1159 517 Dominicl‘,
1188 435 1338 519 proficis·

170 545 297 599 caretur
317 555 377 618 per
395 554 486 598 mare
506 535 548 598 ad
570 536 765 604 visitandum
788 547 984 602 conventum
994 539 1234 622 demaenetum,
1255 559 1339 604 nau-

170 640 309 722 fragium
340 655 459 723 passus
498 639 637 702 feliciter
676 642 771 725 obiit,
808 644 889 704 mira
920 643 944 723 †
975 659 1140 706 coruscus.
1184 642 1255 706 Sita
1287 655 1339 709 est

169 753 277 806 autem
300 745 419 807 civitas
445 733 503 808 illa
524 745 557 806 iu
580 745 686 808 fronte
708 746 810 808 nostri
845 745 943 808 maris
965 751 998 805 et
1028 745 1062 808 iu
1096 745 1201 811 medio
1222 748 1339 831 Syriae

169 849 332 931 distatque
352 843 648 912 aderusalemnou
669 848 744 931 plus
765 867 861 931 quam
882 867 941 930 per
966 849 1027 910 llll
1050 848 1199 914 milliaria
1216 853 1337 937 italica,
1368 858 1370 866 ’

164 955 202 1016 iu
223 953 295 1016 loco
317 954 436 1034 optimo
458 959 492 1016 et
513 953 611 1017 valde
636 961 730 1035 apto;
753 955 830 1017 bino
850 954 982 1037 iuquam
1002 952 1100 1035 plena
1117 962 1189 1016 erat
1211 973 1338 1019 merea-
1369 951 1371 954 ’

169 1059 291 1122 toribus
325 1055 578 1122 occidentalibus
614 1066 647 1120 et
677 1057 904 1140 orientalibus,
937 1058 1013 1140 quia
1044 1057 1105 1120 luit
1135 1059 1230 1141 quasi
1262 1060 1338 1124 lons

170 1163 309 1225 omnium
332 1162 608 1228 mercimoniorum
631 1163 741 1239 maris,
764 1169 797 1222 et
818 1167 883 1222 tam
903 1162 1047 1244 gloriosa
1066 1162 1154 1226 iacta
1175 1162 1235 1226 fuit
1256 1164 1338 1236 haec

169 1266 303 1348 civitas,
325 1265 410 1349 quod
432 1267 566 1329 inorbo
585 1283 649 1328 uon
671 1264 879 1346 reputabatur
900 1266 1004 1329 ditior.

247 1368 317 1432 Sed
338 1388 445 1453 neque
464 1371 499 1432 in
528 1371 619 1434 vitiis
646 1377 679 1430 et
701 1368 793 1430 malis
815 1370 846 1432 ei
875 1378 944 1438 erat
972 1370 1098 1434 similis.
1142 1369 1228 1435 ¹(hun
1259 1389 1338 1453 ergo
1453 1377 1466 1398 ⁸

169 1475 203 1536 in
222 1474 301 1536 llere
322 1483 425 1553 esset,
446 1473 580 1555 accidit,
602 1481 637 1535 ut
658 1473 788 1556 quidam
811 1471 961 1558 armigeri
984 1474 1026 1537 de
1049 1476 1171 1540 uostris
1188 1477 1337 1560 peregri-

169 1579 221 1640 nis
242 1576 399 1661 quosdam
423 1595 614 1643 sarracenos
641 1587 793 1660 caperent
814 1571 1010 1644 mercatores
1042 1586 1228 1660 treugarum
1254 1585 1339 1638 tem-

168 1701 256 1765 pore.
299 1685 372 1745 Hoc
393 1692 428 1745 ut
450 1682 613 1746 Soldanus
640 1681 780 1764 audivit,
811 1682 943 1766 collegit
965 1683 1139 1746 maximum
1162 1683 1338 1746 exercitum

169 1792 204 1847 et
224 1786 393 1849 civitatem
426 1786 563 1848 obsedit.
607 1783 746 1863 Quidam
768 1793 876 1848 autem
899 1786 1106 1852 Sarracenos
1127 1788 1160 1848 in
1182 1789 1339 1851 incertum

168 1893 319 1974 sagittam
337 1891 465 1972 jaciens
486 1891 647 1954 interfecit
665 1892 868 1972 capitaneum
891 1890 967 1952 belli
988 1891 1022 1952 in
1048 1891 1191 1972 civitate,
1214 1891 1255 1955 ad
1277 1909 1339 1954 cu·

165 1992 221 2074 jus
243 2005 353 2060 nutum
375 1999 483 2059 omnia
498 1996 707 2080 gerebantur.
742 1992 816 2072 Quo
836 1995 1005 2056 interfecto
1029 2013 1094 2056 uon
1117 1995 1178 2058 luit
1199 1995 1337 2077 amplius

170 2097 247 2160 ordo
275 2106 309 2161 et
341 2101 531 2183 inceperunt
561 2081 675 2183 fugere
696 2099 730 2160 in
752 2098 912 2160 naviculis
942 2116 1000 2181 per
1022 2115 1119 2160 mare.
1165 2098 1338 2162 sarraceni

169 2210 275 2265 autern
307 2221 372 2267 nou
403 2205 562 2267 habentes
593 2204 731 2286 amplius
781 2203 1025 2286 repugnantiam
1064 2202 1268 2264 intraverunt
1305 2209 1337 2264 et

169 2325 282 2370 omues
304 2306 507 2371 Christianos
525 2309 774 2392 jugulaverunt,
796 2317 829 2371 et
850 2309 957 2372 omnia
977 2305 1165 2390 depraedati
1186 2315 1279 2388 suut,
1302 2307 1337 2368 in

169 2429 232 2493 qno
255 2413 381 2477 excidio
402 2414 465 2475 hx
486 2415 587 2478 millia
608 2413 864 2480 Christianorum
896 2414 1079 2482 retentatur
1101 2429 1121 2473 a
1144 2409 1337 2477 sarracenis

144 2505 200 2578 ‘i'n
224 2535 280 2578 ore
299 2517 400 2600 gladii
422 2527 595 2601 percussa,
619 2539 702 2582 anno
734 2519 863 2583 Domini
888 2518 982 2584 1291.
1023 2516 1146 2600 Slcque
1161 2524 1254 2578 ¹lotus
1274 2535 1337 2598 pc-

169 2619 264 2701 patus
295 2620 414 2686 latinus
440 2641 461 2684 a
482 2633 568 2687 terra
589 2632 705 2687 saneta
726 2622 944 2705 ealdelmus,
964 2620 1200 2707 praeterillos,
1223 2622 1278 2703 qui
1299 2637 1337 2682 se

167 2727 301 2790 servitio
314 2725 567 2790 Sarraceuorum
589 2728 826 2809 manciparunt,
848 2744 930 2809 quos
953 2728 1094 2794 ecclesia
1114 2715 1362 2790 excommun?

168 2832 266 2894 cauit.
560 2843 563 2848 ·
770 2881 771 2884 ,

251 2929 335 2994 Cum
362 2945 470 2994 autern
501 2933 584 2996 haec
605 2938 683 2995 nota
703 2932 817 2994 flerent
839 2930 985 2994 occiduis
1006 2932 1163 3015 partibus,
1192 2935 1226 2997 iu
1247 2935 1338 2998 curia

168 3035 316 3098 Romana
337 3036 519 3098 contristati
540 3045 618 3098 suut
650 3033 763 3116 valde,
785 3043 818 3097 et
839 3052 985 3098 summus
1012 3036 1159 3117 pontifex
1179 3037 1338 3114 Nicolaus

169 3139 261 3220 Papa
283 3147 417 3219 quartus
438 3140 597 3221 publicari
617 3137 697 3202 iecit
719 3157 855 3222 magnas
886 3137 1109 3221 indulgentias
1128 3157 1257 3202 erucem
1279 3158 1346 3204 as*

168 3243 370 3306 sumentibus
414 3245 468 3307 vel
499 3245 700 3308 mittentibus
721 3247 756 3306 iu
778 3253 883 3305 terrae
914 3252 1050 3306 sarrctae
1077 3244 1275 3327 subsidium,
1298 3262 1337 3307 ac
1464 3259 1470 3264 ·

135 3397 137 3408 .
168 3367 265 3431 reges
296 3358 329 3411 et
362 3349 525 3431 principes
567 3327 755 3414 exhortatus
794 3350 961 3430 porrigere
1002 3365 1117 3410 manus
1151 3348 1336 3433 adjutrices,

168 3453 311 3536 lecitque
331 3455 558 3535 processiones
589 3455 742 3518 solennes
781 3463 813 3515 et
836 3453 1186 3518 excommunicationes
1223 3463 1337 3518 contra

167 3575 281 3620 omnes
302 3558 505 3623 christicolas
528 3567 726 3623 mercatores
755 3568 787 3621 et
810 3557 907 3640 alios,
935 3559 997 3642 ,qui
1028 3575 1093 3620 non
1110 3558 1225 3627 ,solum
1247 3576 1336 3626 arma

167 3670 200 3724 et
221 3662 411 3745 lignamina,
446 3664 531 3747 quod
548 3664 616 3746 jam
636 3663 690 3744 diu
718 3664 809 3746 prius
831 3663 934 3726 fuerat
955 3662 1166 3745 prohibitum,
1200 3661 1260 3726 sed
1281 3662 1336 3746 qui

167 3765 334 3834 differrent
359 3769 395 3830 iu
426 3768 657 3833 Alexandriam
692 3777 724 3830 et
760 3768 841 3831 alias
863 3756 965 3838 terras
995 3766 1140 3831 Soldauo
1170 3765 1336 3848 subjectas

41 3877 44 3884 ’
167 3889 391 3956 quaecumque
417 3873 631 3938 mercimonia.
684 3875 820 3956 lusuper
850 3882 926 3955 post
963 3873 1045 3937 haec
1079 3872 1210 3935 fuerunt
1238 3875 1335 3934 etiam

167 3977 239 4041 loca
259 3985 376 4040 moola
407 3978 594 4061 interdicta,
618 3987 657 4041 'et
683 3979 873 4061 prohibitum
897 3977 960 4057 sub
988 3995 1094 4060 poena
1114 3976 1336 4041 excommuni-

167 4083 322 4162 cationis,
353 4099 396 4142 ne
424 4085 497 4165 quis
526 4084 623 4145 etiam
656 4099 756 4146 causa
788 4080 972 4145 devolionis
1008 4097 1097 4144 mare
1123 4081 1273 4144 transiret
1294 4079 1336 4142 ad

167 4183 364 4247 vhitandum
385 4184 458 4250 loca
478 4197 593 4250 sancta
614 4188 688 4251 sine
708 4187 820 4269 Papae
840 4185 980 4258 lieentia.
1013 4185 1056 4250 blt
1076 4185 1158 4249 haec
1177 4185 1336 4248 habentur

167 4289 201 4352 iu
224 4287 363 4373 quodem
385 4293 622 4388 extravaganti.
652 4313 660 4326 ·
790 4290 833 4334 *θ’
