3024 4866
706 194 771 264 bis

155 385 275 454 dietum·
296 391 350 447 est
375 381 452 448 llol:
468 383 498 448 8.
519 383 562 466 b,
591 376 632 444 aii
654 401 748 467 quem
781 383 918 466 Moyses
941 381 1024 465 fugit
1045 381 1086 444 de
1108 383 1261 468 Aegypto
1287 391 1320 445 et

153 489 249 554 liliam
272 489 345 570 ejus
365 506 500 552 uxorem
521 491 693 571 assumsit,
715 487 820 550 Exodi
841 489 880 550 ll.
963 563 969 582 ι

236 594 337 657 Ροπο
356 594 390 656 in
412 609 569 675 processu
600 593 751 656 venimus
772 591 813 654 de
845 590 969 654 deserti
989 592 1095 656 deviis
1124 592 1165 657 ad
1188 594 1320 676 regiam,

154 715 353 764 communem
376 704 411 760 et
432 697 536 760 tritam
561 697 666 780 viam,
685 702 769 780 quae
787 696 874 760 ducit
894 695 936 758 de
956 697 1110 780 Aegypto
1138 716 1266 760 sursum
1289 699 1322 758 in

121 809 125 818 '
152 803 369 868 Palaestinam
390 803 431 864 ad
453 801 628 885 (iazaram,
651 819 670 862 a
692 819 755 884 quo
773 800 866 883 Juxta
888 797 1051 864 Gazarnm
1074 801 1322 883 declinavimus,
1356 838 1360 845 ·

10 893 19 954 ’τ
153 911 194 971 ut
208 914 298 990 patet
320 923 419 990 supra
441 905 495 968 iol.
517 908 591 988 28„
614 906 690 969 dnm
719 908 753 968 in
787 905 950 969 desertum
972 905 1223 988 ingrederemur.
1267 907 1322 968 Ab

154 1012 267 1078 eodem
289 1029 429 1094 namque
451 1012 523 1074 loco
554 1028 658 1095 usqua
685 1012 749 1074 buc
777 1011 897 1073 nuliam
926 1011 1013 1074 viam
1041 1012 1230 1092 habuimus,
1262 1009 1323 1072 sed

153 1123 249 1182 nocte
276 1132 316 1177 ac
343 1113 397 1178 die
415 1115 572 1202 *siderum
592 1115 645 1180 nsi
681 1115 858 1179 directione
887 1115 1140 1198 ambulavimus,
1176 1116 1262 1178 sieut
1288 1116 1322 1177 in

153 1221 234 1282 mari
254 1218 323 1284 fleri
344 1203 438 1282 solet.
460 1220 552 1284 Ultra
574 1221 703 1286 modum
717 1241 795 1284 vero
811 1220 924 1284 laetati
944 1221 1063 1284 fuimus
1083 1221 1117 1284 in
1135 1220 1323 1284 inventione

153 1325 229 1386 viae
250 1333 284 1388 et
305 1323 477 1388 videbatur
496 1326 609 1408 nobis,
642 1324 793 1409 quodin
816 1323 967 1388 mnndum
991 1326 1242 1390 revenissemus.
1286 1327 1323 1386 ln

154 1446 193 1491 eo
214 1429 286 1492 loco
306 1429 374 1512 via,
395 1446 479 1512 qnae
500 1447 630 1494 sursum
652 1429 742 1492 ducit
762 1431 804 1492 ab
825 1429 989 1515 Aegypto,
1011 1429 1166 1494 dividitur
1186 1433 1220 1492 in
1242 1428 1324 1492 dnas

126 1535 239 1604 „visst
261 1552 326 1597 una
346 1532 436 1598 ducit
455 1551 585 1598 sursum
606 1553 665 1622 per
682 1535 773 1598 littus
794 1536 893 1598 maris
914 1538 1024 1618 magni
1045 1534 1087 1599 ad
1105 1520 1322 1598 Palaestinam

152 1647 186 1702 ct
207 1637 287 1702 inde
308 1639 340 1702 in
367 1638 526 1702 Judaeam
549 1648 584 1701 et
613 1638 816 1720 Jerusalem,
847 1659 906 1721 per
931 1659 1028 1724 quam
1065 1641 1252 1723 frequenter
1273 1645 1326 1700 est

131 1729 331 1808 ‘ducemus
352 1752 385 1806 et
406 1761 565 1808 ascensus
585 1743 626 1806 de
648 1751 734 1816 terra
754 1752 869 1806 sancta
883 1745 917 1811 in
928 1730 1114 1828 Aegyptum
1138 1750 1173 1806 et
1198 1763 1218 1804 e
1240 1761 1324 1806 con-

152 1849 259 1910 trario.
300 1846 378 1911 Alia
397 1849 438 1912 ab
459 1849 614 1932 Aegypto
641 1846 730 1920 ducit
756 1863 883 1908 sursum
915 1848 958 1910 ad
994 1848 1084 1911 littus
1113 1850 1210 1910 maris
1236 1849 1324 1911 rubri

153 1961 186 2016 et
205 1949 339 2015 Madian
373 1960 408 2015 et
432 1953 535 2035 thor,
564 1959 690 2036 portum
727 1950 823 2012 maris
850 1952 955 2034 rubri,
982 1951 1023 2014 da
1044 1971 1109 2036 qno
1129 1951 1248 2016 dictum
1271 1961 1324 2014 est
1398 1967 1401 1972 ·

10 2084 14 2094 ’
54 2070 58 2075 ’
151 2075 251 2140 snpra
271 2055 324 2119 iol.
344 2055 398 2122 39.
420 2059 451 2121 b.
480 2061 547 2122 Per
564 2059 652 2122 viam
667 2075 745 2138 ergo
758 2072 958 2119 communem
981 2075 1053 2119 cum
1069 2056 1191 2118 laetitia
1210 2064 1323 2119 contre

107 2164 113 2177 '
153 2163 340 2244 Aegyptum
350 2162 602 2248 [processimus]
615 2170 646 2224 et
661 2161 767 2243 gavisi
780 2161 909 2242 fuimus,
923 2162 1039 2224 iterum
1047 2161 1324 2243 vestigialiomini

151 2267 235 2329 Jesu
255 2267 439 2348 invenisse,
472 2285 547 2332 narn
568 2285 627 2348 per
648 2266 733 2329 illum
765 2266 853 2330 viam
873 2264 1000 2347 Joseph
1035 2265 1126 2360 Qxit
1158 2267 1319 2349 virginem

150 2371 287 2434 Mariam
308 2385 383 2434 mm
414 2390 514 2455 puero
545 2372 682 2434 Jesu-in
717 2371 901 2454 Aegyptum
930 2387 973 2431 ex
998 2379 1171 2454 praecepto
1202 2370 1321 2453 singoli,

152 2475 270 2546 naoth.
292 2477 332 2538 ll.
365 2521 368 2526 ,
696 2536 698 2542 ,

126 2629 131 2635 .
236 2578 545 2662 advesperascente
563 2597 641 2662 ergo
662 2579 714 2642 die
736 2581 884 2643 venimus
906 2583 939 2642 in
961 2579 1123 2643 desertum
1146 2580 1266 2661 Helim,
1287 2580 1321 2640 in

153 2701 216 2766 quo
227 2684 445 2748 castrametati
458 2691 534 2746 sunt
550 2684 615 2766 (b)
627 2685 685 2747 lilii
699 2686 798 2748 lsrael
821 2691 898 2767 port
919 2687 1087 2747 transitum
1106 2687 1205 2747 maris
1227 2685 1322 2766 rubri,

150 2787 244 2870 juxta
264 2789 329 2850 Xll
348 2790 455 2852 fontes
477 2796 510 2850 et
519 2787 614 2850 erX
635 2788 770 2872 palmas,
794 2797 831 2868 ut
852 2786 1102 2850 habeturltlxodi
1128 2789 1174 2850 15.·
1198 2788 1321 2850 Verum

153 2912 173 2955 a
194 2893 266 2956 loco
288 2893 421 2956 fontium
443 2892 677 2960 declinavimus
697 2901 729 2955 et
752 2895 846 2954 etiam
869 2910 889 2953 a
906 2891 1034 2972 publica
1049 2899 1151 2952 strata
1168 2890 1330 2981 ardunum

153 2999 291 3061 milliare
311 2997 453 3060 italicum
479 3006 514 3060 et
534 2998 567 3059 in
589 2998 661 3060 loco
680 2996 817 3078 quodam
839 2993 1019 3070 immundo,
1053 3010 1147 3074 quem
1170 2999 1321 3056 nomina-

153 3103 232 3167 bant
251 3101 444 3184 Dorondon,
476 3105 615 3164 tentoria
646 3104 785 3164 fiximus.
830 3099 989 3163 Currebat
1011 3097 1093 3159 enim
1117 3097 1236 3160 humus
1268 3099 1323 3162 illa

154 3205 265 3288 plena.
281 3205 468 3268 vermiculis
502 3215 534 3267 et
561 3191 709 3270 bestiolis
742 3216 773 3269 et
796 3205 1013 3288 pediculorum
1048 3200 1225 3265 Pharaonis
1258 3223 1322 3266 non

153 3315 224 3370 erat
235 3327 399 3390 numerus,
421 3308 463 3370 de
484 3311 601 3392 quibus
621 3330 719 3394 supra
741 3311 794 3374 fol.
816 3309 859 3374 27
882 3308 959 3370 dixi.
987 3306 1076 3369 Male
1088 3315 1193 3368 autem
1207 3325 1322 3390 respe-

152 3414 260 3477 ximus
279 3411 426 3476 Calinnm
449 3432 507 3495 pro
529 3433 587 3498 eo,
608 3417 694 3499 qnod
716 3435 779 3478 non
804 3417 837 3477 in
862 3413 933 3476 loeo
953 3412 1089 3474 fontium
1112 3411 1191 3476 iecit
1213 3418 1323 3476 tento·

153 3520 200 3584 ria
220 3519 293 3602 ligi,
316 3517 375 3581 sed
395 3521 468 3602 ipse
489 3520 720 3585 rationabiliter
741 3523 805 3584 hoc
822 3519 991 3582 excusavit
1016 3517 1145 3599 dicens,
1172 3518 1258 3603 quod
1281 3538 1329 3582 err

72 3611 79 3636 ‘
153 3642 217 3710 quo
236 3624 392 3688 sitibundi
415 3644 563 3690 essemus
586 3637 618 3690 et
639 3626 780 3708 incensi,
810 3625 840 3686 si
862 3625 948 3687 circa
970 3619 1072 3706 aquas
1101 3641 1320 3706 manaremus,

153 3746 218 3790 non
249 3747 454 3794 cessaremus
483 3751 502 3794 a
534 3743 612 3816 potn
643 3750 748 3814 usqua
776 3729 817 3794 ad
850 3728 1011 3792 defectum
1042 3736 1194 3791 nostrum.
1247 3728 1325 3791 Alia

153 3835 353 3916 cansa,qnia
371 3834 466 3916 juxta
487 3854 589 3920 aquas
611 3817 687 3902 sunt
706 3836 842 3920 paludes
861 3836 949 3904 etin
970 3833 1035 3896 iliis
1052 3829 1223 3916 paludibus
1247 3835 1324 3894 sunt
1387 3895 1390 3901 ,
1415 3814 1420 3827 ’

153 3933 272 4000 infiniti
305 3936 428 4001 diversi
462 3943 591 4024 generis
627 3951 814 4023 serpentes,
848 3957 975 4002 vernms
1006 3949 1037 4000 et
1068 3939 1218 4021 viperae,
1239 3936 1323 4000 ideo
1400 3963 1404 3970 ·

151 4039 238 4100 circa
258 4057 362 4123 aquas
385 4061 451 4106 uon
470 4045 600 4126 expedit
622 4045 745 4107 morari.
791 4043 866 4105 Alia
887 4063 1004 4107 causa:
1042 4045 1171 4106 Arabes
1203 4040 1324 4104 deserti

151 4142 333 4224 praedones
362 4164 424 4210 sua
458 4149 664 4212 tabernacula
685 4148 788 4230 figunt
820 4167 920 4231 prope
941 4167 1045 4232 aquas
1066 4159 1098 4212 et
1130 4145 1325 4232 quarrdoqne

153 4249 302 4315 noctibus
323 4252 559 4334 superveniunt
581 4252 620 4317 ad
634 4253 705 4317 loco
724 4270 858 4338 aquosa,
880 4263 912 4315 et
933 4256 962 4316 si
986 4273 1045 4318 nos
1065 4253 1252 4338 reperirent,
1266 4269 1326 4314 nos
