2954 4914
283 587 363 649 nus.
385 583 512 666 Caspar
533 581 575 648 de
594 581 735 664 Bulach,
757 582 860 646 mites.

282 689 364 753 Dus.
387 687 527 752 Gearius
551 685 665 769 Marx,
687 684 791 750 miles.

280 795 362 858 Dus.
385 791 559 874 Nicotaus,
581 789 688 854 draus
707 789 810 873 major
829 789 970 870 lnkrut,
991 789 1094 854 miles.

283 897 454 962 conradus
474 895 691 980 barbitonsor,
713 895 885 978 letanista,
908 910 1008 958 cocus
1036 903 1069 958 et
1088 899 1294 976 procurator.

278 1003 376 1066 Pater
395 998 477 1064 Paul
496 995 693 1082 engeuger,
716 997 846 1063 Ordinir
866 999 1028 1062 Minorurn
1051 997 1221 1064 sacerdos.

282 1107 397 1170 Frater
429 1104 588 1187 Thomas,
623 1119 802 1168 conversus
841 1101 985 1186 eJ‘usdem
1016 1091 1402 1184 orunts‚mu1tarum'

200 1213 381 1296 linguarum
401 1208 535 1291 peritus.

282 1317 321 1378 ln
343 1315 437 1412 tertia
457 1311 613 1375 sedeate
638 1315 731 1374 erant
752 1327 813 1373 sex
834 1309 1013 1394 peregrim,
1034 1329 1167 1396 quorum
1190 1311 1278 1374 haec
1298 1319 1381 1376 sunt

157 1437 160 1442 ·
200 1420 348 1486 nomina

280 1521 439 1585 Dominus
456 1503 635 1602 Hainricus
657 1497 698 1578 de
718 1509 967 1602 Schauenberg,
988 1517 1090 1582 miles.

146 1655 149 1662 ι
243 1625 439 1690 Dominus
461 1611 589 1706 Caspar
610 1621 652 1683 de
673 1619 793 1703 Siculi,
814 1621 919 1684 miles
1170 1608 1174 1616 ’
1290 1611 1295 1618 ’

39 1729 42 1736 ’
155 1803 169 1810 Η
276 1731 361 1796 nus.
385 1725 613 1812 sigismundus
633 1725 675 1789 de
696 1723 890 1808 Hcrspa'ch,
908 1725 1048 1792 miles:

82 1831 107 1866 ‘¹
282 1837 365 1898 Dus.
388 1834 506 1896 Petrus
526 1824 670 1911 velcon,
692 1829 796 1894 miles.
883 1831 887 1838 '
1097 1835 1100 1844 '

216 1940 363 2002 Dus.
386 1937 553 2000 Jchannes
561 1935 718 2014 huhrus,
740 1931 986 2032 archidiaconus
1009 1939 1041 1996 et
1055 1933 1238 2036 οιιιοιιίοιιε
1262 1937 1376 2000 eecle-

104 2023 107 2030 ’
199 2045 270 2108 siae
291 2037 650 2123 'l'ranssylvanierrsis
641 2054 674 2099 ιιι
693 2018 875 2119 Hudgaria

282 2147 399 2210 Frater
422 2143 529 2226 Felix,
549 2139 954 2206 OrdinisPraedieatorurn
976 2140 1018 2205 de
1039 2138 1147 2227 Ulmo,
1168 2143 1268 2226 hujus
1290 2161 1376 2208 eva-

135 2293 139 2302 .
198 2251 317 2336 guterii
336 2239 515 2334 expositor,
550 2245 605 2329 qui
626 2243 808 2327 praefatum
838 2245 1000 2310 domiuum
1030 2247 1291 2311 archidiaconum
1313 2267 1373 2312 so-

199 2355 307 2420 cietati
328 2362 459 2418 nostrae
476 2352 607 2430 inserui.
630 2349 706 2412 Non
725 2349 810 2412 euim
829 2351 1118 2432 peregrinationem
1137 2353 1224 2414 illem
1236 2369 1371 2417 assum-

199 2461 318 2538 sisset,
351 2459 415 2518 nisi
435 2457 496 2520 sub
518 2473 590 2517 mea
611 2452 820 2542 confidentia,
852 2457 927 2538 quia
949 2466 1018 2519 erat
1046 2475 1146 2538 purus
1178 2459 1373 2539 Huuganrs,

200 2577 265 2624 non
286 2577 387 2621 unum
407 2560 542 2622 verbum
563 2560 760 2622 teutonicum
782 2562 910 2643 sciens,
932 2560 994 2624 sed
1025 2561 1058 2622 iu
1080 2560 1180 2623 latina
1200 2561 1315 2643 lingua
1337 2571 1371 2624 et

200 2663 387 2726 sclavonica
413 2669 446 2723 et
473 2662 583 2724 italica
610 2669 643 2724 et
663 2664 841 2747 hungarica
872 2666 996 2746 peritus
1028 2674 1105 2728 erat.
1150 2667 1229 2746 Fuit
1258 2675 1369 2730 artem

200 2768 253 2830 vir
272 2764 406 2846 nobilis,
428 2764 593 2826 virtuosus
620 2773 654 2826 et
674 2766 806 2850 doctus,
836 2777 944 2832 orator
965 2787 1101 2851 maguus
1122 2777 1155 2832 et
1186 2769 1368 2833 mathema-

201 2871 300 2950 ticus,
333 2869 405 2952 qui,
427 2876 463 2931 ut
483 2867 651 2952 praemisi,
688 2874 767 2935 mihi
789 2873 936 2936 adhaesit
958 2891 1102 2956 semper,
1123 2881 1158 2936 ut
1187 2877 1313 2957 patebit
1334 2876 1368 2936 in

200 2975 424 3057 sequentihus.
453 2973 553 3036 Porro
575 2973 776 3057 Hlphahallo,
801 2975 937 3040 Calinus
960 2978 1076 3060 minor,
1099 2980 1132 3041 iu
1155 2977 1248 3058 cujus
1270 2977 1365 3042 domo

199 3081 360 3164 peregrini
382 3079 571 3161 manebant,
593 3078 635 3142 de
663 3097 728 3162 quo
762 3081 852 3161 prius
874 3099 974 3162 saepe
996 3081 1082 3145 iacta
1103 3091 1153 3144 cst
1175 3083 1310 3163 mentio,
1333 3091 1366 3144 et

198 3185 232 3248 iu
253 3187 462 3269 sequentibus
484 3203 584 3268 saepe
605 3183 671 3267 fiet,
692 3184 782 3247 veuit
801 3184 856 3247 hic
877 3185 1117 3250 describendus.
1144 3185 1230 3269 Narn
1249 3186 1365 3266 hospi-

199 3290 264 3355 tale
285 3299 318 3352 et
333 3291 493 3373 peregrini
504 3289 681 3354 Christiani
695 3289 817 3350 habeut
835 3289 871 3350 in
881 3290 1064 3354 Jerusalem
1083 3290 1162 3354 duos
1180 3291 1363 3372 magistros,

198 3392 395 3474 superiorem
417 3400 451 3454 et
471 3389 663 3454 interiorem.
707 3389 863 3474 Superior
895 3393 1010 3458 dicitur
1043 3394 1301 3478 Sabathytnnco,
1331 3403 1364 3456 et

199 3493 334 3557 carinus
368 3495 477 3576 major.
520 3493 655 3557 interior
674 3507 810 3560 vocatur
842 3494 1049 3584 Hlphahallo,
1084 3498 1220 3564 Uelinus
1250 3500 1362 3581 minor,

198 3599 219 3658 i.
242 3617 270 3660 e.
293 3601 448 3680 magister
469 3595 637 3679 hospitalis
659 3610 691 3662 et
722 3604 972 3685 peregrinorum,
1009 3604 1114 3666 Ambo
1136 3605 1235 3666 etiam
1257 3600 1363 3665 Calini

198 3699 348 3763 dicuntur
383 3699 679 3787 'drutscheluranui,
711 3707 732 3768 i.
756 3726 784 3768 e.
818 3705 1008 3770 defensores
1036 3716 1068 3769 et
1089 3707 1259 3790 ductores,
1290 3709 1362 3769 sive

104 3815 111 3836 '
197 3804 384 3890 provisores
405 3802 657 3870 Christianorum
677 3812 918 3892 peregrinorum
941 3809 1054 3892 (m
1064 3813 1128 3895 Δ).
1169 3809 1256 3874 Sunt
1276 3812 1360 3874 enim

196 3909 229 3970 in
250 3907 391 3989 qualibet
412 3909 545 3974 civitate
564 3911 673 3995 aliqui,
695 3913 814 3996 quibus
834 3911 1000 3978 soldanus
1022 3915 1182 3997 concedit,
1206 3925 1241 3980 ut
1262 3915 1358 3980 chri-

195 4011 320 4074 stianos
341 4030 399 4094 per
418 4022 534 4077 terram
556 4014 676 4079 ducant
704 4026 736 4078 et
758 4035 815 4080 eos
840 4026 1029 4101 protegant,
1062 4027 1094 4080 et
1115 4029 1192 4082 suut
1214 4022 1359 4102 magistri

196 4113 351 4181 officiales
373 4116 414 4179 de
435 4119 527 4180 curio
548 4117 669 4184 domini
690 4119 824 4183 soldani
848 4128 880 4184 et
903 4121 1053 4186 dicuutur
1069 4121 1356 4188 'irutschelmauni

195 4217 251 4282 Sic
277 4219 371 4282 etiam
392 4219 512 4284 Judaei
533 4221 652 4286 hahent
681 4239 761 4286 suos
783 4225 1090 4290 'l'rutschclmcrrnos
1119 4228 1191 4290 sive
1215 4225 1355 4290 Caiinos.

193 4322 236 4384 nt
257 4323 289 4385 in
311 4321 413 4404 locis,
442 4324 494 4388 uhi
517 4331 728 4407 cathegius
750 4335 782 4390 et
804 4325 957 4409 frequens
978 4330 1137 4394 adventus
1170 4332 1356 4415 peregrino·-

124 4513 127 4520 .
194 4444 284 4510 rum,
308 4435 384 4492 aunt
405 4427 477 4492 duo·
490 4423 612 4508 Calini,
641 4429 748 4511 major
763 4439 796 4491 et
816 4431 938 4518 rpinor,
960 4437 1054 4510 sicut,
1068 4437 1101 4498 in
1122 4435 1304 4516 Jerusaiem
1324 4443 1355 4497 et

965 4689 1282 4761 ἓ...
