2896 4872
212 406 330 490 longus
352 409 405 466 est
425 409 459 464 et
479 403 642 484 proprium
663 400 808 468 codicem
834 404 984 487 complet,
1005 422 1071 468 non
1093 409 1249 488 apposni
1272 410 1393 490 Evege

212 511 304 590 torio,
326 515 358 569 et
380 507 510 642 proprio
529 507 682 634 inscripsi
704 506 807 569 libro.

153 687 184 696 ’ἡ
213 667 413 806 Tmctetus
446 723 621 824 septimus
654 721 871 821 Evogntorii
904 725 1039 826 incipit
1090 725 1158 800 Au
1187 729 1387 805 secundas

214 849 490 948 Evagationenr·
517 841 566 919 (le
589 841 799 919 Jerusalem
832 844 881 922 od
913 855 1068 922 montem
1094 846 1224 947 Syriai
1265 853 1326 926 sic
1349 871 1389 924 est

696 987 905 1064 processus.

300 1135 354 1200 Au
393 1128 683 1217 peregrinationem
724 1131 842 1192 montis
880 1131 984 1215 Synei
1023 1134 1086 1195 trie
1125 1137 1385 1216 praeexignutur.

214 1243 375 1320 Primum,
407 1244 445 1300 ιιι
473 1233 636 1318 peregrini
660 1251 733 1297 oum
764 1233 903 1298 dominis
923 1235 1114 1300 Sermoenie
1143 1238 1189 1301 de
1211 1237 1384 1302 Jerusalen

218 1345 413 1410 convenient
440 1337 481 1402 etl
504 1336 697 1408 facientem,
716 1329 963 1402 couventionem
990 1358 1063 1404 cum
1083 1343 1384 1418 Trutschetmanno

216 1467 315 1532 cuper
335 1447 430 1527 sslve
448 1442 595 1526 gerardis
611 1451 645 1506 et
665 1443 759 1506 salvo
780 1443 943 1518 oonrlnotn
963 1445 1058 1508 nobie
1078 1447 1324 1528 praestandum
1344 1463 1383 1526 po

215 1555 378 1620 desertum
396 1567 501 1632 nsque
517 1548 550 1610 in
560 1548 763 1630 Aegyptum.
790 1549 833 1610 llt
848 1551 935 1612 hunc
950 1558 1120 1612 tractatum
1138 1550 1302 1632 fecimus,
1316 1551 1381 1612 rn'cu

215 1668 305 1744 patet
324 1661 426 1720 Porto
448 1655 477 1722 l.
498 1651 553 1715 iol.
572 1653 647 1720 218.
665 1652 708 1715 A.
730 1653 767 1716 ll.
810 1651 962 1716 &curtio
983 1655 1144 1736 exigitur,
1168 1657 1216 1718 ιιι
1232 1653 1380 1738 peregrini

215 1765 279 1830 sibi
299 1760 489 1847 provideant
514 1765 548 1820 et
568 1767 676 1820 emant
701 1758 764 1820 silai
784 1761 981 1840 neomarie,
1003 1759 1123 1841 quium
1144 1779 1210 1840 per
1232 1760 1379 1822 desertus

217 1877 334 1932 euntes
344 1865 458 1928 'v'ive're
470 1870 599 1945 queant.
623 1861 675 1924 no
686 1879 749 1943 qua
762 1864 946 1944 provisione
959 1862 1249 1928 hebaurl’ertel.
1257 1860 1378 1933 soliti.

158 2003 162 2010 -
215 1975 257 2036 Α.
275 1973 314 2035 li.-
345 1971 498 2052 Tertium,
520 1977 556 2032 ut
578 1966 727 2032 (lominus
738 1967 1045 2032 'lmtschelmennus
1068 1967 1174 2049 major
1193 1968 1298 2049 juxta
1317 1986 1377 2030 con·

215 2079 401 2144 sectionem
421 2073 571 2156 disponat
592 2071 737 2136 camelos
757 2081 790 2134 et
811 2055 1019 2153 cemelerios,
1038 2072 1152 2136 asiuros
1168 2083 1207 2136 et
1222 2075 1375 2138 esinarios

216 2192 251 2246 et
269 2183 414 2263 sesignei
435 2187 557 2242 certum
580 2177 666 2240 dium
688 2185 722 2238 et
743 2178 853 2240 lteram
875 2193 1028 2240 recessus
1049 2178 1311 2259 peregrinorum.
1347 2178 1375 2236 Et

216 2288 299 2349 hoec
319 2285 426 2347 omnio
447 2289 524 2346 snut
546 2282 641 2344 iectu.
685 2279 770 2343 Nem'
793 2281 951 2362 diomnil.
973 2282 1124 2362 Augusti,
1147 2300 1239 2364 quae
1262 2291 1315 2344 est
1339 2280 1375 2342 ie·

216 2399 302 2452 stum
321 2387 356 2450 S.
378 2387 614 2450 Bartholomeei
634 2386 794 2469 Apostoli,
815 2385 997 2468 assignavit
1017 2385 1112 2448 nobis
1128 2405 1190 2466 pro
1216 2402 1376 2450 recessui

215 2493 418 2574 Jenrselem,
448 2493 559 2555 horem
589 2510 808 2573 vesperarum.
852 2493 954 2572 igitur
981 2507 1055 2555 oum
1074 2489 1189 2552 eodem
1213 2490 1272 2554 die
1301 2507 1376 2554 ιιιιιι

216 2597 259 2660 cle
279 2595 420 2658 ecclesie
441 2594 594 2658 dominici
614 2596 778 2679 sepulchri
799 2597 925 2678 egressi
953 2612 1119 2675 memus,
1149 2604 1231 2677 post
1250 2605 1374 2658 sumtun

217 2703 323 2765 cibum
343 2718 457 2764 omues
478 2699 511 2762 iu
544 2709 684 2802 mputem
706 2699 796 2782 Syou
817 2699 1045 2763 adscendimus
1066 2706 1097 2759 et
1118 2700 1163 2762 ibi
1184 2701 1305 2762 ambos
1322 2699 1375 2760 Cr-

218 2807 302 2872 liuoe
323 2825 396 2870 oum
416 2805 600 2884 cameloriis
621 2816 654 2868 et
674 2805 818 2887 camelis,
838 2805 989 2868 asinariis
1002 2812 1036 2868 et
1050 2805 1153 2868 esirtis
1165 2823 1231 2866 nos
1248 2821 1374 2887 exspec-

216 2920 327 2977 tantes
363 2912 556 2975 hironimus.
623 2911 889 2974 Acceleravimus
927 2927 1005 2992 ergo
1044 2911 1126 2990 opn's
1165 2918 1314 2972 nostrum
1350 2917 1374 2968 ιι

128 3013 140 3030 ’
216 3037 343 3082 omnem
364 3012 597 3099 supellectilem
623 3023 766 3076 nostram
795 3015 1015 3096 epertovimus
1035 3013 1078 3075 tle
1099 3015 1299 3077 monasterio
1320 3015 1373 3076 ln·

216 3131 300 3185 trum
321 3131 354 3184 et
375 3125 408 3184 iu
426 3137 523 3183 unum
543 3114 649 3177 locum
663 3119 902 3200 composuimus
923 3117 965 3180 ed
982 3117 1109 3198 jussum
1131 3119 1372 3196 camelariornn,

215 3227 281 3306 (b)
307 3237 343 3289 ut
363 3223 510 3288 viderent
530 3221 746 3285 substantiam
767 3240 903 3305 umque
927 3221 1105 3305 aequaliter
1120 3223 1258 3286 ecmelis
1275 3223 1371 3286 distri-

217 3329 352 3389 buerent
372 3327 570 3410 portendens.
622 3323 758 3408 Oportet
779 3328 863 3390 enim
885 3345 985 3390 onera
1005 3325 1200 3390 camelorum
1223 3329 1370 3409 exqrrisite

216 3438 249 3494 et
270 3434 398 3496 curiose
414 3431 543 3510 librare,
565 3441 602 3494 ut
622 3434 687 3496 sint
708 3432 865 3515 esquelio.
908 3431 1056 3514 Cumque
1076 3430 1207 3513 mugnis
1230 3431 1265 3493 in
1288 3449 1367 3494 uuan

215 3536 399 3618 congeriem
420 3545 731 3620 comportessemus,
753 3537 860 3602 fectus
874 3545 925 3600 ost
940 3535 1091 3599 cumulus
1106 3553 1246 3616 maginus
1261 3546 1293 3597 et
1304 3553 1368 3617 gre·

216 3640 287 3721 vis,
309 3641 385 3722 quie
404 3649 496 3704 erent
517 3642 609 3706 multi
629 3644 719 3708 secel
740 3643 826 3726 pleni
848 3641 1051 3725 paximatiis,
1072 3646 1108 3702 ei
1127 3637 1229 3702 mults
1249 3638 1367 3704 vasculo

217 3743 294 3806 vino
320 3742 459 3827 repleta,
487 3747 595 3810 secois
615 3748 753 3810 cilicinis
774 3749 942 3830 imposito,
974 3764 1017 3808 ue
1037 3763 1078 3808 ea
1102 3743 1274 3806 Sarreeeni
1294 3742 1366 3806 nula

215 3849 440 3933 conspicerent
451 3857 483 3912 et
494 3867 554 3912 nos
568 3851 785 3936 molestarent,
809 3862 843 3916 et
863 3852 953 3917 multi
965 3857 1055 3914 utres
1066 3865 1234 3932 equorum,
1251 3857 1366 3929 sportis

214 3956 347 4039 insuper
366 3957 439 4020 ovis
460 3955 614 4038 repletae,
634 3964 667 4020 et
688 3976 811 4022 caveae
831 3976 904 4022 cum
932 3955 1118 4019 viventibus
1136 3953 1234 4035 pullis
1251 3953 1366 4034 gallinis

215 4069 249 4123 et
269 4061 384 4144 gellis,
413 4061 613 4123 lectisternio
640 4069 673 4122 et
693 4065 888 4126 vestimento
908 4069 1038 4144 nostre,
1059 4060 1149 4123 sacci
1169 4065 1202 4120 et
1223 4055 1365 4120 ceseidua

217 4169 380 4224 nostrast
401 4171 626 4241 sporteecuur
647 4161 733 4242 ollis,
755 4163 950 4247 celsioribus,
967 4164 1068 4230 uisos
1090 4173 1123 4229 et
1143 4159 1290 4224 scutellis
1330 4163 1362 4222 Et

218 4257 300 4320 haec
324 4269 356 4322 et
385 4261 501 4322 similis
530 4260 629 4323 multo
653 4261 816 4328 iecieluent
843 4250 1008 4346 ingentum
1039 4266 1221 4343 cumulent,
1247 4265 1305 4344 ita,
1335 4273 1362 4326 ιιι
