3030 4872
703 265 768 330 255

147 451 251 532 ruptis
273 437 517 512 vinculis'auae
542 447 746 513 obedienciae
776 447 849 526 sine
869 463 1030 510 concessu
1051 456 1085 511 et
1105 447 1238 516 licentia
1259 467 1319 518 sea

146 553 289 618 claustra
310 552 500 616 exsilierunt
522 562 555 614 et
577 549 761 634 agminibus
782 559 976 614 armatorum
1007 568 1045 614 se
1066 552 1316 622 immiscuerunt.
1347 585 1351 593 ·

148 655 212 735 Qui
234 659 309 722 dum
332 675 430 720 cruce
451 660 574 740 signari
596 658 781 741 petiverunt
802 666 834 718 et
855 657 896 720 ab
919 657 1083 738 episcopis
1099 660 1319 739 signatoribus
1352 672 1360 680 “

146 762 280 824 inutiles
297 761 520 843 judicarentur
553 772 585 826 et
606 761 647 825 ad
668 779 853 844 regressum
876 761 1095 843 hortarentur,
1123 764 1253 844 quidam
1283 769 1318 830 in

146 880 245 930 eruce
265 865 411 948 corporis
430 868 481 928 sui
492 867 649 949 stigmata
659 867 766 928 crnci
788 865 850 926 sili
866 864 1022 927 divinitus
1033 867 1194 946 impressa
1203 877 1318 934 osten-

147 971 273 1053 rlerent,
296 971 351 1034 alii
372 970 486 1034 eadem
508 989 546 1034 se
566 972 689 1034 babere
705 968 896 1051 jactabant,
924 971 1019 1032 etiam
1048 970 1254 1036 mulierculae
1285 986 1319 1040 et

147 1075 286 1138 vetulae.
329 1074 398 1138 Alii
418 1095 479 1158 per
502 1076 646 1138 candens
668 1075 787 1138 sermm
810 1073 872 1138 sibi
896 1083 1047 1136 cruenter
1065 1075 1318 1142 adurendocru-

147 1187 219 1244 cem
236 1180 469 1262 impresserunt
492 1189 524 1242 et
545 1181 654 1243 fervor
675 1187 707 1254 et
729 1178 823 1243 aelus
845 1177 1041 1242 admirabilis
1062 1181 1095 1240 in
1108 1184 1176 1244 toto
1195 1201 1318 1264 genere

147 1285 401 1349 Christianorum
424 1292 507 1354 erat.
550 1284 686 1348 Cunctis
719 1293 751 1349 et
780 1283 920 1366 'singulis
951 1285 1132 1366 agminibus
1149 1285 1264 1351 'duces
1284 1299 1318 1352 et
1412 1281 1418 1290 ’

147 1390 306 1474 capitanei
327 1408 347 1452 a
368 1383 567 1472 principibus
596 1398 631 1451 et
654 1390 818 1472 episcopis
835 1387 1112 1472 praeficiebantur,
1135 1392 1194 1454 toti
1208 1401 1315 1456 tamen

146 1495 303 1558 exercitui
337 1500 369 1559 et
401 1495 553 1557 omatibus
586 1495 769 1576 agminibus
807 1494 993 1577 praelectus
1031 1493 1092 1556 luit
1125 1499 1316 1562 auctoritate

146 1599 324 1682 apostolica
357 1598 423 1662 dux
453 1609 487 1662 et
518 1599 681 1681 generalis
703 1600 893 1680 capitaneus
919 1599 1059 1680 insignis
1080 1607 1114 1660 et
1134 1601 1316 1667 invictissi-

147 1724 218 1768 mus
239 1695 308 1788 vir,
340 1702 727 1786 dominns-Gotblridus,
761 1701 929 1774 Gallaciae
951 1720 1061 1766 comes
1093 1712 1126 1765 et
1158 1705 1321 1796 duarlm-¹

146 1811 336 1892 thoringiae,
364 1809 420 1890 qni
441 1817 603 1890 tamqnam
632 1808 714 1868 alter
734 1806 956 1872 lllacbabaecs
976 1823 1049 1872 cnm
1071 1803 1223 1874 iratribus
1244 1814 1314 1876 suis

145 1924 178 1978 et
197 1916 311 1978 amieis
324 1912 484 1983 nobilibus
497 1913 615 1974 bellum
627 1910 756 1972 Domini
768 1910 927 1991 agendam
951 1911 1096 1992 suscepit
1113 1911 1315 1998 habebatque

145 2021 178 2082 in
199 2037 260 2080 suo
281 2016 411 2096 agmine
432 2014 550 2076 multos
572 2009 856 2091 strenuosissimes
878 2014 1059 2094 bellatores,
1091 2018 1226 2100 nobiles,
1255 2021 1316 2084 ba-

10 2151 13 2222 {
145 2136 254 2200 renes,
276 2118 411 2180 comites
423 2127 456 2179 et
468 2118 596 2200 milites,
619 2135 753 2201 querum
766 2117 1072 2194 emiliumcuramin
1094 2121 1315 2200 spiritualibus

144 2225 292 2306 suscepit
312 2223 365 2284 vir
389 2223 527 2284 eximius
547 2225 733 2306 Haymarus
754 2219 926 2284 Padiensis
953 2221 1135 2304 episcopus
1176 2225 1315 2294 lliscnr-

145 2332 236 2394 rebat
276 2336 381 2390 autem
414 2313 582 2409 praelatus
609 2329 728 2390 Petrus
758 2346 816 2409 por
845 2327 996 2407 regiones
1039 2336 1070 2388 et
1092 2331 1249 2410 grandem
1278 2343 1313 2397 et

145 2435 261 2499 fertem
284 2431 497 2513 congregavit
526 2435 703 2499 exereitum
735 2432 776 2495 ad
799 2430 1013 2518 quadraginta
1041 2434 1141 2498 millia
1171 2447 1314 2503 armate·

144 2557 224 2621 rum,
246 2555 328 2622 quos
350 2553 461 2598 secum
484 2535 641 2600 ducebat„
677 2537 734 2600 Sic
755 2547 788 2599 et
809 2537 863 2614 alii
878 2539 938 2600 viri
949 2547 1155 2620 praestantes
1165 2539 1314 2625 plebibus

145 2644 229 2706 bene
259 2642 325 2704 visi
362 2640 403 2703 ad
432 2659 470 2702 se
490 2642 637 2704 bomlnes
659 2644 882 2726 attrahebant,
911 2652 943 2706 et
971 2653 1039 2708 toto
1067 2648 1203 2710 triennio
1234 2667 1314 2730 pre-

145 2749 242 2810 l'ectic
263 2745 319 2809 illa
341 2747 528 2830 parabatur,
550 2757 720 2830 antequam
746 2757 914 2812 moverent
945 2766 984 2810 se
1007 2751 1145 2830 agmbra.
1189 2752 1313 2823 Verum

28 2839 36 2844 ’
141 2853 424 2934 Ὶοιιιιςιιιςιιιιιιιιιιι·
468 2869 582 2935 reges,
617 2853 737 2934 duces,
765 2855 936 2933 comites,
987 2852 1146 2936 barones,
1183 2856 1313 2939 milites,

143 2957 316 3038 militares,
344 2961 494 3035 petentes
526 2973 656 3038 qrroqne
677 2962 712 3016 et
730 2956 869 3038 tyranni,
891 2966 925 3019 et
952 2957 1138 3020 comitatum
1159 2968 1314 3045 rectores,

145 3059 271 3125 nobiles
293 3067 325 3120 et
346 3057 517 3139 ignobiles,
540 3057 716 3122 diviteset
737 3079 908 3143 pauperes,
930 3062 1022 3124 cives
1034 3073 1064 3124 et
1077 3061 1200 3144 villann',
1222 3064 1313 3128 liberi

22 3207 25 3214 f
144 3173 179 3228 et
198 3163 298 3244 servi,
329 3161 531 3224 saeculares·
547 3152 580 3224 et
613 3164 847 3246 ecclesiastici,
876 3164 1067 3232 sacerdotes
1096 3173 1128 3226 et
1154 3169 1313 3250 monacbi,

143 3269 289 3353 episcopi
296 3311 307 3350 ,
329 3267 484 3349 abbates,
506 3265 704 3351 cardinales,
739 3268 882 3351 religiosi
900 3279 940 3332 et*
957 3269 1139 3352 religiosae,
1160 3287 1258 3334 senes
1281 3282 1313 3336 et

41 3452 44 3460 Ι
138 3375 291 3458 juvenes,
312 3371 455 3454 vetulae,
471 3373 610 3456 puellae,
630 3373 750 3436 viduae
761 3383 794 3436 et
805 3377 983 3456 maritatae,
993 3372 1066 3455 (B)
1079 3384 1113 3436 et
1132 3377 1166 3438 in
1188 3383 1312 3442 tanturn

142 3481 245 3544 crevit
274 3496 427 3542 numerus
449 3480 615 3542 exercitus
635 3478 698 3544 nei
719 3478 874 3561 viventis,
897 3478 988 3562 'quod
1010 3476 1203 3544 Guilielmus
1225 3481 1314 3566 dicit,

9 3582 11 3592 ’
142 3603 315 3667 numquam
336 3591 384 3646 tot
405 3585 523 3666 gentes
545 3584 631 3647 coire
645 3615 647 3622 ·
662 3584 694 3646 in
723 3601 820 3646 unam
850 3584 1045 3646 sententiam
1073 3584 1166 3648 visae
1189 3586 1314 3653 'luerint

142 3698 175 3752 et
195 3690 377 3772 opinionem
399 3689 562 3751 bominum
581 3689 733 3752 vincebat
753 3707 926 3770 numerus,
943 3707 1017 3752 narn
1040 3689 1181 3772 quadam
1210 3694 1312 3760 tesb-

140 3795 281 3860 matione
302 3793 492 3857 dicebantur
501 3794 695 3876 sexagesies
717 3791 847 3856 centnm
869 3793 969 3857 millia
984 3794 1148 3878 bominum
1171 3815 1313 3880 praepa-

140 3907 281 3962 ratorum
298 3897 339 3961 ad
352 3897 470 3963 bellum
492 3894 544 3979 [l]
566 3914 664 3962 cruce
686 3901 898 3984 signatorum.
945 3898 1035 3959 Inter
1056 3917 1154 3982 qaus,
1175 3910 1212 3964 ut
1233 3901 1313 3986 (lixi,

140 4001 381 4064 eminebatalux
401 3998 856 4094 invictissimus'ltictbsridus,
877 4001 1016 4064 emnium
1038 4006 1199 4085 agminum
1219 4007 1313 4087 eapt-

142 4113 259 4168 taneus
281 4105 457 4189 generalis,
480 4107 541 4170 sub
563 4125 627 4190 qne
649 4104 773 4168 diversi
795 4107 958 4189 capitanei
977 4106 1116 4172 diversis
1129 4105 1312 4190 agminibus

141 4218 218 4274 sunt
239 4211 429 4292 praepositi.
472 4208 598 4287 Quibus
620 4228 700 4293 erge
719 4211 845 4295 paratis
866 4230 951 4274 anne
971 4211 1102 4274 Domini
1119 4211 1202 4276 1097
1220 4213 1313 4274 ince-
1343 4271 1346 4276 .

142 4323 260 4398 perant
280 4331 320 4378 se
350 4331 484 4380 movere
513 4318 643 4400 agona
672 4315 715 4378 de
745 4315 827 4380 loeis
854 4316 1140 4399 congregationum
1167 4333 1310 4382 suarum.
