2962 5022
170 20 209 131 rt.
317 1 434 126 ‘taut'

558 133 620 142 ιιι-ιι·-
630 133 648 142 --
670 131 770 142 numu-

678 439 742 506 Μ

121 621 331 706 indulgentiis
350 623 409 706 st)
436 639 553 706 preces
584 619 736 688 Mnus.
780 621 833 686 At
855 617 910 686 illa
932 609 1111 707 oapella'iu
1131 621 1288 708 capellan

120 728 155 791 s
178 729 326 792 Marinae
345 729 497 792 remmus
517 737 549 790 et
571 727 616 792 ilai
636 727 835 792 orationibus
856 726 951 792 diotis
972 729 1193 814 indulgentias
1213 747 1291 795 soa-

120 835 266 916 cepimus
288 831 361 914 (is).
401 831 529 896 Deinde
555 835 589 896 tu
611 831 770 915 capellam
803 829 985 898 salvatoris
1015 833 1136 898 ivimus
1156 845 1188 899 et
1208 833 1291 900 ado-

120 949 190 1004 rato
209 937 348 1000 nonina
375 935 594 1018 indulgentias
615 937 804 1020 accepimus
825 936 895 1018 (†)·
929 936 1009 1002 Post
1028 936 1115 1001 illan
1133 939 1289 1023 capellan

121 1041 284 1126 glomosae
300 1039 447 1124 Virginis
465 1031 590 1104 Mariae
610 1041 753 1124 ingressi
770 1057 884 1104 snmus
905 1047 941 1104 et
961 1039 1110 1105 devotius
1131 1059 1172 1106 ea
1192 1047 1291 1108 iuvo-

116 1131 196 1208 'cata
215 1143 436 1228 indulgentiae
456 1147 639 1228 recepimus
659 1147 728 1228 st).
770 1147 822 1208 De
843 1145 899 1209 illa
919 1145 1045 1228 capella
1066 1147 1099 1210 in
1129 1147 1290 1211 ecclesias

122 1267 240 1312 navem
273 1250 435 1315 rentnoa.
477 1251 586 1314 urin
618 1259 729 1314 autem
754 1249 811 1312 illa
841 1248 982 1314 ecclesia
1012 1250 1078 1314 xu
1110 1249 1290 1335 columnas,

122 1355 240 1436 quibus
271 1362 339 1416 tota
367 1353 489 1418 launna
524 1363 743 1437 sustentatur,
776 1354 825 1418 VI
845 1355 878 1418 in
899 1373 965 1418 uno
997 1363 1030 1417 et
1061 1355 1110 1418 vt
1131 1357 1166 1420 iu
1187 1356 1290 1422 altero

122 1459 225 1522 latere
244 1458 387 1534 miens,
424 1458 510 1522 sicut
529 1467 565 1521 et
584 1457 745 1523 ecclesiae
776 1469 908 1522 nostrae
936 1468 1011 1522 suut
1042 1459 1232 1526 aedificatae
1256 1463 1291 1524 ln

122 1564 263 1646 lengun.
296 1565 333 1625 ln
356 1552 407 1626 l'ris
427 1569 537 1628 autern
558 1563 716 1628 columnis
737 1572 812 1628 sunt
835 1563 954 1626 multae
979 1563 1132 1648 reliquiae
1152 1583 1291 1652 magnae

123 1667 310 1732 reconditae
337 1676 372 1732 et
403 1666 533 1732 utone
563 1667 706 1751 pendent
740 1666 782 1731 ad
814 1667 989 1752 quamlibet
1022 1670 1220 1756 columnam,
1257 1672 1291 1736 iu

122 1774 241 1856 qnilnu
262 1772 381 1854 depicti
402 1781 477 1836 sunt
505 1773 630 1855 saneti,
662 1789 795 1855 qnorum
830 1771 986 1857 reliquiae
1012 1775 1057 1840 ibi
1088 1778 1293 1843 continentur

123 1884 159 1940 et
179 1895 315 1961 quorum
333 1885 521 1942 modorum
543 1876 707 1940 festivitas
728 1876 909 1942 celebratur
930 1899 987 1962 pro
1008 1889 1161 1966 tempore.
1198 1879 1292 1946 Illum

123 1981 209 2042 enim
230 1981 294 2063 ipsi
304 1978 424 2046 Graeci
445 1980 588 2045 ordinem
610 1981 738 2063 halem,
759 1981 847 2065 quod
867 1982 900 2046 in
921 1983 1064 2066 quolibet
1085 2003 1197 2050 mense
1218 1987 1294 2048 anui

124 2103 190 2148 nna
211 2084 284 2148 dies
302 2085 445 2150 celebris
467 2085 612 2166 nauum,
634 2087 667 2148 io
690 2103 755 2169 quo
775 2085 940 2150 celebrant
961 2085 1172 2152 deensibus
1193 2105 1293 2152 sanc

125 2189 304 2273 turturi,
336 2208 469 2273 quornm
500 2189 654 2271 reliquiae
674 2190 708 2252 iu
729 2189 784 2255 illa
818 2188 967 2254 columna
987 2198 1063 2254 snut
1095 2191 1294 2274 reconditae,
1360 2241 1363 2248 .

125 2305 162 2360 nt
201 2295 378 2360 Jannarius
412 2295 510 2358 habet
536 2295 669 2378 primam
701 2295 882 2359 columnam
915 2311 987 2358 eum
1020 2295 1129 2358 multis
1158 2297 1293 2379 unctis,

125 2413 260 2484 querum
282 2401 423 2463 omnium
445 2398 607 2462 festivitas
627 2416 691 2461 urta
713 2398 766 2461 die
790 2398 878 2462 illius
898 2400 1020 2462 mortuis
1042 2399 1207 2482 peragitur
1231 2399 1294 2483 (lt)

10 2495 11 2498 ’
127 2512 163 2566 et
189 2523 255 2566 non
276 2503 380 2567 solum
415 2501 540 2567 illorum
568 2512 756 2568 sauctorum
786 2503 906 2568 festum
939 2503 995 2568 illo
1017 2501 1070 2568 die
1103 2502 1294 2588 celebratur,

131 2609 288 2690 quisunt
313 2609 346 2672 in
376 2607 484 2670 tabula
505 2607 590 2670 illios
622 2609 790 2672 columnae
821 2607 941 2691 depicti
974 2607 1029 2672 vel
1057 2625 1194 2692 qnorum
1216 2609 1295 2674 reli·

127 2714 225 2796 quiae
244 2713 288 2775 ibi
310 2715 529 2793 continentur,
561 2709 620 2774 aed
643 2713 801 2795 omnium,
833 2729 967 2797 quorum
990 2713 1148 2797 depositio
1169 2723 1201 2778 et
1224 2714 1296 2779 dies

127 2817 295 2881 natalitius
316 2817 372 2881 illo
393 2835 507 2878 mense
536 2817 653 2878 evenit.
696 2813 754 2881 Sic
774 2817 970 2882 Februarius
1002 2818 1099 2883 halet
1119 2819 1294 2884 secundam

128 2922 312 2986 columnam
331 2931 361 2983 et
372 2922 512 2984 Murtias
535 2922 660 2982 tertiam
678 2928 710 2983 et
730 2922 779 2984 sio
796 2931 1040 3005 consequenter.
1063 2920 1160 2988 Circa
1180 2941 1297 3007 quam·

129 3027 209 3088 libet
246 3045 324 3108 ergo
363 3023 542 3088 columnam
572 3033 650 3088 sunt
683 3027 844 3110 speciales
875 3025 1096 3111 indulgentiae
1123 3027 1200 3110 st),
1238 3043 1296 3110 pro

127 3130 246 3213 quibus
268 3130 398 3196 ivimus.

215 3233 292 3298 ldeo
320 3236 469 3298 venimus
500 3235 541 3299 ad
572 3235 752 3299 columnam
785 3236 949 3320 Januarii,
980 3256 1051 3303 eam
1083 3233 1297 3325 geniculando

127 3339 404 3402 circumstetimus
426 3347 625 3424 sternutus,
649 3359 782 3423 quorum
805 3342 959 3426 reliquiae
981 3344 1025 3409 ibi
1046 3345 1299 3427 sunt‚.invoca·

127 3442 254 3524 vimus3
287 3453 419 3507 sanctos
449 3446 544 3507 etiam
580 3453 724 3528 nostros,
755 3447 862 3529 quiin
883 3447 1071 3512 Latinorum
1105 3448 1299 3513 calendariis

128 3547 334 3630 renuuntur,
355 3548 400 3610 tui
423 3548 651 3612 honoravimus
673 3559 704 3614 et
726 3549 947 3635 indulgentias
969 3563 1147 3635 septennes
1170 3555 1299 3637 recepi-

130 3651 282 3733 mus(†).
305 3645 441 3714 Domum
465 3662 638 3736 surgentes
660 3653 700 3718 ad
719 3656 899 3720 columnam
911 3657 1075 3722 Februarii
1098 3657 1300 3723 accessimus

131 3754 172 3818 et'
188 3764 318 3818 orantes
339 3755 434 3820 modo
455 3758 621 3840 praedicto
643 3759 863 3843 indulgentias
896 3764 1063 3826 consecuti
1095 3777 1208 3828 sumus
1231 3761 1297 3842 (†).

132 3857 260 3922 Deinde
277 3859 317 3922 ad
331 3860 511 3924 columnam
521 3862 631 3929 Martii
652 3867 802 3930 remmus
823 3873 855 3928 et
877 3874 1006 3930 orantes
1028 3863 1176 3932 devotius
1193 3861 1303 3924 indul·
1338 3935 1349 3948 ,
1418 3847 1422 3856 ’

130 3964 261 4045 genitias
283 3967 469 4048 accepimus
492 3967 561 4048 (†)·
591 3969 710 4034 Postea
732 3970 911 4034 columns·
933 3969 1058 4051 Aprilis
1081 3955 1300 4038 efformaru-

130 4082 205 4129 mus
227 4073 261 4129 et
293 4079 426 4134 sanctos
454 4072 645 4138 invocantes
680 4069 899 4153 indulgentias
926 4071 1113 4154 accepimns
1134 4065 1203 4146 tt)-
1246 4062 1300 4123 ΑΒ
1388 4120 1392 4130 .

129 4169 188 4232 illa
209 4169 358 4236 columna
380 4173 421 4238 ad
453 4175 632 4258 columnam
659 4171 739 4250 Maji
773 4172 991 4250 processimus
1022 4180 1057 4252 et
1078 4174 1122 4236 ibi
1145 4167 1299 4252 prostrati

130 4273 174 4337 ad
196 4293 316 4339 moram
338 4279 371 4341 in
403 4281 548 4343 oratione
568 4252 784 4356 indulgentias
811 4272 1076 4354 participasimus
1095 4273 1167 4358 (†)·
1212 4269 1300 4336 Hillo

130 4387 241 4442 autem
266 4393 439 4463 surgentes
470 4383 511 4446 ad
532 4371 709 4445 columnam
732 4373 823 4436 Juuii
854 4372 972 4454 ivimus
990 4387 1027 4440 et
1048 4376 1169 4445 arando
1190 4369 1325 4468 inuans

130 4485 263 4568 gentian
288 4489 521 4571 acquisivimus
531 4485 598 4566 (†).
622 4484 715 4548 llaec
730 4487 838 4572 autem
852 4477 1001 4566 columna
1013 4493 1082 4548 erat
1097 4496 1248 4570 suprema
1269 4487 1303 4552 in

1056 4585 1092 4646 32
1161 4609 1164 4618 ¹
