2962 5022
195 669 461 740 manducavimus
476 685 539 732 neo
554 669 704 734 bibimus.
729 667 880 754 Scorpo
899 670 1000 734 alii'et
1020 672 1121 756 maior
1142 691 1218 756 pars
1236 673 1373 756 judica-

194 780 273 843 bant
285 791 361 839 essa
381 773 629 856 procedendum,
644 774 704 838 sed
724 774 765 837 ad
784 793 879 858 qnam
897 777 1027 857 plagam
1048 785 1079 839 et
1102 787 1223 858 partem
1237 782 1374 861 penitus

195 881 396 967 ignorabant,
410 895 485 941 nam
508 878 632 944 densae
651 881 804 943 tenebrae
824 889 927 961 erant,
941 881 986 942 ita
1011 889 1047 948 ut
1065 892 1192 946 montes
1213 894 1290 948 ante
1311 902 1375 949 nea

194 987 325 1073 penitus
345 981 460 1048 videre
480 999 545 1046 nou
560 999 731 1066 ροοοοιιιιιι
753 1001 815 1046 nec
828 984 968 1067 vestigia
989 993 1021 1046 et
1042 989 1101 1050 vix
1114 1006 1203 1051 marc
1224 1006 1246 1050 a
1267 997 1375 1072 tergo,

194 1091 281 1176 qnod
300 1099 410 1154 tamen
434 1088 624 1154 naturaliter
653 1089 687 1150 io
719 1089 864 1152 tenebris
891 1088 1028 1170 quodam
1050 1091 1223 1173 splendore
1255 1094 1374 1176 fulget.

196 1195 407 1280 Vagabamur
435 1209 515 1276 ergo
545 1211 605 1276 par
631 1191 806 1274 incertum,
828 1211 916 1257 nunc
946 1193 987 1255 ad
1010 1194 1171 1279 dextram,
1203 1215 1292 1262 nunc
1330 1196 1375 1260 ad

194 1303 378 1381 maistram,
400 1315 488 1360 nnnc
507 1315 566 1378 per
586 1297 751 1378 directum,
778 1317 865 1362 nnnc
885 1317 944 1383 per
973 1297 1181 1384 indirectum,
1202 1319 1291 1366 nuno
1311 1319 1375 1366 se·

197 1395 375 1492 qnebamnr
403 1401 621 1486 opininionem
651 1401 756 1485 illius,
786 1412 861 1484 poet
882 1402 1044 1486 paululum
1075 1405 1271 1468 reclamante
1303 1406 1374 1470 alio

195 1510 333 1575 eundem
355 1507 579 1590 sequebamur,
591 1505 763 1589 aliqnando
783 1525 854 1570 cnm
875 1508 1004 1580 ssseotio
1025 1524 1137 1572 omnes
1163 1509 1374 1574 substitimus

197 1615 430 1692 auscultantes,
451 1627 494 1673 an
515 1629 629 1674 sonam
650 1611 790 1695 aliquem
812 1613 1061 1696 colloquentium
1083 1622 1138 1677 aut
1159 1614 1374 1678 clamantium

197 1720 392 1799 audiremus,
405 1713 464 1780 sed
490 1715 570 1777 nibil
591 1715 760 1780 audientes
781 1719 920 1801 nosipsi
942 1721 1068 1802 magnis
1088 1719 1224 1782 vocibus
1242 1719 1373 1782 clama·

195 1826 302 1888 vimne
323 1829 358 1883 et
386 1821 421 1881 in
452 1818 516 1882 boc
537 1835 600 1880 nec
621 1818 763 1882 latrones
794 1835 856 1882 nec
877 1822 1058 1902 praedones
1089 1825 1268 1905 timuimus,
1291 1826 1374 1907 quia

196 1926 380 2011 optavimus
400 1923 561 1986 bominem
584 1923 626 1988 ad
647 1942 708 1988 nos
728 1926 852 2006 venire,
872 1944 893 1988 a
915 1945 979 2008 quo
1001 1927 1120 2010 aliquid
1141 1927 1269 1991 discere
1288 1936 1374 2010 pos-
1403 1977 1405 1982 .
1444 1963 1454 1976 =

198 2049 317 2097 semus.
360 2031 489 2092 interea
521 2026 664 2092 vidimus
683 2039 761 2092 ante
791 2047 852 2092 nos
883 2032 1014 2096 rutilare
1034 2033 1162 2115 ignem,
1188 2049 1372 2115 exsurgere

195 2134 398 2222 splendorem
423 2141 456 2196 et
476 2133 554 2196 laeti
576 2134 695 2198 inimus
715 2136 946 2220 aestimantes,
975 2139 1085 2202 socios
1108 2146 1237 2202 nostros
1257 2136 1371 2219 ignem

196 2241 387 2309 accendisse
406 2247 541 2323 propter
571 2257 642 2322 nos,
663 2248 696 2303 et
728 2238 803 2303 dum
823 2239 901 2303 laeti
921 2241 1124 2322 splendorem
1146 2259 1371 2324 sequeremur,

195 2349 328 2428 delusos
349 2361 410 2410 nos
432 2359 508 2406 ease
528 2345 636 2408 statim
653 2345 892 2427 conspeximus,
909 2345 985 2427 quia
1002 2354 1070 2410 erat
1091 2346 1251 2431 quaedam
1270 2345 1371 2408 stella
1395 2371 1406 2382 =

195 2448 372 2537 perlucida,
394 2466 480 2532 qnae
499 2450 608 2512 omens
639 2448 747 2512 radios
767 2467 848 2512 snos
875 2467 897 2511 a
920 2451 1089 2514 cacumine
1107 2454 1225 2514 montis
1247 2450 1367 2514 emisit.

193 2558 295 2624 Porro
326 2555 474 2620 dominns
505 2553 680 2618 Helorinus
711 2554 753 2616 de
779 2553 996 2639 Scbomberg,
1025 2557 1076 2620 vir
1106 2556 1302 2638 cogitativus
1334 2562 1369 2617 et

195 2659 350 2744 prudens,
372 2659 523 2722 tendebat
544 2669 656 2722 contra
676 2658 838 2744 quandam
858 2657 985 2723 stellam
1006 2667 1038 2724 et
1063 2660 1105 2724 ad
1127 2662 1179 2724 sui
1199 2659 1367 2742 sequelam

196 2781 259 2828 nos
280 2765 439 2826 invitabat
462 2762 586 2846 dicens,
598 2783 637 2826 se
658 2772 779 2828 cartoro
801 2764 968 2830 invenisse
989 2766 1022 2826 io
1043 2765 1137 2830 coelo
1156 2766 1317 2828 tramitem
1330 2765 1367 2826 in

195 2875 340 2932 nostrum
362 2866 554 2948 exercitnm3
576 2867 636 2930 sed
655 2866 742 2930 unda
762 2868 824 2930 boc
843 2865 1008 2950 babuerit,
1031 2872 1153 2952 nescio,
1175 2871 1237 2934 bec
1257 2877 1367 2933 tamen
1464 2873 1471 2880 '

198 2975 281 3057 scio,
304 2975 334 3036 si
350 2989 422 3034 eum
437 2971 541 3033 secuti
556 2971 742 3055 fuissemus,
769 2971 891 3036 duone
903 2971 937 3034 in
959 2975 1135 3044 maranum
1147 2977 1364 3040 venissemus.

193 3081 316 3145 Verum
347 3095 420 3141 cnm
439 3093 498 3158 per
525 3074 655 3159 aliquod
675 3079 818 3160 spatium
836 3079 1035 3155 enmtsecutl
1058 3060 1244 3161 remeamus,
1266 3079 1362 3144 diee-

193 3184 249 3247 bat
268 3181 411 3267 qnidam,
424 3180 510 3264 quod
531 3181 628 3244 nimis
649 3180 814 3245 dexteram
826 3189 953 3264 peterat
974 3191 1006 3246 et
1025 3185 1073 3246 ita
1089 3183 1223 3250 dimissa
1233 3181 1366 3267 (680)

195 3289 374 3354 directione
405 3285 525 3350 domini
545 3286 691 3349 Heinrici
722 3284 820 3350 alium
850 3287 956 3350 sacnti
981 3305 1095 3352 sumus
1121 3288 1164 3352 ad
1187 3290 1365 3356 sinistram.

193 3396 282 3458 lnter
305 3394 388 3457 baec
408 3407 646 3474 nonnumquam
668 3388 709 3453 ad
731 3389 836 3472 litigia
857 3388 1058 3476 devenimus,
1075 3393 1271 3458 lllovolente
1291 3396 1366 3475 buc,

194 3499 298 3563 altero
328 3497 416 3562 illuc.
455 3496 547 3560 Duas
580 3511 634 3557 res
661 3491 723 3575 ego
753 3495 787 3556 ln
808 3495 870 3558 bae
891 3495 1094 3560 tribulatione
1125 3513 1229 3581 aeqap
1262 3499 1365 3582 timul,
1453 3501 1470 3587 ι’

193 3605 280 3668 sicut
310 3605 416 3687 ipsam
447 3599 698 3665 tribulationem:
727 3616 808 3680 nna,
831 3599 916 3682 qnod
945 3600 1008 3665 duo
1037 3602 1231 3686 principales
1263 3605 1366 3668 nostri

194 3708 312 3772 milites
340 3715 452 3770 contra
473 3721 513 3768 se
538 3705 743 3787 insurgerent
764 3713 797 3767 et
816 3704 943 3786 gladios
964 3705 1160 3790 eximerent,
1182 3710 1259 3789 qnia
1278 3707 1364 3772 scivi

194 3827 253 3874 ees
273 3810 432 3873 vecordes
463 3811 675 3889 adinvicem,
698 3817 734 3873 et
753 3809 827 3873 ideo
850 3828 923 3874 cnm
953 3809 1121 3892 industria,
1142 3809 1269 3894 qnando
1290 3807 1364 3874 dis-

193 3915 368 4000 ceptabant
389 3914 431 3978 de
450 3917 520 3998 via,
541 3917 636 3998 postd
657 3932 710 3978 ne
739 3933 814 3979 cnm
835 3915 928 3979 asiam
955 3916 989 3978 iu
1013 3916 1151 3980 mcdlum
1170 3931 1299 3995 eorum,
1320 3933 1364 3978 ne

192 4020 363 4109 propinqui
382 4019 445 4084 sibi
466 4019 562 4084 eitius
590 4027 804 4083 moverentur.
846 4021 977 4088 Alteras
999 4021 1095 4105 qnod,
1117 4021 1193 4104 quia
1213 4019 1365 4084 dinem

193 4129 353 4214 opinionis
373 4124 554 4191 eramneda
574 4125 681 4208 plaga,
694 4125 797 4207 finoni,
812 4126 898 4209 quod
917 4127 1036 4212 aliquis
1056 4145 1150 4191 suum
1171 4134 1363 4208 conceptam

194 4241 386 4318 sequeretur
406 4237 442 4294 et
461 4248 483 4293 a
498 4230 592 4294 nobis
609 4229 807 4295 divideretur
826 4239 859 4294 et
880 4231 1012 4314 periret,
1036 4231 1123 4296 unde
1142 4249 1265 4314 magna
1284 4248 1365 4297 eura

192 4337 345 4418 vigilavi,
366 4343 401 4397 nt
423 4333 588 4416 litigantes
609 4333 774 4398 delinirem
797 4345 829 4399 et
850 4344 1029 4422 evagantes
1051 4353 1249 4400 revocarem.
1286 4335 1364 4400 nixi

192 4436 386 4513 aliquotiens
407 4435 506 4496 sctn'is
526 4436 685 4518 nistibm,
703 4456 767 4500 nen
785 4440 929 4502 maeatis
949 4447 1164 4524 tautumfltan
1177 4439 1364 4506 irascamini

192 4529 233 4587 ad
255 4533 393 4592 turbem
424 4543 459 4594 et
477 4551 542 4596 noo
562 4539 757 4618 separamini
783 4542 826 4603 ab
857 4543 997 4608 invicem
1003 4588 1014 4627 ,
1035 4545 1088 4612 bis
1116 4544 1205 4610 onim
1235 4543 1362 4608 duabus
