3016 4872
715 233 781 338 Μ

164 424 319 506 Aegypti
363 417 483 482 suerat
502 417 621 500 quippe
642 423 784 490 castrum
805 431 956 497 magnum
982 431 1064 476 cum·
1087 413 1163 478 altia
1185 413 1336 497 turribus,

91 519 100 534 ⁸
164 529 269 591 name
290 525 421 587 dictum.
465 523 508 584 Et
538 522 579 584 de
600 521 663 584 hoc
688 519 830 583 creditur
855 518 934 582 illud
955 517 1117 582 Jeretuiae
1138 535 1208 601 cap.
1231 519 1282 582 st.
1305 527 1338 581 et

165 629 323 694 Matthaei
343 628 422 691 aa
445 643 520 688 esse
541 627 712 706 scriptum:
734 624 811 688 Vox
843 627 876 685 in
898 624 1003 686 Rama
1025 622 1134 685 audita
1155 632 1207 685 est
1229 621 1338 706 plora·

169 743 223 798 tus
244 742 277 794 et
293 725 449 794 ululatus.
479 729 564 794 Dum
584 731 669 790 enim
691 729 840 792 Herodes
862 727 1025 795 occideret
1045 745 1164 809 pueros
1184 729 1217 790 iu
1234 730 1337 790 Beth-

167 839 251 900 leem
265 846 298 899 et
319 838 354 899 iu
367 832 546 898 confinibus
560 833 644 915 ejus,
658 831 803 914 ploratus
816 852 985 915 puerorum
1001 841 1034 894 et
1047 832 1187 895 ututnus
1201 841 1337 897 matrum

168 942 271 1008 audiri
292 945 444 1024 potuerat
476 940 510 1000 in
531 938 593 1001 hac
614 938 727 1000 Rama.
772 937 865 1001 Unda
885 938 1083 1020 Jerouymus
1115 936 1156 998 de
1177 935 1338 1002 distantiis

167 1050 309 1112 locorum
333 1044 424 1107 dicit:
441 1042 544 1106 Rama
566 1052 617 1105 est
631 1042 722 1105 locus
743 1063 843 1126 prope
856 1043 1035 1125 Bethleem,
1056 1040 1182 1124 dequo
1204 1042 1336 1107 dieitur:

165 1171 233 1218 vox
252 1153 285 1215 in
306 1150 419 1212 Rama.
985 1153 988 1158 '

255 1279 293 1340 ln
311 1271 582 1336 'circumferentia
616 1289 777 1334 murorum
805 1279 927 1336 tantum
959 1273 1100 1356 spatium
1133 1281 1236 1336 terrae
1268 1273 1365 1356 luit,¹

171 1380 258 1468 quod
280 1381 475 1442 frumentum
495 1375 663 1437 sufficiens
683 1378 716 1436 in
730 1394 769 1437 ea
788 1375 891 1439 crevit
912 1397 970 1460 pro
991 1397 1075 1459 pane
1095 1378 1339 1440 inhabitantium

167 1483 309 1552 castrum
331 1499 539 1565 perannum.
567 1479 646 1540 ¹Hoc
667 1489 807 1542 castrum
830 1483 966 1543 munivit
986 1499 1070 1544 unus
1093 1481 1134 1544 de
1154 1482 1263 1544 latinis
1285 1502 1340 1545 rc-

167 1593 263 1678 gibus
298 1586 493 1651 Jerusalem.
537 1582 640 1665 Unde,
676 1592 846 1666 postquam
879 1583 1069 1667 saladinus,
1100 1605 1158 1648 rex
1185 1587 1339 1672 Aegypti,

168 1697 254 1778 cepit
274 1693 309 1756 vi
331 1709 488 1759 armorum
510 1687 626 1750 terram
650 1695 794 1750 sanctam
823 1696 855 1774 et
877 1687 1058 1750 Jerusalem
1081 1697 1113 1750 et
1138 1687 1341 1757 Christianos

175 1821 217 1864 ex
238 1797 385 1862 omnibus
409 1793 527 1856 linibus
549 1791 620 1873 ejus
641 1791 763 1874 expulit
784 1791 920 1873 latinos,
942 1800 973 1876 et
996 1800 1104 1855 castra
1127 1792 1258 1876 reliqua,
1274 1797 1341 1857 vil-

146 1903 220 1968 las
251 1909 284 1964 et
313 1900 462 1962 civitates
498 1897 717 1979 expugnavit:
742 1897 804 1959 hoc
839 1893 980 1960 castrum
1001 1895 1107 1959 Rama
1138 1917 1340 1983 nequaquam

169 2009 289 2080 habere
307 2003 420 2086 potuit,
441 1999 500 2063 sed
516 2001 709 2064 Christianis
729 2001 866 2065 viriliter
878 2002 1133 2084 repugnantibus
1156 2003 1250 2066 abeo
1271 2003 1341 2066 dis-

170 2111 281 2191 cessit,
303 2117 336 2169 et
357 2115 542 2168 manserunt
564 2105 741 2168 Christiani
763 2105 855 2168 latini
882 2108 914 2168 in
936 2115 1043 2169 castro
1064 2116 1139 2189 post
1171 2115 1341 2192 expugna·

172 2218 290 2280 tionem
303 2210 487 2274 Jerusalem
511 2219 541 2272 et
563 2209 731 2272 Bethleem
756 2196 957 2273 uttra'ttxx
977 2229 1089 2294 annos,
1112 2230 1172 2274 nec
1192 2223 1343 2295 poteraut

173 2337 229 2383 eos
245 2315 610 2397 Sarraccni‘expellere,
633 2321 665 2376 et
687 2313 791 2376 adhuc
811 2313 908 2375 hodie
929 2323 1105 2398 manerent,
1117 2318 1145 2377 si
1157 2317 1247 2380 Deus
1260 2331 1342 2398 ‘curu

174 2425 222 2487 eis
243 2443 307 2484 non
326 2429 513 2504 pugnasset.
558 2417 642 2481 Nam
665 2425 741 2500 post
762 2418 859 2480 XXX
880 2435 982 2480 annos
1011 2419 1140 2481 immisit
1162 2421 1251 2484 Deus
1281 2443 1342 2505 pe-

173 2529 345 2594 stilentiam
367 2527 401 2587 iu
422 2532 574 2605 castrum,
591 2529 622 2583 et
644 2523 677 2583 in
697 2523 790 2583 brevi
812 2522 964 2601 temporis
986 2523 1090 2603 spatio
1106 2524 1250 2588 obierunt
1271 2547 1343 2590 om-

175 2653 234 2698 nes
255 2631 432 2709 foeminae,
455 2623 667 2708 ajuveucula
689 2643 793 2710 usque
814 2622 855 2685 ad
876 2641 987 2705 arrum,
1016 2633 1048 2686 et
1070 2626 1170 2709 major
1191 2647 1267 2710 pars
1288 2631 1343 2690 vi-

176 2757 292 2803 rorum.
334 2731 429 2812 Quod
451 2740 621 2795 cernentes
641 2727 755 2810 reliqui
780 2736 922 2790 castrum
945 2725 1154 2792 deseruerunt
1180 2741 1211 2792 et
1234 2732 1343 2814 lugam

181 2843 332 2905 inierunt.
375 2839 449 2901 Hoc
477 2855 550 2899 cum
573 2833 745 2897 Sarraceni
776 2835 1016 2915 percepissent,
1045 2833 1281 2898 adscenderunt
1313 2837 1347 2898 in

176 2955 316 3011 montem
338 2951 372 3005 et
393 2951 532 3005 castrum
554 2957 658 3022 usquc
680 2938 721 3000 ad
743 2937 847 3000 solum
869 2936 1078 3020 diripuerunt,
1099 2941 1156 3023 ita,
1178 2939 1264 3023 quod
1286 2942 1344 3002 vix

177 3070 339 3114 murorum
362 3043 610 3128 vestigiamodo
633 3041 828 3125 deprehendi
849 3049 995 3124 possunt.
1023 3043 1163 3126 Propter
1182 3047 1345 3127 inexpug-
1405 3107 1408 3116 ,
1481 3112 1484 3121 Ι

177 3157 373 3220 uahilitatem
394 3151 480 3214 illius
506 3149 605 3210 castri
625 3147 835 3228 nominabant
855 3139 934 3206 illud
956 3144 1133 3210 Christiani
1154 3149 1345 3230 Bethuliam,

177 3264 262 3324 sicut
284 3255 452 3322 castellum
474 3250 588 3315 Judith
609 3251 770 3333 Bethulia,
792 3248 878 3334 quod
900 3257 968 3312 erat
989 3250 1021 3312 iu
1045 3249 1201 3315 Galilaea.

261 3405 340 3468 Inda
371 3403 410 3465 ab
433 3401 487 3464 illo
507 3407 615 3463 moute
635 3398 792 3481 conjectis
816 3396 918 3460 oculis
940 3397 981 3460 ad
1003 3398 1100 3464 aliurn
1122 3387 1261 3473 montem
1283 3416 1343 3479 op-

178 3509 318 3594 positum
333 3507 477 3570 vidimus
490 3504 650 3590 quoddam
672 3509 837 3566 vetustum
859 3499 1051 3584 aedilicium,
1069 3502 1165 3585 juxta
1186 3502 1272 3585 quod
1294 3509 1345 3562 cst

178 3613 342 3696 sepultura
363 3613 426 3674 ΧΠ
449 3611 674 3694 prophetarum
696 3609 862 3670 minorum.

261 3738 351 3804 lutra
365 3738 507 3801 ‘cundem
529 3743 668 3798 montem
692 3732 752 3795 luit
773 3730 849 3794 olim
877 3729 1102 3794 monasterium
1123 3730 1160 3793 S.
1181 3729 1344 3812 Agathou,

179 3844 385 3925 ahbatis,.qui
405 3845 458 3906 vir
477 3857 615 3924 magnae
636 3837 815 3902 autoritatis
836 3835 897 3896 luit
918 3843 950 3896 et
971 3843 1063 3916 pater
1083 3835 1254 3898 multorum
1274 3851 1346 3894 mo·

179 3951 353 4014 macharum
385 3947 510 4010 exstitit
547 3953 581 4008 et
610 3942 650 4006 oh
672 3959 812 4004 amorem
834 3939 957 4002 silentii
984 3940 1119 4002 triennio
1142 3937 1280 4020 lapidem
1312 3937 1345 3996 in

178 4073 235 4120 ore
255 4053 408 4138 portavit,
431 4058 468 4115 ut
491 4049 533 4112 de
552 4067 591 4112 eo
614 4046 751 4109 retertur
771 4046 806 4108 in
827 4043 905 4106 vitis
926 4052 1062 4124 patrum·

260 4181 398 4261 Insuper
424 4177 459 4240 in
486 4173 599 4238 eadem
627 4174 760 4254 regione
792 4168 853 4231 luit
881 4170 1107 4232 monasterium
1137 4165 1172 4228 S.
1200 4161 1347 4241 Karihth,

109 4319 116 4334 ·
178 4283 319 4367 abbatis,
351 4283 452 4366 patris
494 4278 664 4342 multorum
698 4275 942 4356 monachorum,
965 4291 1030 4358 quo
1061 4271 1102 4336 de
1132 4271 1195 4334 hoc
1215 4264 1346 4330 saecule
