2954 4914
486 243 488 248 ’
543 265 545 270 ·
642 227 744 378 ἰιι

85 459 241 522 dorsum
285 443 411 519 civitett
449 415 557 537 Segor
605 454 723 535 vertit,
776 425 883 518 terreo
930 462 1018 518 moto
1065 453 1204 534 corruit,
1248 461 1282 515 et

87 573 173 625 tote
205 577 278 654 oum
312 559 492 623 omnibus
482 578 516 621 ιιι
540 573 585 624 ee
601 557 815 625 existentibus
853 553 1064 642 praecipitate
1091 557 1152 620 fuit
1183 555 1280 618 deor-

89 685 179 729 sum
222 674 254 728 et
287 667 366 747 igne
373 655 583 726 sodomitico
611 660 761 762 involute
780 671 813 725 et
842 671 1020 727 consumta
1039 669 1099 724 est.
1141 661 1211 782 De
1219 662 1282 758 bec
1329 655 1334 663 ’

92 773 245 834 civitate
265 770 403 833 hebetur
424 767 547 863 Gener.
573 767 701 832 xlx.
1078 777 1082 786 ·
1133 780 1136 786 ’
1299 761 1305 771 ’
1383 762 1387 770 ’

192 897 299 1019 Super
317 933 424 1018 Sego'r
446 943 498 997 est
515 929 735 1015 monseltus,
756 933 791 996 in
811 951 920 1018 quem,
934 931 1080 1016 escendit
1096 911 1186 996 'Loto
1207 950 1280 996 eum

100 1039 239 1117 duabus
261 1039 390 1106 filiabus
411 1041 497 1120 suis,
514 1037 561 1114 ¹ire
582 1038 660 1120 igne
686 1038 960 1102 consumerentur.
992 1021 1153 1099 videntes
1174 1045 1281 1100 entem

97 1125 197 1208 tiliae
219 1145 304 1207 Loth
325 1153 459 1216 matrem
481 1160 571 1205 suem
591 1128 801 1209 Melesedem·
819 1143 1024 1226 periisse,·et
1044 1129 1167 1223 petrem
1189 1143 1281 1208 senio

100 1249 295 1311 confectum
312 1237 412 1327 esse,
445 1255 624 1331 totumque·
642 1247 829 1332 regionem
827 1247 940 1309 erdere
960 1246 993 1308 iu
1014 1253 1107 1328 parte
1127 1231 1291 1324 inferiori,

102 1363 139 1414 et
166 1359 320 1415 montano
340 1349 455 1413 illaesa
476 1369 623 1436 manere,
652 1353 875 1436 recogitabunt
904 1349 1046 1436 modurn,
1081 1367 1144 1432 quo
1173 1351 1282 1412 sosoi·
1377 1372 1380 1380 ⁴

73 1536 77 1544 ι
103 1445 218 1518 tarent
248 1457 311 1520 sibi
342 1445 601 1558 posteritatem,
610 1465 643 1518 et
649 1465 787 1566 petrem
809 1458 899 1518 vino
914 1449 1167 1524 inebriiverunt.
1209 1453 1281 1532 Quo

106 1563 271 1638 inebriato
305 1568 337 1623 et
368 1555 504 1632 ratione
528 1537 634 1644 sopite
672 1557 781 1632 senior
810 1561 876 1623 filie
906 1559 947 1622 ed
974 1568 1096 1652 petrem
1118 1561 1256 1624 nocte
1246 1578 1280 1621 ιιι

105 1665 255 1727 tenebris
277 1673 327 1726 est
349 1665 499 1748 ingresse
520 1664 560 1727 ed
588 1686 660 1729 oum
671 1670 760 1751 ,qui
782 1666 964 1752 concubuit·
957 1683 1049 1735 ·oum
1070 1683 1125 1749 ee,
1145 1673 1178 1726 et
1199 1683 1281 1728 con-
1309 1711 1312 1718 .
1372 1678 1377 1687 ·

108 1769 207 1852 cepit.
242 1769 399 1854 Sequenti
424 1769 476 1830 die
501 1771 616 1833 iterum
638 1791 710 1833 eum
733 1771 985 1852 inebriaverunt,
1007 1745 1038 1830 et
1061 1778 1156 1831 noete
1173 1770 1290 1860 junior¹

107 1873 151 1936 ed
175 1893 247 1936 eum
270 1877 377 1956 uenit,
400 1890 472 1936 cum
495 1893 559 1956 quo
580 1876 676 1936 etiem
698 1876 878 1956 concubuit,
900 1892 984 1955 quoe
1005 1881 1037 1936 et
1059 1873 1178 1936 foetum
1200 1855 1281 1938 con·

109 1981 207 2060 cepit.
243 1978 391 2062 Cumque
411 1977 578 2070 impletum
600 1988 688 2041 esset
710 1967 836 2062 ternpus
858 1976 1012 2060 pariendi,
1033 1979 1158 2059 peperit
1171 1981 1282 2070 'prime

110 2082 232 2163 filium,
265 2099 361 2163 quem
393 2082 524 2142 vocavit
558 2081 673 2166 Moab,
705 2081 850 2144 secunde
883 2082 980 2142 etiem
1011 2085 1136 2163 peperit
1169 2082 1280 2166 filium,

111 2205 209 2270 quem
231 2185 361 2247 vocavit
383 2184 532 2246 Ammon.
555 2184 606 2249 De
622 2189 679 2250 bis
703 2187 828 2251 dnobus
850 2184 928 2247 filiis
951 2183 1090 2246 diffusae
1103 2192 1179 2247 sunt
1200 2185 1281 2247 duee

114 2307 254 2371 magnae
275 2297 409 2373 gentes,
443 2287 623 2370 dequibus
652 2289 789 2352 habetur
815 2288 940 2356 ,Genes
972 2276 1062 2371 XIX,
1084 2299 1116 2352 et
1137 2291 1170 2352 in
1195 2290 1281 2352 serie

116 2412 231 2456 socree
244 2391 434 2475 Scripturee
453 2394 660 2457 nominentur
682 2396 824 2476 saepius.
856 2397 953 2472 Hunc
975 2404 1113 2458 montem
1135 2395 1177 2458 ed
1197 2395 1281 2457 letus

117 2499 305 2594 habuimus,
334 2507 365 2570 ct
399 2497 536 2571 dominis
566 2501 748 2582 peregrinis
780 2500 900 2576 fectum
931 2501 1016 2564 Loth
1049 2518 1120 2561 eum
1154 2499 1282 2564 filiabus

116 2604 249 2672 recitavi
271 2621 341 2665 oum
361 2602 570 2684 jocunditate.
597 2601 651 2664 Ad
673 2599 759 2665 eliud
781 2623 859 2668 vero
873 2605 963 2670 letus
984 2614 1109 2670 montes
1132 2601 1289 2682 Queren-

116 2709 203 2774 tiuoe
225 2725 297 2769 oum
320 2707 449 2770 deserto
470 2707 652 2770 Adummim
680 2708 865 2794 habuimus,
888 2709 1067 2794 dequibus
1090 2719 1139 2772 est
1161 2710 1279 2773 dictum

113 2829 230 2894 cupre,
252 2811 401 2901 migeti.
454 2870 458 2880 .
1194 2821 1200 2833 ⁶

190 2961 272 3024 Post
291 2961 453 3048 praedicte
473 2963 671 3045 conjecimus
691 2962 811 3026 oculos.
827 2968 955 3027 nostros
972 2965 1013 3048 ott
1033 2966 1150 3054 iocum,
1163 2966 1196 3052 in
1218 2985 1282 3049 qno
1368 3023 1371 3030 .

119 3067 290 3147 stabamus,
313 3074 344 3127 et
367 3068 484 3130 multos
505 3068 652 3130 cumulos
671 3067 814 3149 lepidu'm
834 3070 878 3130 ibi
898 3079 1027 3134 erectos
1049 3090 1106 3153 per
1126 3065 1282 3133 Sbrroce'-
1371 3067 1373 3072 ’

120 3189 175 3232 nos
194 3167 351 3254 vidimus,
375 3181 409 3234 ut
430 3172 500 3234 dixi
515 3154 677 3254 inim,
706 3173 747 3234 A.
791 3175 884 3254 Ipsos
907 3182 1012 3236 autem
1042 3175 1187 3238 cumulos
1217 3176 1280 3236 eri-

120 3285 194 3358 gunt
216 3273 417 3337 Sarraceni
408 3291 441 3335 ιιι
460 3273 591 3354 Moysis
612 3276 776 3360 honorem,
796 3277 873 3360 quic
892 3279 936 3341 ibi
958 3278 1285 3348 determinetmvide-

121 3389 168 3442 tur
204 3397 296 3442 mons
339 3379 493 3460 Abyrim,
542 3387 576 3440 et
622 3390 738 3444 vertex
779 3380 923 3464 Phesce,
966 3385 1001 3446 in
1041 3400 1105 3468 quo
1145 3385 1282 3467 Moyses

110 3483 391 3571 ¹contemplabatur
406 3483 643 3547 hoereditatem
664 3485 823 3567 Domini,
831 3496 866 3549 ut
887 3496 975 3571 petet
997 3489 1054 3552 soi.
1072 3489 1145 3552 243.
1156 3490 1283 3571 Prop-

123 3597 168 3650 ter
185 3589 247 3652 hoc
260 3589 400 3674 iactum,
424 3589 552 3672 quando
575 3587 778 3651 Sorrooeoi
768 3609 802 3653 ιιι
822 3591 909 3654 huno
928 3592 1033 3655 locum
1054 3595 1200 3676 veniunt,
1222 3611 1284 3656 cn·

123 3692 219 3755 mulos
240 3695 398 3782 erigunt,
420 3702 452 3756 et
474 3695 746 3778 contrementem
762 3769 764 3774 Ι
779 3697 871 3758 orent
904 3696 999 3775 flexis
1024 3699 1184 3780 genubus.
1209 3695 1283 3778 ¹Sic

124 3798 209 3880 etiem
225 3795 403 3860 Christiani
425 3798 557 3880 faciunt,
581 3797 708 3898 quondo
731 3816 751 3859 e
772 3797 868 3880 longe
889 3799 993 3863 locum
1012 3795 1153 3885 'aliquem
1175 3799 1284 3872 indui-

124 3902 296 3988 genuorum
319 3901 434 3964 videre
459 3905 607 3986 possunt,
624 3919 739 3965 ornees
761 3903 899 3985 erigunt·
909 3913 942 3968 et
963 3906 1105 3988 lepidum
1126 3904 1282 3969 cumulos.

97 4001 191 4084 Non
198 4003 321 4087 longe
347 4007 395 4068 eb
410 4007 484 4069 istis
520 3993 656 4070 cumulis
686 4004 835 4068 vidimus
857 4025 954 4071 ιιιιιιιιι
986 4010 1081 4072 sltem
1108 4020 1161 4073 et
1157 4013 1285 4097 no'vem

128 4073 315 4188 pyramidem
339 4119 512 4193 merrtem,
539 4111 601 4174 sob
632 4128 697 4195 que
718 4111 891 4174 Serreceni
918 4116 1115 4178 mentiuntur
1145 4086 1285 4196 Moysen

128 4225 194 4272 esse
214 4207 388 4297 sepultum,
415 4214 501 4298 qood
523 4221 572 4278 est
595 4223 708 4279 contre
730 4232 885 4281 cononem
897 4215 1034 4302 Biblieb,
1042 4218 1286 4333 Deuteronomii

129 4314 240 4378 obtimo.
338 4331 350 4352 ι
920 4341 923 4346 “
