2926 5050
108 647 112 661 ·
185 625 334 693 venimus
360 621 402 688 ad
429 619 589 707 quandam
617 621 790 688 ecclesiam
819 623 1007 708 pulchram,
1040 607 1092 687 cni
1126 624 1367 690 monasterinm

185 747 320 815 parvum
342 735 394 792 est
415 745 576 792 annexum
583 773 594 811 ,
624 729 658 791 in
688 747 753 813 qno
774 727 920 794 habitant
942 729 1102 814 Georgius
1112 730 1271 800 monachi
1294 746 1366 792 cnm

185 836 340 900 uxoribus
357 831 436 896 onir.
458 834 603 916 ingressi
623 841 731 895 antem
752 833 924 898 eeclesiam
944 833 1032 901 ducti
1054 834 1173 897 fuimns
1192 833 1241 896 ad
1264 833 1367 895 altare

186 938 291 1021 majus
298 983 308 1022 ,
337 933 423 1020 quod
444 937 547 1000 altare
573 935 688 1000 dicitnr
718 939 752 998 ln
783 955 822 1000 eo
852 937 924 1002 loco
957 942 1074 1022 sitnm,
1110 941 1143 1001 in
1173 955 1245 1022 quo
1280 937 1367 1018 stips

186 1051 320 1107 sanctae
340 1043 448 1106 crucis
469 1040 582 1106 crevit.
605 1039 683 1103 ldeo
705 1040 802 1104 etiam
824 1043 967 1106 ecclesia
986 1046 1021 1106 in
1042 1045 1195 1107 honorem
1219 1045 1368 1105 sanetae

186 1149 292 1214 crucis
314 1155 366 1210 est
382 1151 574 1210 consecrata
612 1152 646 1208 et
677 1143 796 1220 dicitnr
825 1143 867 1207 ad
898 1153 1046 1210 sanctam
1069 1165 1208 1211 erucem.
1259 1145 1367 1208 Porro

184 1254 246 1319 sub
265 1253 359 1316 altari
379 1259 431 1314 ast
453 1250 560 1331 lovea,
584 1247 618 1311 iu
639 1266 733 1332 quam
755 1265 817 1312 nos
837 1250 1074 1342 inclinavimus,
1097 1263 1131 1316 et
1151 1261 1278 1314 terram
1304 1249 1367 1339 de·

185 1358 323 1424 osculati
353 1370 465 1418 sumtus
502 1361 535 1416 et
572 1351 800 1436 indulgentias
826 1352 907 1436 (††)
953 1355 1118 1440 plenariae
1155 1355 1367 1420 remissionis
1437 1391 1438 1394 =

186 1465 384 1547 accepimus.

267 1568 318 1630 De
337 1567 537 1648 ipsaautcm
558 1562 657 1626 lovea
685 1563 923 1649 recreavimus,
959 1565 1050 1649 [nam
1073 1583 1115 1626 ex
1138 1561 1194 1644 ea]
1217 1562 1372 1645 respirat,

188 1671 283 1754 odor,
306 1688 371 1755 qno
391 1665 499 1733 allecti
521 1666 642 1730 diutius
663 1665 697 1728 in
718 1665 782 1729 loci
801 1665 1042 1730 deosculatione
1060 1669 1252 1731 mansimus.
1287 1667 1364 1746 Ap-
1437 1709 1438 1726 2

184 1775 395 1856 portaverunt
414 1773 510 1833 etiam
533 1772 626 1834 nobis
649 1771 813 1834 brachium
834 1769 871 1839 S.
897 1772 1077 1853 Barbarae,
1099 1770 1363 1852 qnodrdeoscn-

185 1876 244 1954 lati
265 1890 386 1938 sumum.
427 1875 493 1938 Hic
514 1883 565 1937 est
587 1874 679 1938 leone
700 1874 756 1936 ille
776 1873 981 1960 benedictus,
1003 1894 1045 1940 ex
1066 1893 1130 1958 quc
1150 1877 1254 1938 crevit
1279 1872 1362 1937 illud

188 1979 285 2043 dulce
313 1978 453 2062 lignum,
495 1978 617 2042 bonore
650 1978 830 2041 divinitatis
861 1977 1013 2060 dignum,
1051 1977 1138 2060 qnod
1169 1980 1363 2042 nescientes

186 2091 315 2148 veteres
336 2080 682 2166 idololatraongnrate
701 2081 966 2164 praefiguramus
985 2083 1070 2144 Nam
1093 2100 1166 2145 cnm
1189 2083 1279 2164 apud
1303 2097 1361 2144 eos

186 2188 349 2252 decretum
375 2195 465 2249 esset
486 2187 556 2251 Deo
578 2187 688 2250 facere
705 2173 929 2270 simulacrum,
963 2195 1114 2250 accurate
1144 2188 1273 2250 ratione
1296 2187 1362 2250 hoc

185 2292 389 2356 simulacrum
421 2291 540 2356 debere
576 2291 648 2354 fleri
675 2308 740 2353 non
762 2309 804 2355 ex
826 2309 920 2373 auro,
952 2309 1015 2354 uec
1035 2299 1186 2374 orgeolo,
1228 2309 1295 2354 nec
1319 2288 1361 2352 de
1435 2293 1436 2296 ’

185 2396 308 2480 lapide,
330 2393 391 2458 sed
412 2413 454 2458 ex
475 2397 579 2480 ligno,
604 2405 767 2478 tamqnam
800 2414 842 2458 ex
864 2396 1173 2459 convenientissima
1207 2397 1358 2476 materia,

188 2509 224 2563 ut
244 2499 343 2563 babet
361 2498 523 2563 Eusebius
541 2500 583 2563 de
603 2498 761 2580 Evangel.
783 2501 971 2582 Praeparat.
995 2499 1015 2560 l.
1037 2501 1067 2564 s.
1091 2518 1120 2563 c.
1141 2499 1174 2563 3.
1361 2571 1365 2578 ,

273 2601 355 2664 Post
376 2600 551 2662 orationem
575 2603 611 2663 in
631 2603 712 2664 atrio
734 2603 893 2667 ecclesiae
914 2603 1120 2667 consedimus
1146 2600 1187 2664 ad
1208 2619 1358 2684 pansan-

190 2705 265 2770 dum
293 2703 475 2788 paululum,
504 2721 633 2767 eramus
658 2706 742 2768 enim
772 2708 877 2771 adhuc
900 2707 1019 2792 jejuni,
1051 2717 1085 2770 et
1111 2706 1200 2770 calor
1230 2707 1356 2789 incepit

189 2810 383 2884 fervescere,
402 2807 501 2890 aliqui
526 2817 632 2870 antem
655 2807 696 2870 de
715 2813 895 2894 peregrinis
916 2813 1056 2894 ingressi
1078 2811 1205 2893 tuguria
1225 2810 1356 2874 illorum

189 2913 416 2977 monachornm
437 2913 606 2996 petebant,
628 2913 657 2975 si
683 2913 839 2978 haberent
864 2916 984 2999 aliquid
1006 2911 1160 2978 coctnml
1192 2913 1259 2977 Sed
1291 2932 1356 2977 nee
1437 2981 1438 2984 ,

189 3017 344 3101 coquinas
368 3035 430 3080 nec
463 3017 544 3080 ollas
571 3018 712 3082 vidimus
742 3018 775 3080 in
806 3021 881 3082 istis
912 3019 1127 3102 domunculis,
1161 3028 1237 3082 sunt
1266 3021 1354 3081 enim

188 3123 381 3208 pauperrimi
398 3123 553 3187 homines.
576 3125 705 3187 Interea
725 3124 814 3187 veuit
836 3124 963 3206 qnidam
977 3124 1185 3205 Sarracenns,
1209 3133 1354 3206 sportam

189 3239 321 3312 portans
339 3247 411 3292 cnm
432 3228 551 3313 botris,
572 3227 614 3291 de
635 3229 751 3313 quibus
773 3229 908 3292 emimus
929 3238 961 3291 et
983 3227 1248 3290 manducavimus
1277 3245 1353 3292 cum
1375 3284 1380 3302 q

187 3351 287 3416 panc,
308 3352 405 3416 quem
426 3334 460 3397 in
481 3333 622 3399 sacculis
648 3335 815 3397 nobiscnm
845 3334 1061 3416 portavimus,
1093 3339 1126 3394 et
1148 3333 1189 3396 de
1210 3333 1353 3396 cisterna

189 3437 413 3498 monachornm
432 3455 534 3520 aquas
552 3437 728 3500 hausimus,

204 3589 206 3598 ,
272 3539 374 3602 Juxta
393 3539 481 3601 hune
502 3540 606 3602 locum
628 3547 716 3602 stant
738 3539 856 3604 multae
877 3543 1000 3624 olivae,
1028 3550 1062 3604 et
1083 3549 1132 3604 est
1153 3541 1248 3625 qnasi
1267 3538 1358 3626 silva

190 3641 350 3706 olivarum.
365 3651 398 3705 et
419 3641 561 3704 ficorum.
584 3671 587 3680 =
606 3641 727 3704 Dicunt
748 3651 869 3726 antem,
900 3647 985 3729 qnod
1017 3647 1113 3710 etiam
1134 3646 1168 3709 in
1189 3646 1251 3708 boc
1280 3643 1358 3710 loco,

190 3745 343 3808 Salomon
357 3744 552 3824 ¹viridarium
570 3745 726 3828 habuerit,
741 3746 782 3809 ad
804 3747 890 3829 qnod
903 3750 1096 3834 quandoque
1117 3749 1158 3812 de
1167 3746 1352 3812 Jerusalem

190 3858 423 3928 vectnsanreo
446 3867 540 3912 curru
560 3869 619 3933 pro
639 3850 754 3915 solatio
779 3854 913 3916 venerit.
946 3853 1029 3918 Cum
1051 3871 1129 3937 ergo
1151 3852 1352 3934 respirasse-

189 3971 262 4017 mus
269 3999 288 4037 ‚.
301 3955 455 4024 ascensis
482 3956 583 4016 asinis
605 3974 663 4037 per
683 3955 803 4018 olivum
824 3957 858 4018 in
880 3957 979 4019 altum
1011 3956 1232 4039 ascendimus,
1264 3955 1354 4028 viam

189 4074 341 4139 saxosam
373 4067 406 4121 ot
437 4075 604 4141 asperam,
632 4070 665 4125 ct
690 4063 734 4131 ,ln
759 4061 979 4145 superioribus
1012 4060 1152 4124 vidimus
1173 4060 1350 4125 civitatem

188 4169 378 4226 sanotama
399 4162 499 4242 „nobis
521 4162 714 4249 distantem,
743 4174 776 4228 et
798 4165 926 4229 domum
948 4163 1124 4228 Simeonisn
1137 4163 1350 4246 pertransivi-

188 4283 260 4330 mus
281 4285 340 4349 per
369 4267 442 4330 vias
474 4267 559 4330 inter.
588 4268 752 4334 hortorum
783 4271 949 4334 macerias.
993 4269 1046 4330 lu„
1062 4287 1239 4352 progressu
1255 4287 1349 4332 uero

186 4370 510 4454 appropinquantibus
531 4371 623 4435 nobis
640 4372 824 4434 Jernsulem
844 4373 1036 4434 intravimus
1058 4373 1166 4434 vicum
1189 4371 1348 4455 quendam
1437 4447 1438 4454 ἵ

187 4472 272 4534 inter
292 4472 464 4553 mawrias,
484 4473 585 4536 latum
611 4474 817 4552 praebentem
839 4473 918 4553 iter,
941 4475 1052 4535 nescio
1075 4480 1192 4556 autom,
1219 4494 1282 4558 qna
1309 4475 1349 4537 de
