<?xml version="1.0" encoding="UTF-8"?>
<!DOCTYPE html PUBLIC "-//W3C//DTD XHTML 1.0 Transitional//EN"
    "http://www.w3.org/TR/xhtml1/DTD/xhtml1-transitional.dtd">
<html xmlns="http://www.w3.org/1999/xhtml" xml:lang="en" lang="en">
 <head>
  <title>
</title>
<meta http-equiv="Content-Type" content="text/html;charset=utf-8" />
  <meta name='ocr-system' content='tesseract 3.04.00' />
  <meta name='ocr-capabilities' content='ocr_page ocr_carea ocr_par ocr_line ocrx_word'/>
</head>
<body>
  <div class='ocr_page' id='page_1' title='image "./fratrisfelicisf02fabrgoog_0185.png"; bbox 0 0 2954 4914; ppageno 0'>
   <div class='ocr_carea' id='block_1_1' title="bbox 728 219 790 328">
    <p class='ocr_par' dir='ltr' id='par_1_1' title="bbox 728 219 790 328">
     <span class='ocr_line' id='line_1_1' title="bbox 728 219 790 328; baseline 0.016 -43"><span class='ocrx_word' id='word_1_1' title='bbox 728 219 790 328; x_wconf 64' lang='lat' dir='ltr'>ill</span> 
     </span>
    </p>
   </div>
   <div class='ocr_carea' id='block_1_2' title="bbox 92 399 1455 4354">
    <p class='ocr_par' dir='ltr' id='par_1_2' title="bbox 145 399 1455 1838">
     <span class='ocr_line' id='line_1_2' title="bbox 177 399 1374 490; baseline -0.004 -22"><span class='ocrx_word' id='word_1_2' title='bbox 177 407 322 490; x_wconf 72' lang='lat' dir='ltr'>gnvtter</span> <span class='ocrx_word' id='word_1_3' title='bbox 338 401 535 487; x_wconf 48' lang='lat' dir='ltr'>punitenisi</span> <span class='ocrx_word' id='word_1_4' title='bbox 546 399 912 466; x_wconf 62' lang='lat' dir='ltr'>wintoniensem</span> <span class='ocrx_word' id='word_1_5' title='bbox 936 409 1139 484; x_wconf 51' lang='lat' dir='ltr'>molentum,</span> <span class='ocrx_word' id='word_1_6' title='bbox 1146 402 1374 485; x_wconf 82' lang='lat' dir='ltr'>prohibentis</span> 
     </span>
     <span class='ocr_line' id='line_1_3' title="bbox 145 504 1371 598; baseline -0.007 -22"><span class='ocrx_word' id='word_1_7' title='bbox 145 511 401 598; x_wconf 5' lang='lat' dir='ltr'>prosperrimi,</span> <span class='ocrx_word' id='word_1_8' title='bbox 429 524 503 570; x_wconf 81' lang='lat' dir='ltr'>uam</span> <span class='ocrx_word' id='word_1_9' title='bbox 532 506 631 571; x_wconf 81' lang='lat' dir='ltr'>valde</span> <span class='ocrx_word' id='word_1_10' title='bbox 650 505 757 569; x_wconf 70' lang='lat' dir='ltr'>&#39;doluit</span> <span class='ocrx_word' id='word_1_11' title='bbox 791 505 834 568; x_wconf 85' lang='lat' dir='ltr'>de</span> <span class='ocrx_word' id='word_1_12' title='bbox 864 504 1028 570; x_wconf 75' lang='lat' dir='ltr'>Sodomae</span> <span class='ocrx_word' id='word_1_13' title='bbox 1058 508 1299 590; x_wconf 74' lang='lat' dir='ltr'>subversione,</span> <span class='ocrx_word' id='word_1_14' title='bbox 1334 518 1371 569; x_wconf 88' lang='lat' dir='ltr'>et</span> 
     </span>
     <span class='ocr_line' id='line_1_4' title="bbox 177 597 1454 697; baseline -0.004 -18"><span class='ocrx_word' id='word_1_15' title='bbox 177 616 287 697; x_wconf 83' lang='lat' dir='ltr'>impiis</span> <span class='ocrx_word' id='word_1_16' title='bbox 317 597 529 696; x_wconf 83' lang='lat' dir='ltr'>compatiens.</span> <span class='ocrx_word' id='word_1_17' title='bbox 555 621 668 675; x_wconf 81' lang='lat' dir='ltr'>contre</span> <span class='ocrx_word' id='word_1_18' title='bbox 697 610 803 674; x_wconf 90' lang='lat' dir='ltr'>Deum</span> <span class='ocrx_word' id='word_1_19' title='bbox 834 612 1006 693; x_wconf 71' lang='lat' dir='ltr'><strong>impatiens</strong></span> <span class='ocrx_word' id='word_1_20' title='bbox 1034 620 1121 694; x_wconf 80' lang='lat' dir='ltr'>eret,</span> <span class='ocrx_word' id='word_1_21' title='bbox 1162 621 1196 674; x_wconf 91' lang='lat' dir='ltr'>et</span> <span class='ocrx_word' id='word_1_22' title='bbox 1231 611 1371 674; x_wconf 87' lang='lat' dir='ltr'>videns</span> <span class='ocrx_word' id='word_1_23' title='bbox 1453 623 1454 634; x_wconf 56' lang='lat'>*</span> 
     </span>
     <span class='ocr_line' id='line_1_5' title="bbox 180 711 1455 810; baseline 0 -30"><span class='ocrx_word' id='word_1_24' title='bbox 180 719 288 802; x_wconf 75' lang='lat' dir='ltr'>ignem</span> <span class='ocrx_word' id='word_1_25' title='bbox 310 717 372 780; x_wconf 88' lang='lat' dir='ltr'>Dei</span> <span class='ocrx_word' id='word_1_26' title='bbox 389 711 547 799; x_wconf 68' lang='lat' dir='ltr'>justitiam</span> <span class='ocrx_word' id='word_1_27' title='bbox 569 715 725 798; x_wconf 81' lang='lat' dir='ltr'>arguebat</span> <span class='ocrx_word' id='word_1_28' title='bbox 756 724 789 778; x_wconf 91' lang='lat' dir='ltr'>et</span> <span class='ocrx_word' id='word_1_29' title='bbox 809 715 1062 798; x_wconf 82' lang='lat' dir='ltr'>blasphemabat.</span> <span class='ocrx_word' id='word_1_30' title='bbox 1092 717 1136 778; x_wconf 79' lang='lat' dir='ltr'>Db</span> <span class='ocrx_word' id='word_1_31' title='bbox 1155 717 1217 780; x_wconf 90' lang='lat' dir='ltr'>boc</span> <span class='ocrx_word' id='word_1_32' title='bbox 1240 717 1370 780; x_wconf 77' lang='lat' dir='ltr'>Abra·</span> <span class='ocrx_word' id='word_1_33' title='bbox 1454 787 1455 810; x_wconf 14' lang='grc' dir='ltr'>χ</span> 
     </span>
     <span class='ocr_line' id='line_1_6' title="bbox 180 815 1455 918; baseline -0.005 -29"><span class='ocrx_word' id='word_1_34' title='bbox 180 824 255 889; x_wconf 90' lang='lat' dir='ltr'>bam</span> <span class='ocrx_word' id='word_1_35' title='bbox 277 841 342 887; x_wconf 94' lang='lat' dir='ltr'>non</span> <span class='ocrx_word' id='word_1_36' title='bbox 365 822 451 886; x_wconf 86' lang='lat' dir='ltr'>lecit.</span> <span class='ocrx_word' id='word_1_37' title='bbox 482 819 550 884; x_wconf 83' lang='lat' dir='ltr'>Sed</span> <span class='ocrx_word' id='word_1_38' title='bbox 571 837 673 903; x_wconf 86' lang='lat' dir='ltr'>quare</span> <span class='ocrx_word' id='word_1_39' title='bbox 693 820 801 902; x_wconf 87' lang='lat' dir='ltr'>potius</span> <span class='ocrx_word' id='word_1_40' title='bbox 821 821 855 882; x_wconf 88' lang='lat' dir='ltr'>in</span> <span class='ocrx_word' id='word_1_41' title='bbox 874 828 1015 918; x_wconf 60' lang='lat' dir='ltr'>statuam</span> <span class='ocrx_word' id='word_1_42' title='bbox 1036 819 1116 882; x_wconf 87' lang='lat' dir='ltr'>salis</span> <span class='ocrx_word' id='word_1_43' title='bbox 1133 829 1186 885; x_wconf 83' lang='lat' dir='ltr'>est</span> <span class='ocrx_word' id='word_1_44' title='bbox 1207 840 1369 884; x_wconf 83' lang='lat' dir='ltr'>eonver—</span> <span class='ocrx_word' id='word_1_45' title='bbox 1454 815 1455 828; x_wconf 57' lang='lat'>¹</span> 
     </span>
     <span class='ocr_line' id='line_1_7' title="bbox 178 919 1369 1011; baseline -0.005 -19"><span class='ocrx_word' id='word_1_46' title='bbox 178 945 236 1010; x_wconf 85' lang='lat' dir='ltr'>sa,</span> <span class='ocrx_word' id='word_1_47' title='bbox 261 945 357 1011; x_wconf 85' lang='lat' dir='ltr'>quam</span> <span class='ocrx_word' id='word_1_48' title='bbox 379 930 413 988; x_wconf 91' lang='lat' dir='ltr'>in</span> <span class='ocrx_word' id='word_1_49' title='bbox 434 919 532 987; x_wconf 81' lang='lat' dir='ltr'>sliam</span> <span class='ocrx_word' id='word_1_50' title='bbox 551 922 721 1007; x_wconf 74' lang='lat' dir='ltr'>speeiemll</span> <span class='ocrx_word' id='word_1_51' title='bbox 747 924 872 986; x_wconf 89' lang='lat' dir='ltr'>Dicunt</span> <span class='ocrx_word' id='word_1_52' title='bbox 892 925 1028 1006; x_wconf 78' lang='lat' dir='ltr'>Ebraei,</span> <span class='ocrx_word' id='word_1_53' title='bbox 1050 923 1136 1008; x_wconf 86' lang='lat' dir='ltr'>qnod</span> <span class='ocrx_word' id='word_1_54' title='bbox 1158 924 1281 987; x_wconf 82' lang='lat' dir='ltr'>mulier</span> <span class='ocrx_word' id='word_1_55' title='bbox 1300 925 1369 988; x_wconf 80' lang='lat' dir='ltr'>illa</span> 
     </span>
     <span class='ocr_line' id='line_1_8' title="bbox 182 997 1368 1115; baseline -0.004 -19"><span class='ocrx_word' id='word_1_56' title='bbox 182 1041 279 1096; x_wconf 86' lang='lat' dir='ltr'>nocte</span> <span class='ocrx_word' id='word_1_57' title='bbox 312 1030 520 1115; x_wconf 81' lang='lat' dir='ltr'>preeccdenti</span> <span class='ocrx_word' id='word_1_58' title='bbox 548 1028 731 1111; x_wconf 85' lang='lat' dir='ltr'>peccaverit</span> <span class='ocrx_word' id='word_1_59' title='bbox 744 997 794 1090; x_wconf 60' lang='lat' dir='ltr'>&#39;in</span> <span class='ocrx_word' id='word_1_60' title='bbox 818 1027 906 1109; x_wconf 87' lang='lat' dir='ltr'>sale,</span> <span class='ocrx_word' id='word_1_61' title='bbox 939 1039 972 1107; x_wconf 67' lang='lat' dir='ltr'>et</span> <span class='ocrx_word' id='word_1_62' title='bbox 990 1031 1040 1092; x_wconf 89' lang='lat' dir='ltr'>sie</span> <span class='ocrx_word' id='word_1_63' title='bbox 1071 1032 1183 1112; x_wconf 84' lang='lat' dir='ltr'>punite</span> <span class='ocrx_word' id='word_1_64' title='bbox 1210 1029 1293 1112; x_wconf 80' lang='lat' dir='ltr'>luit,</span> <span class='ocrx_word' id='word_1_65' title='bbox 1325 1039 1368 1092; x_wconf 90' lang='lat' dir='ltr'>ut</span> 
     </span>
     <span class='ocr_line' id='line_1_9' title="bbox 183 1131 1367 1220; baseline -0.004 -20"><span class='ocrx_word' id='word_1_66' title='bbox 183 1155 288 1220; x_wconf 80' lang='lat' dir='ltr'>poeno</span> <span class='ocrx_word' id='word_1_67' title='bbox 310 1132 575 1217; x_wconf 78' lang='lat' dir='ltr'>corresponderet</span> <span class='ocrx_word' id='word_1_68' title='bbox 596 1131 722 1215; x_wconf 87' lang='lat' dir='ltr'>cnlpae.</span> <span class='ocrx_word' id='word_1_69' title='bbox 751 1133 852 1198; x_wconf 81' lang='grc' dir='ltr'>’Νιιιι</span> <span class='ocrx_word' id='word_1_70' title='bbox 873 1151 946 1196; x_wconf 92' lang='lat' dir='ltr'>cnm</span> <span class='ocrx_word' id='word_1_71' title='bbox 962 1209 964 1216; x_wconf 29' lang='grc' dir='ltr'>Ι</span> <span class='ocrx_word' id='word_1_72' title='bbox 978 1135 1064 1198; x_wconf 76' lang='lat' dir='ltr'>Loth</span> <span class='ocrx_word' id='word_1_73' title='bbox 1085 1134 1236 1216; x_wconf 80' lang='lat' dir='ltr'>angelos,</span> <span class='ocrx_word' id='word_1_74' title='bbox 1271 1151 1367 1215; x_wconf 86' lang='lat' dir='ltr'>qnos</span> 
     </span>
     <span class='ocr_line' id='line_1_10' title="bbox 183 1225 1365 1326; baseline -0.004 -22"><span class='ocrx_word' id='word_1_75' title='bbox 183 1241 310 1326; x_wconf 88' lang='lat' dir='ltr'>putavit</span> <span class='ocrx_word' id='word_1_76' title='bbox 341 1256 417 1302; x_wconf 87' lang='lat' dir='ltr'>esse</span> <span class='ocrx_word' id='word_1_77' title='bbox 437 1225 603 1320; x_wconf 83' lang='lat' dir='ltr'>homines,</span> <span class='ocrx_word' id='word_1_78' title='bbox 634 1239 669 1299; x_wconf 93' lang='lat' dir='ltr'>in</span> <span class='ocrx_word' id='word_1_79' title='bbox 691 1237 817 1299; x_wconf 88' lang='lat' dir='ltr'>domum</span> <span class='ocrx_word' id='word_1_80' title='bbox 846 1227 938 1300; x_wconf 85' lang='lat' dir='ltr'>snam</span> <span class='ocrx_word' id='word_1_81' title='bbox 970 1236 1219 1319; x_wconf 71' lang='lat' dir='ltr'>introduxisset,</span> <span class='ocrx_word' id='word_1_82' title='bbox 1247 1225 1365 1300; x_wconf 75' lang='lat' dir='ltr'>ereis</span> 
     </span>
     <span class='ocr_line' id='line_1_11' title="bbox 184 1339 1394 1426; baseline 0 -19"><span class='ocrx_word' id='word_1_83' title='bbox 184 1347 291 1408; x_wconf 87' lang='lat' dir='ltr'>cibum</span> <span class='ocrx_word' id='word_1_84' title='bbox 312 1350 452 1426; x_wconf 87' lang='lat' dir='ltr'>pararet,</span> <span class='ocrx_word' id='word_1_85' title='bbox 473 1351 509 1404; x_wconf 91' lang='lat' dir='ltr'>ut</span> <span class='ocrx_word' id='word_1_86' title='bbox 528 1339 800 1406; x_wconf 83' lang='lat' dir='ltr'>bebetanenes.</span> <span class='ocrx_word' id='word_1_87' title='bbox 825 1342 885 1424; x_wconf 81' lang='lat' dir='ltr'>tu,</span> <span class='ocrx_word' id='word_1_88' title='bbox 906 1344 1021 1425; x_wconf 88' lang='lat' dir='ltr'>petivit</span> <span class='ocrx_word' id='word_1_89' title='bbox 1039 1345 1079 1405; x_wconf 83' lang='lat' dir='ltr'>sb</span> <span class='ocrx_word' id='word_1_90' title='bbox 1094 1357 1200 1412; x_wconf 85' lang='lat' dir='ltr'>,uxore</span> <span class='ocrx_word' id='word_1_91' title='bbox 1221 1343 1274 1404; x_wconf 86' lang='lat' dir='ltr'>sal</span> <span class='ocrx_word' id='word_1_92' title='bbox 1299 1363 1363 1424; x_wconf 91' lang='lat' dir='ltr'>pro</span> <span class='ocrx_word' id='word_1_93' title='bbox 1391 1401 1394 1407; x_wconf 88' lang='lat'><em>.</em></span> 
     </span>
     <span class='ocr_line' id='line_1_12' title="bbox 185 1446 1364 1538; baseline -0.001 -27"><span class='ocrx_word' id='word_1_94' title='bbox 185 1447 387 1511; x_wconf 86' lang='lat' dir='ltr'>condimento</span> <span class='ocrx_word' id='word_1_95' title='bbox 409 1446 472 1509; x_wconf 91' lang='lat' dir='ltr'>cibi</span> <span class='ocrx_word' id='word_1_96' title='bbox 492 1446 655 1538; x_wconf 82' lang='lat' dir='ltr'>bospitum</span> <span class='ocrx_word' id='word_1_97' title='bbox 677 1464 826 1527; x_wconf 82' lang='lat' dir='ltr'>snorum3</span> <span class='ocrx_word' id='word_1_98' title='bbox 858 1447 931 1536; x_wconf 79' lang='lat' dir='ltr'>ipse</span> <span class='ocrx_word' id='word_1_99' title='bbox 951 1465 1049 1530; x_wconf 92' lang='lat' dir='ltr'>vero,</span> <span class='ocrx_word' id='word_1_100' title='bbox 1083 1449 1169 1510; x_wconf 76' lang='lat' dir='ltr'>sicin</span> <span class='ocrx_word' id='word_1_101' title='bbox 1189 1455 1228 1509; x_wconf 82' lang='lat' dir='ltr'>et</span> <span class='ocrx_word' id='word_1_102' title='bbox 1243 1447 1364 1510; x_wconf 93' lang='lat' dir='ltr'>Sodo-</span> 
     </span>
     <span class='ocr_line' id='line_1_13' title="bbox 186 1548 1363 1638; baseline -0.003 -22"><span class='ocrx_word' id='word_1_103' title='bbox 186 1553 305 1636; x_wconf 89' lang='lat' dir='ltr'>mitae,</span> <span class='ocrx_word' id='word_1_104' title='bbox 322 1551 443 1628; x_wconf 85' lang='lat' dir='ltr'>nullum</span> <span class='ocrx_word' id='word_1_105' title='bbox 465 1548 616 1612; x_wconf 87' lang='lat' dir='ltr'>affectum</span> <span class='ocrx_word' id='word_1_106' title='bbox 635 1548 692 1614; x_wconf 82' lang='lat' dir='ltr'>&#39;ed</span> <span class='ocrx_word' id='word_1_107' title='bbox 713 1552 858 1633; x_wconf 82' lang='lat' dir='ltr'>hospites</span> <span class='ocrx_word' id='word_1_108' title='bbox 879 1552 1038 1634; x_wconf 75' lang='lat' dir='ltr'>habebnt,</span> <span class='ocrx_word' id='word_1_109' title='bbox 1063 1559 1100 1615; x_wconf 89' lang='lat' dir='ltr'>nt</span> <span class='ocrx_word' id='word_1_110' title='bbox 1121 1552 1272 1638; x_wconf 76' lang='lat' dir='ltr'>superins</span> <span class='ocrx_word' id='word_1_111' title='bbox 1296 1559 1363 1634; x_wconf 50' lang='lat' dir='ltr'>pa&amp;-</span> 
     </span>
     <span class='ocr_line' id='line_1_14' title="bbox 184 1652 1361 1739; baseline -0.003 -19"><span class='ocrx_word' id='word_1_112' title='bbox 184 1658 248 1720; x_wconf 86' lang='lat' dir='ltr'>tuit</span> <span class='ocrx_word' id='word_1_113' title='bbox 269 1657 324 1719; x_wconf 86' lang='lat' dir='ltr'>fol.</span> <span class='ocrx_word' id='word_1_114' title='bbox 348 1655 421 1720; x_wconf 76' lang='lat'>240.</span> <span class='ocrx_word' id='word_1_115' title='bbox 464 1654 572 1718; x_wconf 66' lang='lat' dir='ltr'>bibita</span> <span class='ocrx_word' id='word_1_116' title='bbox 593 1652 643 1716; x_wconf 83' lang='lat' dir='ltr'>sel</span> <span class='ocrx_word' id='word_1_117' title='bbox 663 1655 734 1718; x_wconf 86' lang='lat' dir='ltr'>viro</span> <span class='ocrx_word' id='word_1_118' title='bbox 756 1665 789 1718; x_wconf 87' lang='lat' dir='ltr'>et</span> <span class='ocrx_word' id='word_1_119' title='bbox 809 1655 990 1737; x_wconf 77' lang='lat' dir='ltr'>hospitibus</span> <span class='ocrx_word' id='word_1_120' title='bbox 1012 1655 1202 1739; x_wconf 73' lang='lat' dir='ltr'>denegabat,</span> <span class='ocrx_word' id='word_1_121' title='bbox 1224 1655 1302 1721; x_wconf 89' lang='lat' dir='ltr'>ideo</span> <span class='ocrx_word' id='word_1_122' title='bbox 1325 1657 1361 1718; x_wconf 90' lang='lat' dir='ltr'>in</span> 
     </span>
     <span class='ocr_line' id='line_1_15' title="bbox 187 1759 943 1838; baseline -0.005 -15"><span class='ocrx_word' id='word_1_123' title='bbox 187 1762 268 1824; x_wconf 88' lang='lat' dir='ltr'>salis</span> <span class='ocrx_word' id='word_1_124' title='bbox 289 1769 428 1824; x_wconf 80' lang='lat' dir='ltr'>stetuem</span> <span class='ocrx_word' id='word_1_125' title='bbox 450 1773 610 1823; x_wconf 84' lang='lat' dir='ltr'>conversa</span> <span class='ocrx_word' id='word_1_126' title='bbox 631 1759 700 1822; x_wconf 87' lang='lat' dir='ltr'>fnit.</span> <span class='ocrx_word' id='word_1_127' title='bbox 940 1831 943 1838; x_wconf 88' lang='lat'><em>.</em></span> 
     </span>
    </p>

    <p class='ocr_par' dir='ltr' id='par_1_3' title="bbox 187 1861 1360 2575">
     <span class='ocr_line' id='line_1_16' title="bbox 271 1861 1360 1948; baseline -0.001 -23"><span class='ocrx_word' id='word_1_128' title='bbox 271 1863 324 1926; x_wconf 89' lang='lat' dir='ltr'>Ad</span> <span class='ocrx_word' id='word_1_129' title='bbox 345 1864 622 1948; x_wconf 71' lang='lat' dir='ltr'>contemplandam</span> <span class='ocrx_word' id='word_1_130' title='bbox 654 1865 740 1927; x_wconf 89' lang='lat' dir='ltr'>banc</span> <span class='ocrx_word' id='word_1_131' title='bbox 773 1861 914 1946; x_wconf 84' lang='lat' dir='ltr'>punitam</span> <span class='ocrx_word' id='word_1_132' title='bbox 945 1864 1110 1928; x_wconf 87' lang='lat' dir='ltr'>mulierem</span> <span class='ocrx_word' id='word_1_133' title='bbox 1138 1869 1226 1942; x_wconf 87' lang='lat' dir='ltr'>(re-)</span> <span class='ocrx_word' id='word_1_134' title='bbox 1260 1863 1360 1926; x_wconf 87' lang='lat' dir='ltr'>mittit</span> 
     </span>
     <span class='ocr_line' id='line_1_17' title="bbox 187 1964 1358 2034; baseline -0.002 -2"><span class='ocrx_word' id='word_1_135' title='bbox 187 1983 247 2032; x_wconf 84' lang='lat' dir='ltr'>nos</span> <span class='ocrx_word' id='word_1_136' title='bbox 290 1968 447 2032; x_wconf 84' lang='lat' dir='ltr'>Dominus</span> <span class='ocrx_word' id='word_1_137' title='bbox 482 1964 592 2031; x_wconf 74' lang='lat' dir='ltr'>buoao</span> <span class='ocrx_word' id='word_1_138' title='bbox 632 1967 681 2033; x_wconf 77' lang='lat'>1⁷.</span> <span class='ocrx_word' id='word_1_139' title='bbox 719 1967 848 2034; x_wconf 75' lang='lat' dir='ltr'>dieenst</span> <span class='ocrx_word' id='word_1_140' title='bbox 890 1967 1054 2031; x_wconf 84' lang='lat' dir='ltr'>Memores</span> <span class='ocrx_word' id='word_1_141' title='bbox 1096 1977 1202 2031; x_wconf 88' lang='lat' dir='ltr'>estote</span> <span class='ocrx_word' id='word_1_142' title='bbox 1243 1968 1358 2030; x_wconf 88' lang='lat' dir='ltr'>uxoris</span> 
     </span>
     <span class='ocr_line' id='line_1_18' title="bbox 187 2071 1360 2156; baseline -0.004 -18"><span class='ocrx_word' id='word_1_143' title='bbox 187 2074 284 2138; x_wconf 79' lang='lat' dir='ltr'>both.</span> <span class='ocrx_word' id='word_1_144' title='bbox 321 2071 556 2150; x_wconf 79' lang='lat' dir='ltr'>Quosidiestr</span> <span class='ocrx_word' id='word_1_145' title='bbox 577 2073 768 2156; x_wconf 78' lang='lat' dir='ltr'>Exemplum</span> <span class='ocrx_word' id='word_1_146' title='bbox 791 2075 832 2134; x_wconf 88' lang='lat' dir='ltr'>ab</span> <span class='ocrx_word' id='word_1_147' title='bbox 854 2089 894 2133; x_wconf 89' lang='lat' dir='ltr'>ea</span> <span class='ocrx_word' id='word_1_148' title='bbox 915 2075 1061 2155; x_wconf 84' lang='lat' dir='ltr'>recipite,</span> <span class='ocrx_word' id='word_1_149' title='bbox 1083 2072 1254 2135; x_wconf 74' lang='lat' dir='ltr'>nonenim</span> <span class='ocrx_word' id='word_1_150' title='bbox 1276 2089 1360 2134; x_wconf 82' lang='lat' dir='ltr'>ceso</span> 
     </span>
     <span class='ocr_line' id='line_1_19' title="bbox 187 2175 1358 2261; baseline -0.003 -19"><span class='ocrx_word' id='word_1_151' title='bbox 187 2181 238 2243; x_wconf 88' lang='lat' dir='ltr'>sie</span> <span class='ocrx_word' id='word_1_152' title='bbox 271 2189 323 2244; x_wconf 87' lang='lat' dir='ltr'>est</span> <span class='ocrx_word' id='word_1_153' title='bbox 352 2182 481 2261; x_wconf 85' lang='lat' dir='ltr'>punita,</span> <span class='ocrx_word' id='word_1_154' title='bbox 513 2177 579 2240; x_wconf 83' lang='lat' dir='ltr'>sed</span> <span class='ocrx_word' id='word_1_155' title='bbox 603 2197 645 2240; x_wconf 85' lang='lat' dir='ltr'>ex</span> <span class='ocrx_word' id='word_1_156' title='bbox 673 2176 838 2260; x_wconf 79' lang='lat' dir='ltr'>proposita</span> <span class='ocrx_word' id='word_1_157' title='bbox 881 2175 992 2239; x_wconf 82' lang='lat' dir='ltr'>divino</span> <span class='ocrx_word' id='word_1_158' title='bbox 1024 2176 1243 2259; x_wconf 73' lang='lat' dir='ltr'>dispositione.</span> <span class='ocrx_word' id='word_1_159' title='bbox 1299 2175 1358 2238; x_wconf 87' lang='lat' dir='ltr'>Sal</span> 
     </span>
     <span class='ocr_line' id='line_1_20' title="bbox 189 2281 1359 2363; baseline -0.004 -16"><span class='ocrx_word' id='word_1_160' title='bbox 189 2287 274 2347; x_wconf 89' lang='lat' dir='ltr'>enim</span> <span class='ocrx_word' id='word_1_161' title='bbox 296 2283 540 2348; x_wconf 81' lang='lat' dir='ltr'>condimentum·</span> <span class='ocrx_word' id='word_1_162' title='bbox 555 2290 605 2342; x_wconf 88' lang='lat' dir='ltr'>est</span> <span class='ocrx_word' id='word_1_163' title='bbox 627 2282 784 2363; x_wconf 86' lang='lat' dir='ltr'>ciborum,</span> <span class='ocrx_word' id='word_1_164' title='bbox 807 2287 841 2342; x_wconf 87' lang='lat' dir='ltr'>et</span> <span class='ocrx_word' id='word_1_165' title='bbox 862 2299 943 2342; x_wconf 83' lang='lat' dir='ltr'>uxor</span> <span class='ocrx_word' id='word_1_166' title='bbox 963 2281 1050 2344; x_wconf 80' lang='lat' dir='ltr'>both</span> <span class='ocrx_word' id='word_1_167' title='bbox 1072 2282 1249 2363; x_wconf 76' lang='lat' dir='ltr'>respiciens</span> <span class='ocrx_word' id='word_1_168' title='bbox 1272 2289 1359 2342; x_wconf 89' lang='lat' dir='ltr'>retro</span> 
     </span>
     <span class='ocr_line' id='line_1_21' title="bbox 188 2382 1356 2467; baseline -0.003 -17"><span class='ocrx_word' id='word_1_169' title='bbox 188 2405 286 2450; x_wconf 85' lang='lat' dir='ltr'>versa</span> <span class='ocrx_word' id='word_1_170' title='bbox 307 2397 357 2450; x_wconf 88' lang='lat' dir='ltr'>est</span> <span class='ocrx_word' id='word_1_171' title='bbox 378 2391 412 2448; x_wconf 88' lang='lat' dir='ltr'>in</span> <span class='ocrx_word' id='word_1_172' title='bbox 439 2395 579 2448; x_wconf 80' lang='lat' dir='ltr'>statuam</span> <span class='ocrx_word' id='word_1_173' title='bbox 601 2385 691 2466; x_wconf 82' lang='lat' dir='ltr'>salis,</span> <span class='ocrx_word' id='word_1_174' title='bbox 712 2385 790 2467; x_wconf 83' lang='lat' dir='ltr'>quie</span> <span class='ocrx_word' id='word_1_175' title='bbox 808 2386 932 2465; x_wconf 89' lang='lat' dir='ltr'>punitio</span> <span class='ocrx_word' id='word_1_176' title='bbox 954 2384 1025 2466; x_wconf 85' lang='lat' dir='ltr'>ejus</span> <span class='ocrx_word' id='word_1_177' title='bbox 1049 2384 1104 2447; x_wconf 85' lang='lat' dir='ltr'>det</span> <span class='ocrx_word' id='word_1_178' title='bbox 1118 2382 1356 2449; x_wconf 88' lang='lat' dir='ltr'>condimentum</span> 
     </span>
     <span class='ocr_line' id='line_1_22' title="bbox 188 2488 1358 2575; baseline -0.003 -20"><span class='ocrx_word' id='word_1_179' title='bbox 188 2494 384 2575; x_wconf 85' lang='lat' dir='ltr'>sapientiae:</span> <span class='ocrx_word' id='word_1_180' title='bbox 424 2491 527 2574; x_wconf 89' lang='lat' dir='ltr'>primo</span> <span class='ocrx_word' id='word_1_181' title='bbox 549 2491 696 2553; x_wconf 87' lang='lat' dir='ltr'>omnibus</span> <span class='ocrx_word' id='word_1_182' title='bbox 724 2488 889 2570; x_wconf 83' lang='lat' dir='ltr'>fidelibus,</span> <span class='ocrx_word' id='word_1_183' title='bbox 921 2499 957 2555; x_wconf 91' lang='lat' dir='ltr'>ut</span> <span class='ocrx_word' id='word_1_184' title='bbox 978 2488 1096 2552; x_wconf 86' lang='lat' dir='ltr'>divinis</span> <span class='ocrx_word' id='word_1_185' title='bbox 1123 2491 1358 2572; x_wconf 88' lang='lat' dir='ltr'>punitionibus,</span> 
     </span>
    </p>

    <p class='ocr_par' dir='ltr' id='par_1_4' title="bbox 92 2577 1438 4354">
     <span class='ocr_line' id='line_1_23' title="bbox 144 2577 1358 2681; baseline -0.003 -21"><span class='ocrx_word' id='word_1_186' title='bbox 144 2577 149 2586; x_wconf 45' lang='lat'>⁵</span> <span class='ocrx_word' id='word_1_187' title='bbox 190 2615 273 2681; x_wconf 82' lang='lat' dir='ltr'>ques</span> <span class='ocrx_word' id='word_1_188' title='bbox 294 2597 451 2659; x_wconf 88' lang='lat' dir='ltr'>Dominus</span> <span class='ocrx_word' id='word_1_189' title='bbox 483 2594 654 2677; x_wconf 89' lang='lat' dir='ltr'>permittit,</span> <span class='ocrx_word' id='word_1_190' title='bbox 688 2614 751 2657; x_wconf 94' lang='lat' dir='ltr'>non</span> <span class='ocrx_word' id='word_1_191' title='bbox 784 2591 1037 2676; x_wconf 81' lang='lat' dir='ltr'>contrarientur&#39;,</span> <span class='ocrx_word' id='word_1_192' title='bbox 1074 2591 1159 2656; x_wconf 86' lang='lat' dir='ltr'>s&#39;icnt</span> <span class='ocrx_word' id='word_1_193' title='bbox 1190 2593 1247 2654; x_wconf 87' lang='lat' dir='ltr'>illa</span> <span class='ocrx_word' id='word_1_194' title='bbox 1268 2594 1358 2676; x_wconf 83' lang='lat' dir='ltr'>fecit,</span> 
     </span>
     <span class='ocr_line' id='line_1_24' title="bbox 191 2686 1356 2784; baseline -0.005 -20"><span class='ocrx_word' id='word_1_195' title='bbox 191 2720 252 2765; x_wconf 89' lang='lat' dir='ltr'>nee</span> <span class='ocrx_word' id='word_1_196' title='bbox 281 2702 439 2784; x_wconf 88' lang='lat' dir='ltr'>justitiam</span> <span class='ocrx_word' id='word_1_197' title='bbox 470 2701 535 2762; x_wconf 91' lang='lat' dir='ltr'>Dei</span> <span class='ocrx_word' id='word_1_198' title='bbox 569 2708 720 2783; x_wconf 82' lang='lat' dir='ltr'>arguent,</span> <span class='ocrx_word' id='word_1_199' title='bbox 753 2709 785 2760; x_wconf 89' lang='lat' dir='ltr'>et</span> <span class='ocrx_word' id='word_1_200' title='bbox 811 2701 986 2762; x_wconf 86' lang='lat' dir='ltr'>observent</span> <span class='ocrx_word' id='word_1_201' title='bbox 1014 2686 1186 2780; x_wconf 80' lang='lat' dir='ltr'>praccepta</span> <span class='ocrx_word' id='word_1_202' title='bbox 1216 2700 1356 2768; x_wconf 88' lang='lat' dir='ltr'>Domini.</span> 
     </span>
     <span class='ocr_line' id='line_1_25' title="bbox 191 2802 1359 2890; baseline -0.004 -19"><span class='ocrx_word' id='word_1_203' title='bbox 191 2807 342 2871; x_wconf 81' lang='lat' dir='ltr'>Secundo</span> <span class='ocrx_word' id='word_1_204' title='bbox 365 2806 628 2890; x_wconf 79' lang='lat' dir='ltr'>datsopientiom</span> <span class='ocrx_word' id='word_1_205' title='bbox 650 2804 898 2888; x_wconf 86' lang='lat' dir='ltr'>poenitentibus,</span> <span class='ocrx_word' id='word_1_206' title='bbox 915 2812 950 2865; x_wconf 87' lang='lat' dir='ltr'>nt</span> <span class='ocrx_word' id='word_1_207' title='bbox 971 2802 1012 2865; x_wconf 80' lang='lat' dir='ltr'>ed</span> <span class='ocrx_word' id='word_1_208' title='bbox 1033 2803 1359 2884; x_wconf 84' lang='lat' dir='ltr'>peccato.emendeta</span> 
     </span>
     <span class='ocr_line' id='line_1_26' title="bbox 192 2905 1355 2995; baseline -0.005 -19"><span class='ocrx_word' id='word_1_209' title='bbox 192 2932 256 2976; x_wconf 90' lang='lat' dir='ltr'>non</span> <span class='ocrx_word' id='word_1_210' title='bbox 279 2913 471 2995; x_wconf 84' lang='lat' dir='ltr'>respiciant,</span> <span class='ocrx_word' id='word_1_211' title='bbox 506 2912 566 2976; x_wconf 91' lang='lat' dir='ltr'>sed</span> <span class='ocrx_word' id='word_1_212' title='bbox 596 2911 753 2978; x_wconf 81' lang='lat' dir='ltr'>velociter</span> <span class='ocrx_word' id='word_1_213' title='bbox 786 2908 920 2990; x_wconf 79' lang='lat' dir='ltr'>fugiant.</span> <span class='ocrx_word' id='word_1_214' title='bbox 965 2909 1072 2988; x_wconf 84' lang='lat' dir='ltr'>&#39;l&#39;ertio</span> <span class='ocrx_word' id='word_1_215' title='bbox 1094 2905 1355 2990; x_wconf 78' lang='lat' dir='ltr'>datsopientiom</span> 
     </span>
     <span class='ocr_line' id='line_1_27' title="bbox 193 3001 1358 3108; baseline -0.005 -26"><span class='ocrx_word' id='word_1_216' title='bbox 193 3018 372 3108; x_wconf 79' lang='lat' dir='ltr'>religiosis,</span> <span class='ocrx_word' id='word_1_217' title='bbox 405 3001 557 3081; x_wconf 85' lang='lat' dir='ltr'>mnndum</span> <span class='ocrx_word' id='word_1_218' title='bbox 590 3016 861 3102; x_wconf 85' lang='lat' dir='ltr'>relinquentibus,</span> <span class='ocrx_word' id='word_1_219' title='bbox 891 3021 928 3074; x_wconf 89' lang='lat' dir='ltr'>nt</span> <span class='ocrx_word' id='word_1_220' title='bbox 948 3011 991 3078; x_wconf 89' lang='lat' dir='ltr'>ad</span> <span class='ocrx_word' id='word_1_221' title='bbox 1013 3012 1164 3075; x_wconf 88' lang='lat' dir='ltr'>mundum</span> <span class='ocrx_word' id='word_1_222' title='bbox 1177 3010 1358 3100; x_wconf 66' lang='lat' dir='ltr'>(MDA)</span> 
     </span>
     <span class='ocr_line' id='line_1_28' title="bbox 193 3116 1356 3206; baseline -0.009 -18"><span class='ocrx_word' id='word_1_223' title='bbox 193 3125 409 3205; x_wconf 67' lang='lat' dir='ltr'>flammatum,</span> <span class='ocrx_word' id='word_1_224' title='bbox 429 3125 484 3206; x_wconf 82' lang='lat' dir='ltr'>qni</span> <span class='ocrx_word' id='word_1_225' title='bbox 506 3131 595 3186; x_wconf 89' lang='lat' dir='ltr'>totns</span> <span class='ocrx_word' id='word_1_226' title='bbox 617 3133 667 3185; x_wconf 89' lang='lat' dir='ltr'>cst</span> <span class='ocrx_word' id='word_1_227' title='bbox 689 3123 816 3203; x_wconf 84' lang='lat' dir='ltr'>positus</span> <span class='ocrx_word' id='word_1_228' title='bbox 836 3119 870 3181; x_wconf 93' lang='lat' dir='ltr'>in</span> <span class='ocrx_word' id='word_1_229' title='bbox 892 3116 1051 3199; x_wconf 79' lang='lat' dir='ltr'>maligno,</span> <span class='ocrx_word' id='word_1_230' title='bbox 1070 3116 1105 3179; x_wconf 94' lang='lat' dir='ltr'>id</span> <span class='ocrx_word' id='word_1_231' title='bbox 1128 3126 1195 3198; x_wconf 90' lang='lat' dir='ltr'>est,</span> <span class='ocrx_word' id='word_1_232' title='bbox 1224 3119 1255 3178; x_wconf 96' lang='lat' dir='ltr'>in</span> <span class='ocrx_word' id='word_1_233' title='bbox 1277 3116 1356 3179; x_wconf 80' lang='lat' dir='ltr'>melo</span> 
     </span>
     <span class='ocr_line' id='line_1_29' title="bbox 199 3209 1354 3308; baseline -0.005 -18"><span class='ocrx_word' id='word_1_234' title='bbox 199 3229 291 3308; x_wconf 80' lang='lat' dir='ltr'>igne,</span> <span class='ocrx_word' id='word_1_235' title='bbox 313 3245 377 3288; x_wconf 92' lang='lat' dir='ltr'>non</span> <span class='ocrx_word' id='word_1_236' title='bbox 395 3226 591 3308; x_wconf 84' lang='lat' dir='ltr'>respicient,</span> <span class='ocrx_word' id='word_1_237' title='bbox 612 3227 665 3286; x_wconf 88' lang='lat' dir='ltr'>cui</span> <span class='ocrx_word' id='word_1_238' title='bbox 686 3209 826 3298; x_wconf 68' lang='lat' dir='ltr'>solemni,</span> <span class='ocrx_word' id='word_1_239' title='bbox 845 3222 1063 3300; x_wconf 80' lang='lat' dir='ltr'>velociorisso</span> <span class='ocrx_word' id='word_1_240' title='bbox 1085 3221 1354 3294; x_wconf 69' lang='lat' dir='ltr'>renuntiaverunt.</span> 
     </span>
     <span class='ocr_line' id='line_1_30' title="bbox 137 3327 1357 3412; baseline -0.003 -22"><span class='ocrx_word' id='word_1_241' title='bbox 137 3343 139 3350; x_wconf 87' lang='lat'>·</span> <span class='ocrx_word' id='word_1_242' title='bbox 194 3329 300 3390; x_wconf 89' lang='lat' dir='ltr'>Nemo</span> <span class='ocrx_word' id='word_1_243' title='bbox 322 3328 422 3406; x_wconf 87' lang='lat' dir='ltr'>enim,</span> <span class='ocrx_word' id='word_1_244' title='bbox 445 3327 487 3388; x_wconf 84' lang='lat' dir='ltr'>eit</span> <span class='ocrx_word' id='word_1_245' title='bbox 509 3327 684 3405; x_wconf 87' lang='lat' dir='ltr'>Dominus,</span> <span class='ocrx_word' id='word_1_246' title='bbox 705 3328 839 3408; x_wconf 86' lang='lat' dir='ltr'>mittens</span> <span class='ocrx_word' id='word_1_247' title='bbox 860 3346 989 3390; x_wconf 89' lang='lat' dir='ltr'>manum</span> <span class='ocrx_word' id='word_1_248' title='bbox 1014 3327 1056 3388; x_wconf 82' lang='lat' dir='ltr'>sd</span> <span class='ocrx_word' id='word_1_249' title='bbox 1078 3335 1236 3412; x_wconf 81' lang='lat' dir='ltr'>aratrum,</span> <span class='ocrx_word' id='word_1_250' title='bbox 1257 3327 1357 3408; x_wconf 88' lang='lat' dir='ltr'>respi-</span> 
     </span>
     <span class='ocr_line' id='line_1_31' title="bbox 196 3426 1356 3514; baseline -0.002 -20"><span class='ocrx_word' id='word_1_251' title='bbox 196 3431 288 3494; x_wconf 87' lang='lat' dir='ltr'>ciens</span> <span class='ocrx_word' id='word_1_252' title='bbox 310 3439 395 3492; x_wconf 90' lang='lat' dir='ltr'>retro</span> <span class='ocrx_word' id='word_1_253' title='bbox 436 3435 543 3510; x_wconf 83' lang='lat' dir='ltr'>aptus.</span> <span class='ocrx_word' id='word_1_254' title='bbox 566 3436 616 3490; x_wconf 89' lang='lat' dir='ltr'>cst</span> <span class='ocrx_word' id='word_1_255' title='bbox 649 3446 749 3510; x_wconf 79' lang='lat' dir='ltr'>regno</span> <span class='ocrx_word' id='word_1_256' title='bbox 770 3430 842 3494; x_wconf 93' lang='lat' dir='ltr'>Dei.</span> <span class='ocrx_word' id='word_1_257' title='bbox 886 3431 944 3514; x_wconf 84' lang='lat' dir='ltr'>Sic</span> <span class='ocrx_word' id='word_1_258' title='bbox 968 3450 1046 3514; x_wconf 82' lang='lat' dir='ltr'>ergo</span> <span class='ocrx_word' id='word_1_259' title='bbox 1067 3431 1169 3499; x_wconf 82' lang='lat' dir='ltr'>sirnns</span> <span class='ocrx_word' id='word_1_260' title='bbox 1204 3426 1356 3511; x_wconf 86' lang='lat' dir='ltr'>memores</span> 
     </span>
     <span class='ocr_line' id='line_1_32' title="bbox 168 3520 1266 3628; baseline -0.006 -30"><span class='ocrx_word' id='word_1_261' title='bbox 168 3536 309 3628; x_wconf 26' lang='lat' dir='ltr'>“uxoris</span> <span class='ocrx_word' id='word_1_262' title='bbox 330 3533 423 3596; x_wconf 86' lang='lat' dir='ltr'>Loth.</span> <span class='ocrx_word' id='word_1_263' title='bbox 766 3520 770 3528; x_wconf 76' lang='grc'><strong>’</strong></span> <span class='ocrx_word' id='word_1_264' title='bbox 903 3588 908 3596; x_wconf 84' lang='grc'><em>,</em></span> <span class='ocrx_word' id='word_1_265' title='bbox 943 3585 946 3592; x_wconf 97' lang='grc'>.</span> <span class='ocrx_word' id='word_1_266' title='bbox 1263 3593 1266 3600; x_wconf 72' lang='grc'><em>,</em></span> 
     </span>
     <span class='ocr_line' id='line_1_33' title="bbox 204 3619 1438 3722; baseline 0.006 -22"><span class='ocrx_word' id='word_1_267' title='bbox 204 3619 208 3628; x_wconf 72' lang='grc'><strong>’</strong></span> <span class='ocrx_word' id='word_1_268' title='bbox 279 3638 403 3721; x_wconf 79' lang='lat' dir='ltr'>Supte·</span> <span class='ocrx_word' id='word_1_269' title='bbox 416 3637 521 3700; x_wconf 89' lang='lat' dir='ltr'>locum</span> <span class='ocrx_word' id='word_1_270' title='bbox 554 3645 681 3701; x_wconf 84' lang='lat' dir='ltr'>stetnse</span> <span class='ocrx_word' id='word_1_271' title='bbox 712 3641 776 3708; x_wconf 87' lang='lat' dir='ltr'>iam</span> <span class='ocrx_word' id='word_1_272' title='bbox 811 3640 919 3718; x_wconf 80' lang='lat' dir='ltr'>dictos</span> <span class='ocrx_word' id='word_1_273' title='bbox 949 3640 1094 3704; x_wconf 88' lang='lat' dir='ltr'>vidimus</span> <span class='ocrx_word' id='word_1_274' title='bbox 1125 3658 1233 3722; x_wconf 84' lang='lat' dir='ltr'>rupem</span> <span class='ocrx_word' id='word_1_275' title='bbox 1241 3683 1251 3722; x_wconf 87' lang='lat'>,</span> <span class='ocrx_word' id='word_1_276' title='bbox 1284 3638 1357 3708; x_wconf 80' lang='lat' dir='ltr'>nari</span> <span class='ocrx_word' id='word_1_277' title='bbox 1436 3701 1438 3708; x_wconf 82' lang='grc'>,</span> 
     </span>
     <span class='ocr_line' id='line_1_34' title="bbox 197 3742 1356 3835; baseline -0.003 -29"><span class='ocrx_word' id='word_1_278' title='bbox 197 3742 430 3827; x_wconf 84' lang='lat' dir='ltr'>quodammodo</span> <span class='ocrx_word' id='word_1_279' title='bbox 462 3745 799 3835; x_wconf 83' lang='lat' dir='ltr'>superimminentem,</span> <span class='ocrx_word' id='word_1_280' title='bbox 831 3747 869 3810; x_wconf 92' lang='lat' dir='ltr'>in</span> <span class='ocrx_word' id='word_1_281' title='bbox 898 3764 964 3829; x_wconf 85' lang='lat' dir='ltr'>qne</span> <span class='ocrx_word' id='word_1_282' title='bbox 1000 3745 1121 3808; x_wconf 82' lang='lat' dir='ltr'>cirdttts</span> <span class='ocrx_word' id='word_1_283' title='bbox 1157 3743 1267 3828; x_wconf 80' lang='lat' dir='ltr'>Segor</span> <span class='ocrx_word' id='word_1_284' title='bbox 1289 3743 1356 3829; x_wconf 81' lang='lat' dir='ltr'>luit,</span> 
     </span>
     <span class='ocr_line' id='line_1_35' title="bbox 152 3833 1357 3936; baseline -0.004 -24"><span class='ocrx_word' id='word_1_285' title='bbox 152 3855 156 3862; x_wconf 87' lang='lat'>&#39;</span> <span class='ocrx_word' id='word_1_286' title='bbox 197 3867 263 3912; x_wconf 86' lang='grc' dir='ltr'>ιιιιιι</span> <span class='ocrx_word' id='word_1_287' title='bbox 284 3846 326 3910; x_wconf 88' lang='lat' dir='ltr'>de</span> <span class='ocrx_word' id='word_1_288' title='bbox 356 3847 498 3930; x_wconf 88' lang='lat' dir='ltr'>quinque</span> <span class='ocrx_word' id='word_1_289' title='bbox 537 3833 1009 3933; x_wconf 47' lang='lat' dir='ltr'>c&#39;ivitallbns&#39;‘&#39;Sodomoririo‘,&#39;</span> <span class='ocrx_word' id='word_1_290' title='bbox 1030 3854 1114 3933; x_wconf 84' lang='lat' dir='ltr'>quoe</span> <span class='ocrx_word' id='word_1_291' title='bbox 1143 3848 1357 3936; x_wconf 49' lang='lat' dir='ltr'>alio&#39;snomine</span> 
     </span>
     <span class='ocr_line' id='line_1_36' title="bbox 92 3952 1357 4046; baseline -0.002 -30"><span class='ocrx_word' id='word_1_292' title='bbox 92 4039 95 4046; x_wconf 33' lang='grc' dir='ltr'>Ι</span> <span class='ocrx_word' id='word_1_293' title='bbox 197 3952 278 4016; x_wconf 86' lang='lat' dir='ltr'>Dale</span> <span class='ocrx_word' id='word_1_294' title='bbox 299 3953 529 4037; x_wconf 81' lang='lat' dir='ltr'>nominabatur,</span> <span class='ocrx_word' id='word_1_295' title='bbox 551 3965 586 4018; x_wconf 91' lang='lat' dir='ltr'>ut</span> <span class='ocrx_word' id='word_1_296' title='bbox 608 3953 730 4030; x_wconf 76' lang='lat' dir='ltr'>(lenes.</span> <span class='ocrx_word' id='word_1_297' title='bbox 758 3953 890 4020; x_wconf 66' lang='lat' dir='ltr'>ld&#39;Ad</span> <span class='ocrx_word' id='word_1_298' title='bbox 910 3955 995 4018; x_wconf 80' lang='lat' dir='ltr'>benc</span> <span class='ocrx_word' id='word_1_299' title='bbox 1012 3955 1182 4018; x_wconf 74' lang='lat' dir='ltr'>civilatem</span> <span class='ocrx_word' id='word_1_300' title='bbox 1205 3967 1357 4016; x_wconf 88' lang='lat' dir='ltr'>conscen-</span> 
     </span>
     <span class='ocr_line' id='line_1_37' title="bbox 197 4049 1381 4144; baseline -0.006 -19"><span class='ocrx_word' id='word_1_301' title='bbox 197 4059 245 4126; x_wconf 86' lang='lat' dir='ltr'>dit</span> <span class='ocrx_word' id='word_1_302' title='bbox 262 4049 365 4142; x_wconf 70' lang='lat' dir='ltr'>lr&#39;otb&#39;,</span> <span class='ocrx_word' id='word_1_303' title='bbox 402 4051 535 4123; x_wconf 85' lang='lat' dir='ltr'>ardente</span> <span class='ocrx_word' id='word_1_304' title='bbox 556 4053 689 4143; x_wconf 74' lang='lat' dir='ltr'>regione</span> <span class='ocrx_word' id='word_1_305' title='bbox 709 4051 868 4144; x_wconf 78' lang='lat' dir='ltr'>inferiori,</span> <span class='ocrx_word' id='word_1_306' title='bbox 901 4057 1086 4143; x_wconf 79' lang='lat' dir='ltr'>etpropter</span> <span class='ocrx_word' id='word_1_307' title='bbox 1107 4079 1179 4122; x_wconf 93' lang='lat' dir='ltr'>enm</span> <span class='ocrx_word' id='word_1_308' title='bbox 1211 4059 1273 4121; x_wconf 88' lang='lat' dir='ltr'>luit</span> <span class='ocrx_word' id='word_1_309' title='bbox 1292 4053 1381 4120; x_wconf 79' lang='lat' dir='ltr'>scr·&#39;</span> 
     </span>
     <span class='ocr_line' id='line_1_38' title="bbox 199 4161 1356 4248; baseline -0.003 -18"><span class='ocrx_word' id='word_1_310' title='bbox 199 4175 277 4230; x_wconf 81' lang='lat' dir='ltr'>veta</span> <span class='ocrx_word' id='word_1_311' title='bbox 298 4167 338 4228; x_wconf 85' lang='lat' dir='ltr'>sb</span> <span class='ocrx_word' id='word_1_312' title='bbox 360 4162 526 4246; x_wconf 88' lang='lat' dir='ltr'>incendio,</span> <span class='ocrx_word' id='word_1_313' title='bbox 553 4164 613 4228; x_wconf 88' lang='lat' dir='ltr'>sed</span> <span class='ocrx_word' id='word_1_314' title='bbox 633 4164 706 4228; x_wconf 89' lang='lat' dir='ltr'>dnm</span> <span class='ocrx_word' id='word_1_315' title='bbox 734 4174 882 4228; x_wconf 86' lang='lat' dir='ltr'>cerneret</span> <span class='ocrx_word' id='word_1_316' title='bbox 901 4171 1002 4228; x_wconf 85' lang='lat' dir='ltr'>totam</span> <span class='ocrx_word' id='word_1_317' title='bbox 1025 4165 1189 4246; x_wconf 81' lang='lat' dir='ltr'>regionem</span> <span class='ocrx_word' id='word_1_318' title='bbox 1210 4161 1356 4248; x_wconf 75' lang='lat' dir='ltr'>subverti,</span> 
     </span>
     <span class='ocr_line' id='line_1_39' title="bbox 196 4267 1358 4354; baseline 0 -22"><span class='ocrx_word' id='word_1_319' title='bbox 196 4272 300 4339; x_wconf 87' lang='lat' dir='ltr'>timuit</span> <span class='ocrx_word' id='word_1_320' title='bbox 339 4276 373 4333; x_wconf 85' lang='lat' dir='ltr'>el</span> <span class='ocrx_word' id='word_1_321' title='bbox 394 4269 428 4333; x_wconf 90' lang='lat' dir='ltr'>in</span> <span class='ocrx_word' id='word_1_322' title='bbox 448 4285 596 4354; x_wconf 84' lang='lat' dir='ltr'>supreme</span> <span class='ocrx_word' id='word_1_323' title='bbox 629 4271 784 4337; x_wconf 84' lang='lat' dir='ltr'>montium</span> <span class='ocrx_word' id='word_1_324' title='bbox 818 4269 973 4352; x_wconf 76' lang='lat' dir='ltr'>conlegit.</span> <span class='ocrx_word' id='word_1_325' title='bbox 1015 4267 1133 4332; x_wconf 88' lang='lat' dir='ltr'>Statim</span> <span class='ocrx_word' id='word_1_326' title='bbox 1166 4277 1288 4351; x_wconf 65' lang='lat' dir='ltr'>anum,</span> <span class='ocrx_word' id='word_1_327' title='bbox 1309 4269 1358 4331; x_wconf 82' lang='lat' dir='ltr'>uti</span> 
     </span>
    </p>
   </div>
   <div class='ocr_carea' id='block_1_3' title="bbox 0 0 1490 4914">
    <p class='ocr_par' dir='ltr' id='par_1_5' title="bbox 0 0 1490 4914">
     <span class='ocr_line' id='line_1_40' title="bbox 0 0 1490 4914; baseline 0 0"><span class='ocrx_word' id='word_1_328' title='bbox 0 0 1490 4914; x_wconf 95' lang='lat' dir='ltr'> </span> 
     </span>
    </p>
   </div>
  </div>
 </body>
</html>
