2842 4882
831 179 833 186 ,

633 238 697 307 aab
723 269 729 277 =

624 289 626 296 .

775 349 780 360 1

72 423 175 516 qussi
197 419 272 486 eelx
302 430 434 505 ernon,
466 421 587 506 hortis,
620 424 726 506 agris,
759 429 795 486 ei
815 423 921 489 vineis
942 423 1252 493 mundanorum

72 531 199 611 inepta.

37 619 41 624 ’
166 631 346 696 Undeeiriro
367 630 457 713 regio
490 629 546 694 illa
567 630 684 695 dieitur
705 643 781 694 essa
812 639 1014 715 serpentum,
1044 636 1250 717 scorpionum

75 746 112 800 et
133 737 298 818 dipsarum
326 742 359 796 ot
379 736 538 798 vermium
561 753 601 799 ao
623 735 817 818 draoonum,
850 755 914 798 non
935 737 1063 818 quidem
1084 747 1168 823 tota,
1189 738 1250 806 ost

74 844 112 904 in
136 842 282 925 partibus
303 841 391 923 suis,
423 841 561 902 comsit
592 839 768 920 latissima,
797 841 928 904 diversa
948 840 1046 904 habet
1078 853 1250 913 venenata.

73 948 175 1010 Filiis
196 945 296 1009 lsrael
327 944 456 1008 inerunt
477 928 610 1027 propter
638 961 780 1008 murmur
804 943 942 1008 immissi
972 945 1060 1027 ignei
1079 957 1250 1030 serpordes

73 1053 254 1119 Numeror.
288 1050 332 1115 22
367 1058 400 1113 et
430 1048 523 1112 llam.
555 1051 588 1112 8.
644 1048 728 1112 Sunt
768 1037 867 1112 rnults
898 1049 970 1114 loeo
1006 1049 1133 1114 deserti·
1153 1051 1250 1134 plens

75 1157 291 1222 foraminibus
312 1160 515 1238 serpentum,
537 1142 602 1217 alia
624 1153 721 1237 plene
737 1154 962 1236 scorpionibus
982 1163 1015 1218 ot
1036 1155 1070 1216 in
1092 1155 1173 1245 loois
1195 1156 1250 1222 nbi

75 1279 186 1344 aqna,
223 1258 322 1341 aliqui
356 1268 433 1324 sunt
472 1260 631 1325 draoouas
664 1265 699 1321 et
733 1257 888 1322 oroeodili
921 1268 1053 1324 manent
1079 1269 1113 1324 et
1148 1261 1249 1324 multa

76 1366 145 1428 alia
164 1381 286 1446 genera
307 1363 501 1442 bestiarum,
531 1363 616 1425 sient
640 1379 740 1445 saepe
761 1363 900 1446 legimus
927 1365 962 1426 in
991 1365 1080 1428 Vitis
1106 1365 1280 1428 Patron*

75 1470 181 1534 Porro
211 1487 276 1532 uno
309 1466 470 1529 duntaxat
495 1483 617 1548 genere
645 1486 706 1532 nos
737 1471 859 1532 vaxati
880 1465 1017 1534 inimus:
1050 1479 1129 1534 suut
1161 1471 1246 1534 enim

12 1593 17 1600 ·
76 1591 208 1638 vermes
230 1572 358 1657 quidam
380 1569 527 1655 rotundi,
550 1573 583 1635 in
604 1576 782 1655 quantitate
802 1573 988 1656 avellanae,
1013 1575 1110 1660 nigri,
1127 1577 1248 1640 inulto-

12 1651 21 1672 “
77 1697 149 1744 rum
171 1676 307 1759 pedum,
329 1677 386 1762 qni
411 1675 560 1740 dicuntur
573 1677 721 1768 'pediculi
746 1677 940 1761 Pharaonis,
971 1679 1013 1742 de
1045 1681 1162 1762 quibus
1183 1681 1249 1744 hu-

68 1799 151 1845 *mus
170 1784 205 1858 in
227 1781 389 1865 aliquibus
408 1780 488 1843 loeis
502 1779 618 1862 plenus
639 1789 701 1862 est,
717 1790 751 1844 et
773 1780 849 1843 dum
869 1784 972 1856 homo
984 1783 1109 1868 dormit,
1129 1803 1247 1848 aoour-

79 1896 156 1950 ‘runt
176 1895 209 1948 et
229 1884 391 1948 subtiliter
412 1886 497 1947 siout
518 1883 618 1966 pulex
639 1885 830 1966 sanguinem
851 1895 985 1970 sugunt,
1004 1896 1079 1969 post
1106 1907 1246 1952 morsum

79 2000 188 2053 tamen
221 1973 415 2071 relinquitur
435 2006 500 2051 nna
530 1988 664 2051 eieatrix
694 1998 740 2051 et
760 2007 845 2051 unus
876 1989 959 2054 livor
986 1991 1119 2074 blavus‚
1152 1994 1247 2056 rubro

79 2095 276 2176 permixtus,
308 2091 342 2153 in
364 2091 543 2174 quantitate
562 2092 713 2156 oruoiieri
745 2092 878 2184 denarii,
908 2103 941 2157 et
961 2095 1025 2158 nisi
1052 2096 1163 2158 statim
1192 2095 1248 2160 illa

80 2198 214 2260 eleatrix
234 2202 375 2278 ungatur
397 2201 430 2256 et
452 2195 585 2258 fricetur
605 2213 704 2263 succo
725 2198 812 2278 pomi
833 2187 983 2280 limonia,
1006 2217 1082 2263 mox
1104 2201 1247 2268 allinitur

79 2303 200 2366 vulnus
231 2301 410 2364 incurabile
430 2310 463 2364 et
485 2299 655 2385 putridum.
698 2301 831 2364 Praetor
851 2301 907 2365 illo
926 2301 1031 2385 gignit
1057 2294 1173 2388 hunnus
1195 2305 1248 2369 di·

80 2426 179 2472 versa
199 2407 322 2471 minuta
343 2404 510 2488 animalia,
540 2406 681 2489 quietem
707 2406 846 2470 hominis
865 2408 1082 2490 impedientia.
1126 2409 1193 2474 Sed
1215 2420 1248 2475 et

84 2512 223 2597 pediouli
253 2513 285 2573 in
312 2513 461 2577 vestibus
484 2513 656 2574 excessivo
678 2531 809 2584 nurnero
840 2522 873 2575 et
894 2516 1075 2596 quantitate
1096 2525 1248 2580 arescunt

84 2619 169 2682 omni
190 2617 360 2678 momento.
403 2616 606 2680 Duodeoimo
639 2616 756 2680 dioitur
777 2619 866 2700 regio
887 2619 943 2681 illa
964 2619 1056 2703 loeus
1074 2623 1246 2703 pessimus,
1338 2675 1340 2680 .

82 2722 177 2784 Num.
211 2721 263 2785 20.
305 2721 348 2782 Et
367 2720 429 2784 hoo
451 2730 582 2803 proptor
612 2724 720 2785 omnia
754 2713 919 2804 praediola
940 2735 973 2788 et
999 2734 1129 2808 propter
1160 2728 1247 2788 soris

81 2826 238 2890 malitiam
254 2832 288 2886 ei
308 2823 533 2907 infectionem
555 2827 718 2906 pessimus
733 2828 818 2889 enim
841 2847 896 2890 aar
918 2849 976 2910 per
997 2829 1158 2892 desertum
1185 2839 1246 2911 ost,

84 2929 292 3009 durissimus,
314 2944 506 3011 quamquam
529 2928 700 3012 aliquando
721 2933 817 2994 nimis
846 2932 990 3015 subtilis,
1021 2934 1108 2996 oalor
1128 2934 1247 2996 intem-

83 3040 216 3117 peratus
266 3041 298 3094 ot
321 3030 423 3112 frigus
439 3027 441 3032 ’
457 3033 657 3097 immensum.
703 3037 740 3097 ln
762 3054 826 3098 uria
859 3037 943 3098 enim
980 3039 1138 3120 contingit
1168 3038 1248 3101 hora

83 3129 322 3216 itinerantibus,
355 3137 438 3218 quod
460 3149 547 3200 nuno
580 3133 656 3200 sunt
687 3140 722 3200 in
743 3139 831 3222 loeo,
866 3141 899 3203 in
922 3161 985 3224 quo
1006 3143 1100 3226 quasi
1121 3143 1247 3206 elibano

84 3242 242 3304 caloribus
264 3248 407 3326 uruntur,
431 3253 463 3307 et
485 3255 558 3327 post
580 3243 738 3309 modicum
760 3246 793 3308 iu
816 3244 879 3309 alio
899 3245 970 3309 loeo
993 3247 1113 3331 frigore
1131 3247 1246 3332 grandi

86 3346 278 3408 afficiuntur.
451 3367 454 3373 ·
1070 3362 1074 3384 ⁸
1192 3371 1195 3376 ·

164 3447 300 3512 Decimo
323 3452 415 3514 tertio
438 3454 527 3535 regio
548 3453 604 3516 illa
626 3459 679 3515 est
700 3453 792 3517 loeus
813 3454 981 3519 sannorum
1003 3466 1036 3521 ot
1052 3464 1246 3540 satyrorum,

84 3558 117 3615 ai
137 3562 212 3615 sarit
233 3553 278 3616 dii
309 3554 570 3620 solitudinumvot
592 3577 774 3642 nemorum,
808 3561 985 3626 secundum
1010 3563 1135 3652 yeteris
1156 3561 1247 3643 vulgi

85 3677 229 3721 errorem.
273 3659 396 3724 Futura
418 3663 503 3726 enirn
526 3663 599 3726 olim
625 3667 777 3748 gentibus
798 3668 1023 3752 annuntiabant,
1053 3686 1118 3731 non
1142 3667 1247 3750 signis

84 3762 312 3846 sedveritus,
340 3776 371 3828 ot
391 3769 572 3830 errantibus
594 3770 667 3833 vias
688 3769 809 3842 deserti
831 3774 1064 3844 monstrabant.
1098 3771 1192 3836 Unde
1213 3772 1248 3832 in

86 3865 171 3930 Vitis
192 3867 323 3930 Petrum
346 3871 480 3954 legitur:
503 3872 577 3936 duno
600 3876 715 3939 beatus
736 3876 898 3940 Antonius
918 3879 1124 3960 perdeserta
1145 3894 1248 3960 quae-

86 3975 166 4032 reret
187 3970 340 4058 Paulum,
376 3960 502 4040 virne
532 3977 661 4042 diverso
699 3981 858 4044 hominem
897 4002 980 4066 equo
1011 3985 1162 4062 mixtum,
1194 3980 1247 4043 eui

85 4074 188 4156 opinio
209 4085 373 4157 poetarum
397 4077 551 4146 Centauri
572 4084 764 4148 vocabulum
785 4085 910 4157 indidit.
952 4085 1026 4164 Quo
1046 4089 1131 4167 viso,
1151 4085 1246 4166 signo

85 4179 190 4242 erneis
213 4184 495 4270 rnnnit'irontern,
515 4197 558 4270 ot,
578 4188 660 4250 heros
682 4195 771 4271 tyro,
795 4192 914 4274 inquit,
936 4208 1074 4274 quartam
1099 4192 1132 4252 in
1152 4197 1245 4273 parte

18 4287 19 4290 ’
84 4287 141 4349 Dei
158 4300 278 4348 servus
288 4287 342 4351 lrie
351 4287 496 4354 habitati
518 4291 563 4354 At
580 4289 635 4355 ille
646 4292 825 4378 barbanum,
836 4297 947 4359 nesoio
960 4293 1047 4381 quid,
1059 4296 1245 4362 infrendens
