2962 5022
123 663 284 727 dominari
314 671 459 746 possent
494 667 527 726 in
569 674 720 749 utraque,
749 675 910 750 tamquam
939 663 1051 749 medii3
1079 665 1238 748 secundo,
1272 663 1308 730 'at

120 769 414 849 negotiationibus
447 767 554 832 mundi
586 779 676 833 estet
710 771 765 834 via
797 773 917 855 ubique
945 768 1148 854 negotiandi,
1181 779 1214 833 et
1246 769 1308 854 ipsi

122 874 291 956 Aegyptii
314 872 443 935 telonia
474 882 507 936 et
528 883 637 958 partes
663 875 704 938 da
733 876 896 940 universis
915 879 1116 958 acciperent,
1146 893 1217 940 cum
1246 893 1311 939 nen

0 998 1 1034 1
120 981 312 1059 emeretr,
337 978 573 1061 uieipercos.
615 980 657 1042 lit
679 980 834 1062 prolecto,
859 997 912 1042 res
935 979 1106 1062 magnilica
1125 980 1258 1063 fuisset,
1280 981 1310 1042 si

119 1101 206 1166 opus
243 1083 483 1164 perfecissent.
534 1083 619 1145 Nam
649 1082 691 1145 de
725 1084 893 1167 Venetiis,
925 1086 989 1148 imo
1017 1081 1242 1146 devFlandria
1274 1092 1310 1148 ct
1398 1069 1405 1082 ⁸

119 1189 287 1250 Hibernia
310 1188 528 1269 navigassent
550 1187 583 1249 in
604 1186 801 1270 Aegyptum'
814 1197 847 1252 et
870 1209 927 1272 per
946 1188 1055 1252 Nilum
1083 1187 1310 1253 ascendissent

120 1295 154 1355 iu
177 1293 357 1354 arabicum
380 1291 484 1355 sinum
509 1301 540 1353 et
571 1289 782 1355 devenissent
804 1295 837 1355 in
870 1293 1062 1357 cinnamomi
1090 1295 1254 1375 regionem
1277 1301 1310 1355 et

120 1401 293 1479 usquein
319 1395 444 1458 lndiam
475 1395 750 1478 opulentissimam
781 1397 1010 1480 devenissent,
1042 1397 1083 1459 de
1112 1416 1175 1479 qua
1197 1397 1308 1465 dicant

119 1504 209 1565 inter
232 1503 309 1565 alia
338 1499 500 1581 miranda,
534 1499 620 1582 quod
651 1513 716 1564 uno
747 1519 831 1564 anno
863 1503 979 1566 babeat
1006 1503 1088 1568 duas
1110 1510 1252 1564 aestates
1274 1509 1308 1562 et

0 1614 1 1701 ,
121 1606 207 1670 duas
227 1609 364 1671 hiemes
386 1614 419 1667 et
439 1623 556 1668 aureos
577 1614 713 1688 montes,
734 1606 838 1668 reales
853 1626 916 1670 non
933 1607 1167 1689 phantasticos,
1189 1613 1222 1668 ct
1241 1606 1307 1668 sint

121 1712 157 1774 in
187 1731 230 1774 ea
262 1710 380 1774 xntv
411 1711 572 1791 regiones.
620 1711 679 1774 Sic
710 1729 769 1793 per
799 1730 887 1774 mare
931 1710 1071 1775 indicum
1098 1713 1154 1774 via
1190 1711 1306 1773 luisset

124 1811 402 1887 occidentalibus,
420 1815 453 1877 iu
475 1814 658 1898 Persidem,
688 1815 871 1893 Parthiam,
904 1816 1065 1899 Mediam,
1096 1818 1130 1880 in
1150 1815 1305 1882 Arabiam

124 1911 325 2000 salicem,'in
346 1917 435 1982 Saba
456 1928 489 1982 et
501 1917 710 2001 chaldaeam,
731 1928 763 1982 et
777 1920 904 2003 populis
922 1921 1131 1986 orientalibus
1148 1924 1307 2004 patuisset

2 2078 5 2089 .
125 2023 183 2084 via
205 2024 371 2087 etiamad
392 2043 453 2088 uos
474 2034 505 2087 et
529 2044 587 2107 per
608 2026 669 2087 boc
691 2043 773 2106 opus
795 2035 860 2088 tres
882 2026 990 2088 mundi
1011 2027 1207 2108 principales
1226 2045 1305 2108 par-

128 2138 199 2211 tae,
224 2129 356 2192 scilicet
377 2129 458 2190 Asia
479 2139 511 2190 et
533 2131 646 2192 Allica
669 2149 740 2193 cum
763 2132 892 2212 Europa
909 2129 1043 2210 junctae
1063 2129 1211 2191 fuissent.

215 2237 285 2296 His
307 2234 415 2298 allecti
435 2235 580 2318 Aegypti
599 2235 777 2298 Ptolomaei
815 2235 969 2296 instantia
1000 2251 1118 2315 magna
1139 2233 1305 2296 conaban-

127 2346 181 2398 tur
203 2339 427 2421 promontoria
444 2339 616 2421 scopulosa
637 2339 783 2402 dividere
800 2339 841 2401 ad
863 2336 1076 2402 inducendum
1092 2356 1180 2401 mare
1200 2336 1304 2400 induti

128 2441 300 2506 Herculea
319 2444 454 2526 virtute,
488 2445 544 2525 qui
565 2444 739 2507 traditione
769 2444 995 2506 vetustissima
1024 2442 1142 2505 dicitur
1162 2448 1302 2503 montem

5 2552 6 2555 ’
130 2559 293 2632 perpetuo
313 2549 391 2634 jugo
409 2547 556 2630 junctum
576 2551 794 2613 continentem
815 2567 970 2611 oceanum
993 2547 1146 2610 divisisse
1167 2556 1198 2609 et
1221 2545 1302 2609 duos

131 2663 265 2716 montes
287 2653 373 2736 (b),
394 2653 524 2715 Abilam
543 2660 577 2714 et
599 2651 752 2737 Calpem,
775 2673 818 2716 ex
839 2673 902 2716 uno
926 2653 1064 2735 iecisse,
1087 2671 1144 2735 per
1162 2670 1297 2736 quorum

130 2756 274 2821 medium
314 2771 401 2820 mare
429 2757 710 2842 mediterraneum,
750 2759 837 2844 quod
863 2759 1003 2823 nondum
1034 2765 1105 2822 erat
1133 2762 1166 2820 iu
1196 2757 1301 2838 terrie,

131 2859 284 2942 immisit,
306 2868 343 2922 ut
359 2870 447 2943 patet
468 2880 567 2945 supra
589 2863 642 2927 iol.
668 2865 720 2930 36.
801 2854 805 2859 ’

220 2967 256 3027 ln
278 2966 340 3028 boc
360 2966 594 3048 Aegyptiorum
617 2978 746 3051 conatu,
767 2970 796 3032 si
817 2971 1006 3033 habuissent
1029 2970 1201 3034 Herculem
1224 2985 1303 3030 coo·

6 3070 10 3163 J
132 3078 314 3152 peratorem
338 3079 371 3132 et
391 3072 486 3133 'l'itan
509 3089 580 3134 cum
613 3073 688 3136 liliis
717 3075 802 3156 suis,
833 3075 888 3155 qui
910 3073 1026 3135 bellum
1050 3082 1163 3136 contra
1183 3071 1301 3132 Jovem

7 3174 9 3187 '
135 3184 170 3237 et
192 3185 339 3239 caeteros
361 3175 440 3238 deos
477 3185 645 3240 moventes
667 3178 868 3240 conabantur.
885 3180 935 3240 eis
967 3177 1091 3239 coelum
1125 3175 1249 3256 eripere
1271 3179 1304 3232 et

133 3280 210 3343 ideo
238 3279 387 3342 dicuntur
418 3277 545 3344 montes
577 3269 739 3345 montibus
768 3284 1032 3364 superposuisse,
1066 3290 1100 3343 ut
1122 3279 1183 3341 sibi
1217 3276 1303 3339 viam

4 3444 8 3467 ,
133 3385 168 3446 in
190 3385 314 3446 coelum
337 3391 537 3466 sternerent,
571 3387 600 3447 si
623 3388 704 3451 tales
726 3388 879 3450 montium
901 3386 1150 3467 transpositores
1170 3381 1304 3445 habuis·

4 3480 9 3495 ι
135 3498 220 3570 ⁸0⁰¹,
244 3488 395 3551 facillimo
417 3507 505 3551 mare
525 3491 678 3575 Aegypto
700 3491 915 3561 induxissent.
946 3489 1183 3554 Laborantibus
1204 3489 1304 3569 igitur

135 3591 310 3675 Aegyptiis
339 3596 372 3656 in
401 3594 547 3676 praefato
579 3614 677 3678 opere
709 3605 930 3659 convenerunt
962 3595 1126 3678 sapientes
1156 3602 1188 3655 et
1217 3592 1306 3672 magi

134 3695 371 3778 Aegyptiorum
394 3706 426 3758 et
450 3697 492 3760 de
513 3717 611 3781 opere
641 3701 863 3780 contulerunt,
896 3699 1104 3764 consulentes
1131 3716 1229 3781 super
1249 3696 1302 3758 iu-

134 3802 225 3882 genti
245 3800 376 3883 negotio
397 3800 557 3882 inchoato,
571 3821 613 3863 au
634 3805 714 3866 utile
732 3813 764 3867 et
778 3804 954 3887 expediens
972 3803 1089 3868 lieret‘l
1112 3807 1154 3867 Et
1170 3805 1303 3867 inventa

132 3905 270 3967 veritate
291 3905 361 3986 regi
382 3905 566 3970 Ptolomaeo
587 3909 736 3973 omnibus
759 3910 865 3975 modis
886 3909 1081 3991 suadebant,
1108 3908 1300 3974 cessandum

132 4008 173 4070 ab
195 4027 303 4090 opere,
323 4008 387 4070 imo
408 4011 487 4074 totis
509 4015 676 4102 conatibus
699 4015 888 4099 Aegyptum
908 4014 1089 4078 universam
1112 4026 1303 4076 concurrere

4 4132 8 4177 t
134 4111 173 4175 ad
196 4112 417 4181 obsistendum
439 4125 471 4179 et
492 4117 706 4181 resistendum
729 4120 852 4181 volenti
866 4136 954 4180 mare
972 4115 1135 4195 inducere,
1148 4123 1300 4193 tauquam

131 4210 404 4298 perniciosissimo
440 4228 547 4283 terrae
582 4219 727 4300 Aegypti
759 4219 896 4281 inimico
951 4217 1036 4278 Nam
1064 4231 1106 4276 ex
1139 4227 1300 4276 concursu

5 4316 8 4325 “
131 4319 265 4383 duorum
286 4321 411 4383 illorum
434 4327 566 4386 marium
589 4330 656 4384 tota
670 4317 848 4404 Aegyptus
872 4318 1098 4382 absorberetur
1119 4325 1152 4378 et
1167 4316 1299 4380 marinis

4 4448 6 4471 ι
131 4427 223 4506 aquis
243 4427 439 4489 obrueretur.
475 4425 604 4512 Scimus
625 4423 721 4503 enim,
744 4425 900 4502 inquiunt,
923 4421 996 4482 freti
1017 4417 1142 4476 furores
1163 4417 1297 4478 stabiles

131 4545 194 4588 non
230 4545 322 4606 esse,
357 4525 416 4586 scd
441 4527 495 4586 ubi
517 4528 619 4588 locum
646 4524 784 4586 exeundi
805 4518 979 4602 invenerit,
1014 4513 1137 4575 furiose
1159 4517 1294 4594 erumpit
