2896 4872
645 289 709 357 325

77 477 257 558 omnium,
279 479 344 538 imo
366 481 397 540 ei
419 475 580 540 non'esse
608 473 829 536 obediendum.
872 475 936 539 Pro
955 474 1131 538 levissimis
1156 471 1267 537 ausis

77 581 301 645 matrimonia
321 567 471 660 solvunt,
498 577 666 640 simoniam
689 598 754 640 uon
776 589 898 642 eumnt.
941 577 1068 662 Corpus
1090 579 1268 643 christiin

77 703 205 749 coeno
230 685 362 747 Domini
385 683 564 746 coniectum
587 703 646 766 per
666 702 783 746 annum
805 692 990 766 reservant,
1011 684 1140 765 majoris
1160 683 1266 744 aesti—
1322 727 1340 739 ,

78 797 227 853 mantes
248 807 324 852 esse
345 789 523 853 efficaciae.
557 789 848 852 Exoommunieant
868 788 1006 870 Papam,
1027 795 1156 850 nostros
1182 803 1267 869 pon-

78 895 208 958 tifices
232 901 267 955 et
281 876 422 958 'omnem
443 911 609 956 romanum
629 890 749 953 olerum
771 909 880 974 saepe.
914 889 1139 974 'Rebaptizant
1156 891 1265 973 bapti-

78 1008 194 1063 zatos
214 1017 273 1081 per
294 1017 364 1062 nos.
409 999 667 1062 norntmuooem
690 996 869 1077 simplicem
892 1015 958 1058 noo
990 1015 1066 1058 esse
1096 1003 1266 1079 peecatum

77 1104 219 1167 dicunt.
273 1103 332 1167 De.
358 1109 561 1166 sacramento
593 1109 757 1164 extremae
786 1101 956 1163 unotionis
982 1101 1109 1164 modice
1139 1109 1264 1165 curant.

78 1209 224 1273 Barbas
246 1205 356 1270 abradi
378 1215 546 1288 peooatum
565 1224 641 1268 esse
663 1205 781 1267 dieunt.
807 1205 1001 1268 Saeculares
1018 1202 1165 1268 dominos
1186 1221 1268 1288 sup-

79 1321 224 1398 ponunt
246 1313 417 1394 episeopis.
460 1311 587 1374 invidia
608 1311 749 1371 maxima
775 1318 887 1372 eontra
908 1310 1081 1373 eeclesiam
1102 1327 1267 1374 romanam

68 1415 335 1499 exardescunt,
368 1433 466 1499 quare
492 1416 590 1477 etiam
611 1416 731 1476 'iureis
747 1423 846 1477 totam
874 1415 969 1498 quasi
1000 1413 1172 1478 Graeciam
1196 1421 1268 1476 tra-
1315 1401 1323 1418 ’

86 1521 252 1586 diderunt
267 1538 305 1584 se
324 1531 357 1584 et
374 1521 572 1603 provinciam
589 1519 763 1602 perdentes
778 1528 910 1603 propter
931 1519 1104 1584 eeclesiam
1120 1517 1266 1588 latinam.

472 1745 475 1757 ,
592 1685 648 1748 ΙΙΙ.
677 1684 764 1789 Suri.
1082 1698 1105 1738 θ
1168 1689 1171 1698 ’

148 1879 152 1886 -
182 1835 270 1898 Sunt
306 1837 339 1899 in
373 1837 558 1899 Jerusalem
601 1835 731 1899 Suriani
753 1837 821 1898 ret
857 1835 950 1926 Syri,
992 1854 1055 1898 non
1087 1837 1264 1902 Christiani

84 1941 151 2005 sed
176 1959 215 2003 re
237 1940 294 2002 titii
320 1939 503 2019 mendaces,
522 1941 755 2022 inconstantes,
777 1939 894 2004 turtum
917 1961 974 2023 pro
996 1942 1094 2005 nihilo
1113 1951 1267 2026 reputan-

83 2058 153 2128 tes,
165 2045 300 2106 Latiuis
318 2044 464 2106 insidiosi
477 2043 696 2126 sioutGraeoi,
709 2063 841 2127 quorum
861 2045 1042 2109 s‘uhdantur
1058 2045 1223 2110 directioni
1235 2057 1268 2110 et

85 2170 151 2234 per
175 2150 288 2211 omnia
308 2165 418 2212 eorum
435 2149 596 2210 erroribus
618 2156 694 2210 sunt
709 2148 833 2218 infecti.
851 2149 1026 2214 Judaizant
1045 2154 1141 2214 etiam
1162 2170 1267 2235 quan-

28 2323 31 2328 ,
84 2245 162 2318 tum
198 2251 243 2314 ad
275 2253 482 2335 sabbathum,
514 2255 600 2336 quod
634 2253 809 2336 festivant,
839 2255 873 2316 in
896 2256 1075 2318 ·oommuni
1105 2257 1267 2321 locutione

34 2427 36 2432 ,
85 2343 234 2424 utuntur
268 2358 379 2439 lingna
410 2355 631 2439 sarracenica,
654 2358 718 2420 sed
740 2361 773 2419 in
796 2349 915 2422 divinis
937 2361 1074 2442 syriaca.
1117 2361 1265 2434 Moribus

86 2465 283 2529 oouiormes
304 2471 379 2523 sunt
400 2461 593 2526 sarracenis
614 2471 647 2524 et
674 2463 791 2526 barbas
824 2464 940 2546 longas
971 2463 1114 2538 nutriunt
1146 2475 1179 2528 et
1199 2486 1264 2529 nou

87 2543 250 2632 barbatos
273 2565 507 2648 dehonestant,
539 2567 734 2632 effoeminati
765 2575 843 2632 sunt
869 2578 902 2631 et
923 2572 1052 2651 penitus
1073 2570 1117 2634 ad
1137 2571 1264 2634 bellan-

88 2675 168 2738 dum
190 2671 305 2753 inepti.

553 2837 614 2899 IV.
635 2839 813 2902 Jaoohitao.

175 2989 265 3050 Sunt
294 2985 328 3046 in
359 2985 543 3048 Jerusalem
575 2985 768 3071 Christiani,
800 2988 986 3069 Jaeobitae,
1013 2988 1068 3072 qui
1100 2984 1264 3048 duduma

98 3090 285 3176 patriarcha
319 3087 663 3170 eorrstantiuopolitano
707 3091 867 3155 Dioscuro
899 3093 939 3154 ab
978 3092 1118 3154 ecelesia
1146 3107 1265 3174 graeca

95 3205 173 3258 sunt
202 3193 337 3256 exclusi.
380 3192 428 3254 Hi·
458 3192 611 3274 parvuios
642 3213 721 3259 suos
743 3216 831 3259 more
852 3197 1102 3260 Sarracenorum
1125 3195 1264 3257 oiroum-

98 3299 226 3381 oidunt,
268 3315 329 3365 neo
360 3295 551 3359 confitentur
579 3298 643 3370 uisi
677 3299 815 3364 latentes
844 3302 979 3386 quilibet
1009 3302 1072 3364 sibi
1109 3299 1189 3382 ipsi,
1231 3308 1264 3361 et
1364 3293 1366 3300 '

96 3423 161 3466 non
184 3403 246 3465 nisi
267 3420 362 3465 uuam
383 3410 529 3466 naturam
546 3400 722 3468 inchristo
738 3407 945 3489 eonfitemur,
962 3407 996 3469 in
1013 3425 1122 3470 eornm
1138 3403 1264 3468 Officiis

100 3508 210 3592 lingua
231 3506 393 3604 Syrorum
408 3514 548 3570 utuntur.

565 3673 607 3737 V.
633 3674 797 3740 Abessini.

179 3821 263 3886 Sunt
311 3825 345 3886 in
387 3824 519 3887 civitate
565 3832 681 3887 saneta
721 3823 848 3887 Abisini
891 3829 964 3889 sive
1012 3823 1155 3905 indiant,
1205 3821 1261 3904 qui

104 3921 216 3987 habent
238 3945 345 4010 regem
378 3928 603 4010 christianum,
636 3948 731 4012 quem
763 3929 860 3991 etiam
894 3929 1065 3992 Sarraceni
1092 3927 1263 3991 timentia

106 4033 236 4113 tantum,
253 4039 298 4115 ut,
320 4034 374 4115 qui
396 4021 536 4115 potatum
561 4031 631 4112 ejus
649 4033 756 4115 habet,
777 4033 848 4096 sine
864 4031 1089 4115 impedimento
1111 4031 1265 4093 orientem

106 4143 302 4216 pervagatur.
344 4138 387 4198 Hi
409 4136 564 4220 parvulos
586 4137 679 4204 etiam
711 4139 961 4218 eiraumcidunt,
994 4133 1145 4197 candenti
1178 4131 1263 4193 serro

108 4236 225 4300 votum
257 4241 392 4306 adurunt
419 4243 506 4304 et‘in
538 4245 667 4304 nomine
690 4240 812 4304 Christi
835 4235 1016 4323 baptizarit,
1050 4238 1083 4296 in
1103 4236 1262 4299 fermento

108 4333 288 4406 obnseorant
316 4353 352 4415 et
369 4362 448 4408 snos
481 4341 705 4408 iniantessuh
727 4351 868 4424 utraque
886 4341 1120 4410 communicant
1142 4329 1260 4418 speeie

825 4705 827 4711 Ι
870 4653 890 4686 l
