2842 4882
737 221 802 284 444

192 401 314 487 aliquid
337 401 439 485 daret,
473 396 635 462 modinum
663 398 717 462 vel
748 398 840 482 dues,
871 407 906 462 et
934 395 1129 483 congregata
1161 404 1341 483 peremnia
1369 405 1394 462 ei

199 508 371 593 pedagium
388 502 507 568 exinde
528 503 741 568 solveremus.
769 507 842 569 Hoc
865 521 944 586 ergo
958 504 1103 587 lecimus,
1119 514 1153 567 et
1176 523 1273 580 cum
1295 525 1394 569 eornr

201 613 371 694 capitaneo
385 607 652 672 concordavimus
663 617 817 692 procerte
828 627 951 672 summa
964 607 1183 692 madinornm3
1194 629 1282 692 qua
1299 611 1394 672 solun

199 703 388 779 dimiserunt
419 732 479 775 noa
503 711 693 796 procedere,
712 712 841 796 quidam
868 722 974 774 tamen
992 712 1133 794 juvenes
1160 712 1394 775 adhaeserunt

194 822 288 885 nobis
309 817 468 902 usquead
492 824 633 880 montem
650 816 762 899 Synai.
791 817 869 880 Post
890 817 1016 900 longam
1039 817 1125 879 viam
1144 818 1182 879 in
1209 819 1296 880 ista
1317 817 1394 880 valle

195 934 412 989 transcursam
430 922 472 986 ad
485 924 652 985 terminum
669 921 766 984 vallis
782 923 932 1000 venimus
950 923 1063 983 iterum
1076 922 1109 984 in
1124 939 1300 1005 campum
1323 941 1391 1004 spa·

199 1031 327 1112 tiosnm,
343 1031 375 1091 in
387 1047 482 1111 quem
505 1028 545 1089 ab
561 1013 624 1089 alia
637 1033 730 1108 parte
749 1024 875 1087 radices
886 1027 1111 1088 altissimomm
1129 1027 1309 1092 montium
1324 1047 1389 1111 pro-

197 1129 1388 1216 tenduntur,interquosmontesmorrssauetusSyrraierat.Processi-us

197 1257 276 1321 ergo
289 1256 347 1321 per
368 1254 515 1319 campum
538 1238 570 1298 irr
592 1235 739 1319 opposita
759 1245 912 1298 montana
928 1245 959 1297 et
981 1235 1183 1318 pervellem
1209 1256 1324 1300 unam
1344 1239 1384 1298 in-

197 1343 304 1426 gressi
320 1341 484 1404 taediosos
496 1341 650 1403 circuitus
662 1339 808 1420 fecimus,
818 1358 904 1403 nunc
914 1341 987 1422 buc,
999 1357 1086 1402 nunc
1096 1340 1190 1420 illuc,
1203 1340 1383 1404 secundun

201 1445 457 1508 recurvationem
475 1444 576 1521 ¹vallis
598 1431 798 1507 divertendo.
834 1445 949 1527 Longe
970 1454 1078 1506 autem
1101 1443 1245 1508 dedueti
1271 1447 1381 1510 fuimus

202 1567 222 1611 a
254 1549 376 1612 directo
403 1551 530 1609 tramite
559 1558 670 1610 eontra
698 1536 836 1613 montem
863 1555 1011 1612 sanetum
1043 1547 1188 1622 ducente
1217 1560 1255 1612 et
1287 1552 1379 1612 vallas

200 1653 464 1736 praeterivimus,
487 1669 574 1733 quae.
594 1653 787 1717 videbantur
814 1655 855 1717 ad
877 1673 947 1716 eum
970 1652 1125 1735 dirigere3
1148 1673 1230 1716 nam
1267 1656 1378 1718 directe

201 1758 243 1820 ad
265 1757 429 1822 meridiem
442 1763 508 1818 stat
530 1777 624 1820 mons
639 1757 753 1842 Syriai,
774 1758 833 1821 sed
854 1759 1084 1822 obsistentibus
1102 1759 1282 1821 montibus
1305 1777 1376 1821 nnnc

194 1872 312 1944 'contra
334 1865 506 1942 orientem,
528 1871 605 1945 post
627 1864 784 1925 modicum
806 1872 916 1926 eontra
939 1863 1120 1947 aquilonem
1147 1872 1183 1924 et
1208 1863 1374 1947 aliquando

198 1977 311 2031 contra
331 1967 535 2030 occidentem
556 1967 652 2030 devia
673 1968 805 2031 vallium
828 1968 933 2031 secuti
961 1955 1091 2050 sumus,
1113 1967 1148 2029 iu
1169 1985 1241 2048 quo
1266 1985 1373 2051 magno

197 2073 306 2135 taedio
328 2071 436 2136 affecti
458 2073 588 2153 luimus,
603 2071 677 2134 dum
700 2091 907 2136 cerneremus
927 2081 1064 2134 montem
1078 2070 1183 2154 Synai
1208 2072 1372 2156 aliquando

197 2195 219 2238 a
240 2187 331 2260 tergo
351 2185 452 2240 stare.
480 2177 689 2258 Porro,eirea
710 2177 876 2240 meridiem
894 2178 1054 2256 venimus,
1068 2177 1122 2238 ubi
1145 2177 1248 2240 vallis
1266 2181 1370 2240 iterun

197 2281 422 2344 reflectebatur
442 2292 554 2344 contra
575 2280 747 2364 meridiem,
763 2290 795 2344 et
820 2263 904 2344 altos
925 2290 1051 2354 montes
1073 2279 1146 2360 (41
1157 2281 1208 2361 a)
1231 2291 1369 2365 postter-

197 2387 348 2468 gavimus
370 2387 405 2448 et'
420 2395 514 2467 caput
534 2385 651 2447 montis
664 2384 767 2469 Synai
790 2386 909 2449 clarius
921 2385 1063 2450 vidimus
1084 2386 1214 2448 eunctis
1233 2387 1368 2448 cacumi-

197 2489 292 2551 nibus
314 2507 412 2571 auper
434 2489 584 2552 eminere.
606 2491 675 2554 Fol.
695 2493 748 2556 38.
770 2493 809 2554 b.
841 2493 900 2554 Est
923 2492 1057 2552 enimin
1077 2489 1133 2551 illo
1156 2489 1290 2553 deserto
1306 2490 1368 2572 sy-

198 2595 253 2655 nai
275 2595 430 2656 mirabilis
454 2595 542 2676 regio
574 2592 614 2656 de
636 2593 776 2655 excelsis
801 2602 832 2654 ct
853 2596 1049 2658 acutissimis
1071 2595 1248 2667 montibus.
1293 2595 1365 2658 Cum

199 2716 278 2780 ergo
300 2708 411 2761 eontra
433 2707 572 2760 montem
604 2706 751 2760 serratum
781 2700 945 2781 paululum
974 2717 1046 2761 enm
1071 2698 1192 2781 gaudie
1215 2699 1363 2782 procede

198 2819 325 2884 remus,
353 2803 487 2865 dimissa
515 2802 602 2864 valle
629 2803 844 2888 meridionali,
867 2824 950 2884 quae
981 2803 1151 2868 videbatur
1180 2803 1225 2866 ad
1246 2804 1362 2866 radicas

198 2905 269 2988 ejus
296 2906 466 2989 deducere,
495 2907 692 2990 pervellem
722 2907 937 2991 aquilonarem
957 2918 1031 2992 post
1063 2909 1215 2974 ductores
1244 2920 1361 2972 nostroe

200 3008 391 3074 divertimus
413 3021 445 3075 et
466 3014 565 3084 monti
576 3011 679 3095 Syriai
700 3013 812 3100 iterum
834 3022 926 3096 terga
949 3015 1122 3096 vertimus,
1148 3033 1190 3076 ex
1214 3031 1278 3096 qno
1299 3033 1358 3076 cun

200 3131 360 3179 murmure
381 3126 413 3179 et
434 3136 552 3200 magua
573 3117 770 3201 impatientia
791 3119 1020 3201 processimus.
1052 3116 1165 3181 Ortum
1189 3125 1242 3180 est
1262 3129 1357 3180 auten

199 3219 333 3282 verbum
350 3222 433 3284 iuter
449 3225 646 3304 peregrinos,
663 3221 747 3304 qued
762 3221 900 3304 Arabes,
917 3222 1078 3285 camelarii
1100 3223 1213 3302 nestri,
1227 3223 1356 3286 studiose

197 3339 258 3382 nos
281 3342 340 3403 per
361 3324 456 3388 devia
477 3325 597 3388 deserti
619 3326 895 3390 circumducerent
925 3335 955 3390 et
977 3346 1038 3390 nos
1065 3326 1170 3390 taedio
1192 3328 1353 3416 afficerent,

197 3433 358 3504 quatenus
382 3431 430 3490 eis
452 3433 619 3513 pecuniam
641 3429 801 3514 daremus,
824 3439 859 3493 ut
880 3434 1106 3516 propinquiora
1124 3432 1239 3494 itinera
1260 3443 1354 3494 trans-

197 3535 291 3616 irent,
307 3536 383 3617 quia
407 3552 425 3595 a
448 3535 586 3598 vallibus
601 3535 812 3618 divertebant,
825 3554 909 3618 quae
930 3539 1121 3602 videbantur
1136 3541 1248 3598 eontra
1263 3537 1351 3598 locum

197 3645 343 3722 optatum
364 3638 535 3722 iuducere,
565 3648 595 3701 et
619 3639 659 3701 ad
679 3638 786 3702 valles
808 3643 986 3706 contrarias
1007 3659 1045 3706 se
1067 3640 1307 3721 convertebant,
1327 3649 1351 3700 et

195 3741 269 3805 ideo
291 3742 337 3806 illi
357 3745 528 3827 peregrini,
551 3745 604 3826 qui
627 3744 874 3826 suspicabantur
893 3745 1038 3811 dolosam
1053 3743 1348 3822 circumductionem,

195 3848 433 3910 murmurabant
463 3856 496 3911 et
518 3847 634 3914 Calino
657 3866 696 3912 ae
718 3847 902 3914 ductoribus
923 3832 1182 3936 maledicebant.v
1207 3847 1351 3912 Eeootra

195 3951 249 4014 alii
270 3952 431 4035 peregrini
466 3952 626 4037 dicebant,
648 3951 733 4037 quod
755 3953 812 4016 illa
838 3961 929 4019 esset
949 3972 1029 4019 vera
1059 3955 1114 4019 via
1148 3960 1180 4015 et
1199 3951 1241 4014 ibi
1273 3963 1351 4016 esset

195 4053 303 4118 nullus
331 4054 424 4118 dolus
458 4066 490 4119 et
520 4059 728 4141 increpabant
762 4069 996 4124 murmurantes
1029 4061 1071 4125 de
1090 4055 1349 4122 maledictionibus

195 4167 227 4219 et
248 4159 332 4221 inter
353 4159 435 4223 lraeo
458 4161 701 4227 corrixabantur
723 4163 771 4229 illi
799 4163 917 4226 milites
944 4163 1039 4227 sirum
1068 4173 1100 4226 et
1122 4163 1296 4244 lneeperunt
1315 4181 1348 4226 se

195 4255 376 4335 opprobriis
412 4267 447 4322 et
480 4261 759 4344 objurgationibus
808 4265 1020 4330 debonestare
1062 4275 1095 4343 et
1134 4265 1195 4330 sibl
1225 4266 1345 4330 invlcen
