2842 4882
739 257 804 320 tot

194 451 348 508 terrorem
367 447 402 502 et
415 439 555 504 nondum
570 437 750 524 completae
767 441 896 502 luerunt
913 435 1099 520 iniquitates
1110 434 1385 516 nmnsttnorum,

191 548 547 627 sicutAmorraeorum,
569 554 603 608 ut
624 547 688 608 lam
707 544 826 628 expelli
847 545 1039 626 potuissent.
1069 541 1113 604 itt
1134 542 1184 604 ita
1205 543 1274 605 via
1297 542 1384 606 lilio-

192 672 261 718 rum
294 650 396 714 lsrael
427 651 487 713 fuit
518 648 651 713 multum
680 649 778 732 longa
798 658 832 710 et
861 667 966 721 curva,
985 657 1018 710 et
1047 665 1107 730 per
1133 645 1321 710 desertum
1344 647 1379 708 ab

192 757 258 821 alia
278 765 372 840 parte
392 755 490 818 maris
520 757 636 820 mortui
659 754 896 818 adscenderunt
921 772 981 837 per
1001 771 1134 836 reguum
1169 749 1251 834 Og,
1294 751 1380 833 regis

192 861 312 945 Basan,
338 869 375 928 ,et
403 879 462 943 per
484 877 619 940 reguum
649 859 756 943 Secu,
785 861 873 943 regis
900 859 1165 938 Amorraeornm,
1196 874 1319 940 usque
1341 854 1376 918 ad

190 965 314 1050 locum,
340 966 395 1029 ubi
425 963 579 1028 Jordauis
605 961 754 1028 faucibus
791 965 888 1028 maris
921 966 1041 1026 mortui
1068 961 1242 1043 allabitur,
1271 970 1308 1022 et
1339 961 1375 1023 ibi

192 1073 359 1136 exsiccato
380 1067 525 1133 Jordane
544 1079 657 1132 contra
677 1069 810 1133 Jericho
831 1070 1000 1132 interram
1022 1075 1168 1130 sanctam
1197 1071 1374 1128 venerunt·

110 1175 117 1188 '
194 1176 359 1239 Abraham
381 1193 461 1237 vero
485 1184 518 1236 et
539 1174 643 1238 Jacob
665 1184 697 1238 et
716 1173 773 1237 tilii
795 1175 876 1256 cius,
898 1172 1024 1255 Joseph
1044 1180 1077 1234 et
1096 1169 1207 1232 illaria
1231 1180 1272 1231 et
1296 1187 1369 1232 cae-

192 1281 265 1363 teri,
288 1278 524 1344 descenderunt
547 1281 581 1340 iu
591 1280 779 1364 Aegyptum
803 1280 968 1362 perviam
990 1293 1194 1340 communem
1217 1275 1370 1358 negotia·

196 1392 301 1448 torum
324 1402 422 1465 super
443 1384 534 1447 littus
561 1387 659 1447 maris
688 1383 813 1467 magui,
847 1385 1003 1447 babentes
1035 1379 1076 1442 ad
1097 1379 1254 1454 dextram
1279 1396 1369 1458 mare,

191 1489 232 1551 ad
254 1489 417 1550 sinistram
439 1507 518 1551 vero
547 1488 730 1572 desertum,
757 1489 906 1552 et·hodie
928 1487 1106 1551 communic
1136 1491 1246 1547 strata
1271 1493 1324 1546 est
1342 1489 1368 1543 et

192 1593 247 1656 via
277 1593 364 1676 regia
393 1590 657 1656 descendentium
690 1593 731 1656 tle
748 1591 844 1658 (laza
871 1595 905 1657 iu
926 1581 1132 1674 Aegyptum,
1160 1590 1322 1673 quamvis
1341 1595 1367 1648 et

195 1697 268 1782 ipsa
291 1699 345 1759 via
366 1699 408 1760 sit
430 1715 567 1762 arenosa
588 1707 621 1760 et
637 1699 807 1782 laboriosa,
829 1701 862 1761 iu
883 1717 948 1784 qua
969 1694 1184 1760 ostenduntur
1207 1693 1365 1777 quaedam

193 1801 336 1884 insignia
364 1798 583 1864 itinerationis
612 1803 728 1865 beatae
749 1799 874 1878 Mariae
904 1802 1051 1886 Virginis
1073 1809 1107 1863 et
1128 1799 1263 1881 Joseph
1302 1817 1365 1861 cun

195 1925 298 1992 puero
326 1907 423 1991 Jesu‚
455 1915 567 1990 utpote
587 1906 695 1989 locus,
727 1910 760 1970 in
782 1929 845 1993 quo
867 1927 887 1971 a
907 1903 1083 1969 latronibus
1106 1903 1241 1966 luerunt
1264 1901 1363 1968 invasi

197 2021 231 2075 et
263 2012 496 2095 comprehensi.
539 2010 627 2075 Dicit
659 2015 743 2076 euim
775 2014 993 2094 Aushelmus,
1025 2008 1110 2094 quod
1143 2010 1223 2072 dum
1244 2008 1363 2091 Josept

196 2135 270 2182 cum
291 2118 396 2180 Maria
406 2115 543 2200 Virgine
565 2123 598 2180 et
620 2137 719 2200 puero
740 2120 822 2183 Jesu
844 2103 902 2202 per
921 2111 1011 2181 viam
1032 2135 1103 2178 eam
1125 2113 1363 2179 descenderunt

194 2231 229 2286 et
251 2221 437 2307 quiescendi
454 2223 561 2304 gratia
582 2224 615 2286 in
628 2224 765 2306 quodam
783 2224 855 2288 loco
877 2221 1059 2301 residerent
1076 2219 1250 2302 virgoque
1274 2221 1361 2282 beata

192 2346 326 2411 puerum
346 2326 461 2388 lesum
485 2326 631 2409 lactaret,
657 2348 745 2411 ecce,
770 2330 898 2392 Arabes
916 2311 1063 2390 'latrones
1082 2325 1123 2388 de
1144 2324 1362 2405 penetralibus

193 2439 399 2515 erumpentes
418 2449 476 2494 eos
497 2428 787 2517 circumdederunt,
810 2440 846 2496 ut
869 2441 1022 2514 caperent
1043 2438 1076 2492 et
1096 2428 1296 2512 spoliareut3
1315 2429 1362 2510 ju-

192 2535 287 2599 venis
309 2543 415 2599 autem
438 2535 585 2620 quidam,
607 2537 693 2601 lilius
712 2538 866 2621 principis
887 2536 1064 2618 latronum,
1091 2534 1211 2598 videus
1233 2551 1362 2616 puerum

191 2641 224 2702 in
250 2639 374 2722 gremio
397 2641 519 2723 matris,
542 2650 647 2705 tactus
670 2625 824 2706 divinitus
847 2642 925 2705 miro
945 2649 1056 2703 amore
1077 2639 1200 2706 exarsit
1222 2641 1258 2702 in
1285 2657 1360 2720 pue-

193 2763 279 2829 rum,
305 2762 370 2808 nou
392 2744 560 2829 dubitans,
583 2747 728 2811 divinum
749 2746 826 2830 quid
848 2747 881 2809 iu
903 2765 1003 2828 puero
1025 2745 1128 2807 latere
1148 2751 1181 2805 et
1201 2743 1361 2825 postulato

191 2869 292 2935 puero
314 2869 334 2913 a
356 2860 457 2917 matre
479 2868 551 2912 eum
574 2869 647 2914 cum
675 2853 798 2934 ingenti
819 2851 1028 2915 veneratione
1054 2849 1183 2930 accepit
1205 2858 1243 2912 et
1267 2849 1359 2912 deos·

192 2954 360 3018 culebatur
392 2955 520 3018 diceus:
554 2954 685 3040 Opuer
705 2956 830 3036 inclite,
852 2955 946 3037 mihi,
970 2952 1044 3016 dnm
1066 2960 1263 3035 oportunum
1289 2955 1361 3016 fne-

193 3059 250 3142 rit,
280 3061 454 3124 miserere!
483 3061 576 3124 Haec
598 3062 710 3125 dicens
746 3079 818 3124 cum
840 3061 919 3122 fletu
946 3077 1079 3143 puerum
1095 3057 1196 3140 ¹riustri
1226 3057 1360 3120 reddidit

193 3151 315 3248 eosque
342 3164 382 3227 de
410 3167 557 3230 manibus
587 3169 747 3230 sociorum
779 3165 894 3247 eripuit
931 3171 965 3226 et
989 3165 1045 3226 via
1078 3179 1199 3225 secura
1233 3171 1360 3226 ostensa

195 3268 284 3330 abire
312 3270 466 3350 permisit.
518 3271 582 3334 Hic
612 3279 719 3334 autem
744 3270 876 3353 juvenis
908 3269 1023 3331 dicitur
1055 3266 1158 3329 fuisse
1185 3264 1272 3330 latro
1300 3267 1357 3348 ille,

193 3369 250 3455 qui
271 3371 305 3433 iu
326 3390 422 3436 cruce
443 3394 517 3438 cum
539 3373 670 3438 Christo
692 3374 839 3458 pendeus
860 3374 957 3438 dixit:
988 3379 1148 3434 memento
1178 3373 1265 3451 mel,
1295 3372 1358 3436 Do·

191 3475 294 3559 urina,
328 3476 403 3540 dum
425 3480 555 3542 verteris
577 3480 610 3542 iu
632 3498 766 3563 regnum
797 3489 896 3542 tuum.
939 3477 1048 3540 ll'ertia
1077 3493 1158 3539 vero
1191 3477 1250 3539 via
1273 3487 1359 3540 esta

193 3577 287 3644 Gaea
309 3581 343 3643 iu
365 3580 526 3666 desertum
565 3593 676 3649 contra
708 3593 846 3646 montem
877 3582 981 3666 Syriai
1009 3581 1149 3662 directe,
1175 3599 1237 3662 per
1267 3599 1356 3664 quan

190 3682 228 3753 S.
249 3683 340 3747 Elias
364 3688 512 3752 transivit
534 3695 567 3750 et
589 3689 709 3752 caeteri
741 3690 865 3771 sancti,
895 3689 950 3772 qui
973 3687 1106 3750 visitare
1134 3691 1278 3750 moutam
1300 3687 1355 3748 lici

189 3785 276 3852 oreb
296 3788 458 3852 volebant.
485 3792 528 3856 ttt
549 3794 631 3858 baec
652 3799 704 3856 est
724 3793 780 3856 vie
801 3799 924 3876 nostra,
946 3801 980 3856 et
1001 3791 1105 3874 modo,
1127 3793 1356 3876 (persequitur,

125 3952 131 3974 ,
191 3911 417 3980 processimus.
1215 3913 1219 3920 ·
