2842 4882
602 277 667 344 117

43 481 110 531 non
132 463 260 550 purim
278 463 313 527 in
334 445 447 545 attam,
467 445 528 524 sed
548 467 780 544 superterram
800 457 1014 524 trahebantur
1029 457 1065 520 in
1084 454 1217 539 longum
1343 503 1349 520 .

43 591 104 654 per
135 587 252 654 gyrum
284 565 414 649 radicis,
434 573 469 628 et
498 564 681 648 pendebant
701 565 735 626 in
766 581 806 627 aa
826 562 928 627 multa
957 562 1044 626 rada
1071 561 1217 645 pedatura,

46 674 162 738 viridis
183 673 302 736 eoloris
323 669 442 752 glanno
461 672 573 749 mixto,
588 669 622 731 iu
644 669 826 751 quantitate
846 669 911 750 (ia)
924 667 1067 731 dranum
1088 659 1219 750 png'no-

47 797 128 860 rum,
153 777 275 839 formae
296 774 494 856 sphaerioaa
536 774 629 835 Haeo
650 790 745 854 poma
774 772 849 836 dam
870 771 1068 836 vidissemus
1074 809 1087 848 ,
1109 771 1219 834 atieeti

45 879 285 963 puiehritudine
326 877 503 941 desidimus
545 873 587 940 de
618 878 721 940 asinis
752 885 785 938 et
817 875 1009 958 collegimus
1037 883 1218 956 carpentes,

48 987 155 1047 nostri
171 995 281 1047 antem
297 981 450 1046 ductores
471 998 544 1044 enm
566 984 634 1044 risu
646 987 875 1064 processerunt
895 979 1039 1042 seientes
1060 979 1125 1041 vim
1148 976 1224 1041 itio-

47 1108 119 1152 rnm
152 1087 326 1168 malorum,
347 1103 445 1169 quam
476 1102 537 1148 nos
567 1087 805 1170 ignoravimus,
825 1084 911 1146 sieut
937 1099 1000 1144 neo
1026 1083 1100 1165 ipsa
1127 1100 1223 1165 poma

47 1181 281 1258 novimus'neo
302 1208 452 1273 umquam
475 1187 669 1252 videramus
700 1188 1010 1270 Carpentesautem
1032 1205 1128 1270 poma
1145 1185 1222 1270 qni-
1287 1209 1289 1212 ·

50 1298 125 1360 dam
153 1298 262 1359 atatim
296 1295 339 1359 ad
365 1313 409 1358 ns
441 1292 674 1378 applionerunt‚
699 1303 735 1356 ut
767 1292 909 1375 ederent,
940 1291 1000 1354 sed
1032 1300 1122 1354 tanta
1152 1299 1222 1353 erat

50 1401 241 1482 amaritudo,
257 1402 343 1485 qnod
355 1402 440 1464 labia
447 1409 530 1465 ante
546 1398 688 1462 dentium
702 1398 934 1482 appositionem
947 1396 1223 1480 obstupescebant

18 1513 21 1516 '
49 1515 85 1569 et
105 1507 389 1590 contrahebantur,
411 1524 474 1569 nee
505 1504 642 1588 alicujus
674 1504 823 1568 animalia
857 1502 902 1565 iel
929 1511 1222 1586 quantumcumque

52 1619 186 1674 sontum
217 1621 269 1675 est
291 1622 355 1675 tam
377 1614 555 1675 immensae
575 1609 809 1672 amaritudinis.
837 1606 932 1672 Unde
950 1610 984 1670 in
1007 1607 1117 1670 moltis
1133 1607 1223 1671 horis

49 1717 148 1780 habui
168 1734 208 1779 os
223 1716 388 1800 iniectum,
400 1716 504 1780 solnm
526 1734 569 1778 ex
588 1716 799 1798 appositione
828 1715 1032 1776 natantem
1045 1711 1223 1777 ouonrbita

48 1821 222 1904 silvestris,
235 1840 331 1906 qnam
343 1819 593 1903 coloquintidem
607 1819 786 1902 nominant,
800 1837 885 1902 qnae
897 1817 1014 1882 dieitur
1023 1819 1053 1881 t.
1065 1815 1149 1900 Reg.
1162 1816 1220 1879 IV.

49 1943 138 1989 mors
165 1927 199 1988 in
220 1925 293 1988 olla.
332 1925 469 1988 Deillis
490 1926 594 2007 pomis
615 1924 800 2007 aooepimns
821 1924 863 1987 ad
884 1941 946 1986 uos
977 1929 1012 1984 et
1031 1921 1222 1984 volebamus

53 2029 181 2091 deferre
211 2031 245 2091 in
276 2033 430 2111 patriam,
450 2028 510 2090 sed
535 2038 601 2090 tam
634 2038 729 2092 sonte
750 2029 810 2093 fuit
831 2047 942 2091 earum
971 2025 1166 2106 amaritudo,
1186 2033 1224 2089 ut

12 2195 16 2202 ,
52 2135 161 2196 omnia
181 2133 337 2214 indueret,
353 2151 438 2216 qnae
456 2142 623 2216 tangerent
638 2151 733 2215 poma
750 2133 815 2197 illa
844 2132 939 2197 Unde
959 2148 1075 2196 manns
1092 2140 1224 2194 nostrae

56 2239 167 2302 multis
193 2238 307 2301 diebus
329 2249 421 2301 erant
451 2239 665 2303 amaritudine
687 2239 847 2322 intectae,
871 2257 954 2322 quae
976 2251 1038 2301 neo
1058 2254 1143 2320 aqna
1163 2253 1226 2299 neo

51 2343 125 2406 aliis
157 2343 378 2408 fricationibua
407 2346 511 2427 potuit
542 2345 702 2427 abstergi,
725 2352 758 2406 ot
788 2343 911 2406 cultelli
936 2344 1037 2408 nostri
1064 2341 1224 2424 similiter,

52 2450 170 2531 quibus
191 2467 230 2511 ea
246 2447 426 2512 divisimus.
454 2451 528 2514 Duo
550 2438 646 2532 poma
666 2467 728 2532 ego
750 2452 852 2532 prima
865 2448 939 2511 vioe
960 2451 1055 2532 posui
1075 2450 1108 2512 in
1130 2465 1225 2530 apor-

52 2563 118 2616 tam
140 2562 295 2636 nostram,
331 2557 364 2617 in
386 2575 450 2640 qna
470 2557 568 2634 habui
589 2572 707 2618 earnes
735 2563 767 2617 et
793 2555 985 2637 paximatius
1016 2562 1050 2616 et
1081 2572 1224 2636 naseam,

51 2676 137 2740 qnae
173 2660 218 2721 ita
247 2658 370 2720 infeota
401 2660 613 2724 amaritudine
645 2661 790 2742 inerunt,
825 2658 910 2744 qnod
940 2677 981 2723 ea
1011 2660 1099 2724 uallo
1131 2661 1225 2725 modo

51 2765 144 2846 potui
170 2769 316 2846 gustare,
338 2765 437 2824 etita
458 2781 713 2846 carnes,panes
741 2775 774 2828 et
804 2783 934 2829 osseum
956 2766 1051 2830 simul
1073 2783 1145 2830 eum
1167 2783 1226 2830 oo-

52 2865 231 2947 loqnintide
252 2876 388 2930 ooaotus
411 2867 457 2930 ini
478 2867 655 2950 effundere,
682 2867 742 2930 sed
764 2878 797 2932 ot
818 2880 931 2952 sporta
952 2872 1110 2934 contraxit
1132 2888 1225 2935 ama-

54 2969 234 3052 ritudinem,
255 2974 319 3054 ita,
348 2972 434 3053 qnod
459 2991 509 3055 ea,
531 2991 616 3058 qnae
647 2983 762 3056 postea
786 2975 937 3057 imposui,
970 2993 1079 3038 amara
1099 2976 1223 3039 iierent.

54 3079 95 3136 ln
117 3074 172 3136 illo
193 3093 271 3157 ergo
294 3083 433 3139 torrente
454 3096 512 3160 per
532 3080 671 3141 uirentia
684 3080 741 3144 ilia
761 3081 981 3161 processimus
1003 3091 1113 3143 eontra
1134 3083 1225 3144 onci-

54 3180 185 3243 dentom
225 3190 401 3263 aequantes
437 3185 589 3246 torrentis
621 3183 761 3248 alveum.
830 3185 952 3247 Verum
984 3203 1058 3249 oum
1090 3186 1224 3250 muttum

54 3282 341 3368 deseendissimns,
354 3284 541 3352 doteoorunt
554 3297 683 3352 montes
703 3289 834 3374 petrosi,
851 3298 882 3352 et
904 3292 1017 3362 iterum
1039 3293 1073 3355 in
1094 3285 1224 3356 arenam

52 3391 275 3454 tenuissimam
303 3400 336 3455 et
367 3393 610 3459 subtilissimam
631 3395 820 3478 ineidimna,
841 3412 925 3477 quae
947 3393 988 3458 de
1010 3400 1170 3462 montibus
1190 3399 1225 3462 in

53 3495 174 3560 vallem
197 3495 330 3579 fluebat,
359 3506 392 3560 et
420 3500 454 3561 in
474 3500 530 3563 illo
561 3500 633 3566 looo
665 3517 727 3564 nee
756 3517 891 3583 gramen
923 3517 985 3564 neo
1015 3501 1126 3568 folium
1164 3523 1228 3569 neo

52 3603 228 3687 quidquam
249 3602 354 3667 viride
374 3607 565 3690 appareba13
587 3605 676 3668 nulla
697 3606 781 3691 enim
813 3606 858 3669 ibi
878 3609 1025 3689 gramina
1055 3622 1127 3675 asta
1148 3629 1228 3695 pro-

51 3707 166 3771 venire
186 3717 335 3790 possunt,
349 3711 469 3793 qnippe
487 3712 630 3776 instabili
643 3711 715 3775 loeo
737 3713 901 3784 arentibus
914 3717 1021 3778 arenis
1043 3714 1084 3779 ad
1099 3734 1226 3780 omnem

52 3820 175 3876 motum
210 3823 377 3878 ventorum
411 3817 610 3884 dedentibus.
649 3818 704 3886 Ea
734 3819 780 3881 ibi
809 3819 882 3904 sota
900 3823 1020 3884 messis
1054 3830 1121 3903 est,
1143 3839 1228 3904 quae

54 3915 221 3980 eeleritate
249 3930 428 4002 proventus
459 3934 689 4006 perustarum
721 3923 802 3988 solis
836 3925 909 3988 sive
939 3926 1027 3986 aeria
1057 3936 1228 3988 ventorum

56 4038 155 4083 nasus
186 4023 326 4086 evadare
357 4026 450 4089 solet
504 4029 622 4092 Fertur
650 4030 752 4109 enirn,
780 4027 865 4111 qnod
895 4029 929 4090 in
957 4028 1118 4092 taltsmodi
1146 4029 1229 4094 lonis

56 4144 77 4188 a
105 4124 158 4188 die
188 4126 268 4208 jaoti
289 4133 423 4194 seminis
453 4133 506 4197 30.
546 4133 600 4196 die
623 4141 850 4199 maturescunt.
894 4131 977 4196 Cum
1009 4153 1087 4219 ergo
1114 4135 1228 4198 venis-

55 4247 185 4313 semus,
209 4232 264 4295 obi
285 4233 404 4298 limbus
432 4238 529 4302 valtis
554 4239 703 4302 humilior
726 4255 802 4299 esse
822 4239 940 4322 eoepit,
967 4242 1144 4305 avertimus
1165 4261 1226 4308 nos

55 4355 77 4400 a
96 4338 246 4402 torrentia
278 4340 378 4406 fundo
398 4353 431 4408 ot
460 4347 636 4430 marginem
667 4342 874 4410 ascendimus
908 4361 1088 4446 arenosum·
1113 4358 1227 4415 eontra

950 4444 986 4502 27
