2842 4882
665 287 789 382 asts

1 589 2 594 ἵ
101 497 310 582 Georgiani,
341 479 497 564 haeretici
518 497 603 562 sicut
625 469 746 562 Graeci
757 539 767 582 ‚
787 457 922 582 quorum
944 504 1036 564 tants
1056 454 1226 572 multitudo
1247 467 1282 562 in

100 604 320 667 orientalibus
359 603 552 686 provinciis,
595 601 680 685 qood
720 621 835 667 omncs
870 619 928 666 eos
969 605 1101 685 timent,
1143 612 1177 667 et
1210 597 1283 668 sine

2 774 5 781 ,
99 705 270 772 solutione
291 706 569 774 tlreloniorumset
590 705 799 791 pedagiorum
830 723 889 787 per
920 707 1072 790 regiones
1098 707 1280 790 procedunt

101 815 180 879 sinc
201 813 316 876 timore
345 819 380 875 et
412 810 580 876 neminem
605 821 735 894 curant,
768 819 803 874 ot
825 827 934 873 corum
962 811 1091 894 propria
1109 809 1280 895 provincia

101 927 137 1000 et
160 927 245 980 terra
266 924 319 980 est
335 916 429 999 juxta
449 923 577 978 montes
600 912 757 996 Caspios,
771 985 774 990 ,
790 909 929 998 longea
962 922 1049 979 terra
1081 924 1215 997 sancta,
1245 923 1279 980 et

101 1031 182 1085 aunt
203 1023 349 1084 homines
371 1019 514 1103 pulchri,
536 1018 695 1099 curiales,
716 1017 832 1080 civiles
851 1026 885 1081 ct
903 1016 1028 1102 frigidi,
1045 1019 1279 1096 ,non‘idconth
1342 1039 1344 1048 ·

101 1135 222 1188 nentes
244 1128 321 1189 irae.
364 1127 411 1188 Hi
432 1143 528 1208 ergo,
550 1124 627 1206 quia
646 1120 825 1212 Christiani
845 1131 921 1192 sunt
954 1132 987 1187 et
1006 1124 1150 1208 gentium
1171 1141 1281 1188 moros

102 1240 140 1293 et
169 1231 297 1313 linguas
319 1238 435 1292 norunt
456 1237 489 1291 et
510 1229 610 1292 libere
630 1245 690 1310 per
706 1229 858 1310 regiones
878 1228 1041 1313 incedunt,
1057 1215 1281 1292 conducuntur

1 1325 2 1365 ³
103 1333 147 1397 ad
170 1333 351 1398 ducendum
371 1334 561 1417 peregrinos
582 1333 623 1396 de
643 1332 827 1396 Jerusalem
848 1339 952 1416 usqne
973 1336 1007 1397 in
1028 1332 1215 1416 Aegyptum
1243 1334 1280 1398 in·

102 1439 217 1504 asinis.
261 1437 319 1501 Sic
340 1457 418 1523 ergo
439 1439 522 1502 asini
544 1448 577 1502 et
597 1433 729 1510 asinarii
749 1437 926 1502 secundum
948 1439 1125 1522 qualitates
1146 1455 1279 1502 suarum

1 1633 3 1638 ‚
103 1543 328 1618 conditionum
347 1552 423 1607 sunt
450 1543 492 1606 ad
520 1545 694 1606 ¹transitum
717 1543 836 1606 deserti
857 1559 983 1616 summe
1004 1545 1072 1628 apti
1096 1553 1130 1610 et
1151 1561 1279 1610 convc-

104 1653 245 1735 nientcs,
266 1657 301 1714 ut
322 1651 395 1733 ipsa
415 1649 631 1732 peregrinatio
648 1647 776 1714 docebit
800 1650 835 1710 in
856 1645 1024 1732 processu.

274 1968 277 1976 ⁸
306 1885 366 1961 Dc
392 1883 610 1960 camelorum
634 1887 763 1957 natura
787 1888 827 1998 ct
847 1882 1082 1985 proprietate.
1167 1973 1168 1978 Ἰ
1298 1890 1304 1907 “

189 2066 313 2132 Cameli
335 2072 414 2129 sunt
445 2067 541 2127 etiam
563 2062 689 2125 bestiae
717 2060 815 2126 valde
836 2066 1097 2147 proportionatae
1118 2071 1153 2128 ct
1174 2070 1274 2148 aptae

84 2192 165 2256 pro
186 2171 325 2253 transitu
347 2169 476 2232 deserti.
510 2170 585 2230 Hae
604 2167 730 2228 bestiae
751 2176 829 2230 sunt
850 2168 936 2251 apud
956 2187 1017 2233 noa
1038 2178 1191 2256 monstra,
1215 2167 1275 2232 scd

107 2277 315 2359 inpartibus
351 2273 575 2337 'transmarinis
619 2280 711 2335 santi
738 2255 1020 2364 communissimaa
1057 2283 1090 2337 ot
1107 2272 1275 2366 'incedunt

105 2382 264 2465 gregatim
286 2381 319 2442 iu
340 2397 458 2464 magno
480 2387 513 2441 et
534 2378 667 2459 copioso
698 2395 831 2440 numero
853 2381 887 2442 in
918 2387 1022 2462 pasta
1062 2376 1191 2443 Dicitur
1212 2396 1274 2442 au-

104 2495 171 2550 tem
193 2485 337 2548 camelus
358 2503 378 2547 a
400 2501 537 2566 camyn,·
556 2480 643 2565 quod
665 2490 716 2544 est
737 2483 837 2547 breve
857 2485 914 2547 vel
933 2486 1064 2568 humile,
1087 2485 1181 2569 quia,
1199 2500 1274 2546 curn

105 2600 289 2671 onerantur,
310 2591 519 2672 accumbunt,
547 2595 584 2651 ut
604 2589 773 2652 breviores
794 2587 889 2673 liant3
921 2591 976 2655 vel
1002 2610 1023 2654 a
1043 2579 1163 2670 camur,
1185 2586 1274 2680 qnod

105 2705 155 2758 est
187 2713 340 2778 curvum,
378 2695 454 2789 quia
483 2695 656 2758 incurvant
676 2711 714 2758 sc
734 2697 769 2757 in
797 2697 1005 2779 susceptione
1036 2715 1185 2778 onerum,
1219 2692 1274 2756 vel

107 2802 183 2883 quia
205 2816 339 2862 curvum
363 2797 493 2868 dorsum
523 2798 654 2868 habent.
694 2798 769 2862 Duo
791 2809 897 2883 antem
918 2809 996 2864 sunt
1015 2819 1137 2884 genera
1162 2816 1275 2877 came-

106 2903 224 2989 lorum,
259 2901 386 2964 scilicet
418 2903 553 2966 bactrici
590 2912 623 2965 at
654 2903 776 2966 arabici
814 2903 937 2970 cameli.
991 2904 1123 2969 Arabici
1157 2897 1276 2986 cameli

106 3006 180 3071 bina
200 3007 322 3088 habent
346 3007 459 3068 tubera
468 3007 513 3068 -in
539 3004 653 3088 dorso,
685 3015 718 3068 ct
738 3013 817 3070 sunt
849 3007 1017 3089 perviores
1059 3007 1274 3090 tardiorisquo

106 3129 240 3195 gressus
270 3108 356 3192 (2⁰
368 3112 424 3192 a).
468 3108 593 3172 Cameli
619 3117 727 3172 autem
755 3093 797 3173 da
822 3111 953 3173 Bactria
974 3129 1072 3174 unum
1097 3109 1274 3176 habentia

108 3217 204 3278 dorso
224 3215 333 3295 tuber,
352 3213 388 3294 in
409 3231 473 3296 qno
495 3222 641 3296 portant,
665 3211 815 3276 aliurnin
837 3224 980 3299 pectore,
1001 3216 1054 3279 cui
1074 3215 1281 3297 incumbunt,

107 3328 141 3383 et
160 3329 236 3383 sunt
256 3318 389 3383 veloces
411 3316 546 3382 multum
563 3328 602 3381 ct
622 3319 790 3402 part-iores
817 3320 951 3384 camelis
973 3321 1121 3386 arabicis.
1165 3317 1273 3384 Credo

106 3435 227 3508 autem,
252 3422 337 3508 quod
358 3422 475 3486 cameli
494 3423 628 3487 bactrici
650 3425 745 3488 titiam
767 3427 970 3488 nominentur
987 3424 1151 3509 dromadi,
1172 3444 1273 3509 prop-

105 3542 151 3596 ter
169 3530 374 3593 velocitatem
395 3545 528 3609 cursus,
562 3531 637 3610 quia
658 3528 830 3602 dromedas
851 3529 943 3602 idem,
959 3540 1010 3627 est
1023 3531 1127 3616 .qood
1154 3547 1273 3595 cursus

104 3637 155 3700 vel
188 3652 325 3722 curvus,
349 3641 383 3696 ct
403 3641 454 3694 est
474 3649 580 3714 genus
613 3635 823 3719 camelomm,
854 3635 942 3719 quod
973 3655 1038 3700 nno
1056 3636 1120 3701 dio
1141 3617 1272 3701 eentum

105 3741 254 3806 milliaria
274 3738 384 3802 italico
404 3747 439 3799 ct
459 3736 598 3819 amplius
627 3739 714 3802 iacit.
756 3739 985 3804 Dromcdarius
1006 3751 1114 3806 antem
1138 3742 1187 3808 sic
1207 3741 1272 3804 lra-

1 3901 2 3920 ,
104 3846 194 3908 betur
215 3845 337 3907 Esaiae
356 3841 448 3904 LX.·.
481 3842 550 3906 Est.
563 3851 676 3924 custos
697 3841 930 3910 dromonorum.
971 3846 1024 3908 Do
1043 3843 1168 3910 camelo
1190 3845 1272 3908 baca·

105 3949 181 4012 trico
202 3948 343 4010 enormis
365 3933 594 4030 magnitudinis
611 3945 736 4032 legitur
756 3951 791 4014 in
811 3951 882 4014 vita
902 3949 938 4014 S.-
961 3929 1139 4014 HilarionIs
1160 3947 1199 4011 C.
1219 3947 1270 4010 ta.

105 4050 298 4130 miraculum.
340 4049 535 4116 Vincentius
568 4051 602 4114 in
632 4052 732 4142 Spec.
762 4053 841 4118 Nat.
877 4054 916 4118 [t.
945 4055 995 4119 ta.
1026 4071 1055 4117 c.
1089 4052 1142 4119 27.
1175 4035 1271 4135 dicit,
1320 4049 1323 4056 ’

106 4156 188 4242 quod
220 4153 336 4220 cameli
364 4157 446 4220 recti
477 4155 523 4221 illi
556 4155 722 4241 dicuntur,
755 4159 812 4242 qni
842 4174 941 4224 annm
967 4167 1091 4226 tantum
1112 4159 1146 4222 in
1175 4155 1272 4221 dorso

105 4263 222 4330 habent
250 4259 399 4345 gibbum
433 4259 651 4340 alludentem
677 4279 807 4346 genus,
837 4282 921 4348 quos
951 4262 1122 4328 dromades
1142 4271 1272 4347 vocant,

0 4401 2 4410 „
106 4385 201 4435 eursu
223 4364 363 4430 mirabili
392 4367 566 4460 vigentes,
589 4366 666 4432 bina
686 4367 803 4433 tubera
826 4369 861 4434 in
882 4367 979 4435 dorso
1009 4369 1177 4436 tutemus
1219 4369 1272 4434 dx
