3014 4864
711 255 750 317 8¹

234 433 383 519 Cumque
403 433 508 496 locum
538 433 822 516 purgavissemns,
860 433 1064 499 consedimus
1097 445 1130 498 et
1164 433 1315 517 reliquias
1385 462 1390 471 ·

141 539 277 604 ultimas
305 539 347 602 de
382 538 528 603 sacculis
559 536 770 620 produximus
803 547 836 601 et
874 538 1151 604 manducavimus.
1208 537 1315 620 Major

143 656 256 708 tamen
277 663 354 730 pars
379 661 457 728 prae
479 641 671 706 lassitudine
689 645 809 724 statim,
830 651 866 705 nt
886 644 928 706 de
951 645 1052 706 asinis
1067 643 1315 728 descenderunt,

144 751 182 814 in
208 757 328 814 terram
356 769 395 814 se
421 749 646 833 projecerunt,
678 756 711 808 et
744 765 807 810 nec
824 747 995 810 comedere
1023 765 1085 812 nec
1105 751 1216 813 bibere
1253 768 1315 814 nec

146 857 236 940 loqui
256 865 419 939 poteraut,
441 855 500 918 sed
522 855 694 938 quiescere
722 852 883 935 optabant.
927 851 1025 914 Circa
1056 855 1177 918 fontem
1207 865 1313 919 antem

148 969 219 1024 crat
238 959 435 1024 tumultuosa
455 957 653 1042 compressio
674 965 741 1020 tam
761 956 925 1021 hominum
948 973 1045 1039 qnam
1065 959 1240 1022 bestiarum
1255 977 1313 1042 pro

149 1083 245 1150 aqna,
266 1083 326 1148 pre
347 1079 411 1148 qna
442 1065 538 1126 etiam
566 1061 683 1125 infirmi
709 1061 913 1144 clamabant,
942 1063 1018 1144 qnia
1044 1079 1156 1126 omnes
1186 1080 1315 1127 cramus

149 1169 303 1238 sitibundi
334 1177 366 1232 ct
386 1169 494 1230 llnxns
515 1167 614 1230 fontis
636 1166 792 1248 exiguus,
814 1175 848 1229 et
870 1167 971 1230 multa
992 1167 1095 1250 litigia
1116 1167 1244 1234 luerunt
1269 1168 1314 1230 ibi

149 1283 264 1338 exorta
292 1275 458 1338 internos
481 1282 515 1334 et
536 1271 747 1353 Sarracenos,
774 1274 850 1356 quia
885 1275 948 1355 ipsi
976 1274 1105 1336 stabant
1132 1281 1209 1336 ante
1234 1289 1316 1336 can-

149 1397 224 1441 nam
256 1387 289 1440 et
310 1381 394 1441 sicut
414 1395 537 1440 vaccae
565 1377 733 1460 bibebant,
754 1359 789 1439 a't
815 1378 909 1440 nobis
931 1378 1009 1441 darc
1029 1378 1135 1440 locum
1154 1377 1316 1447 nolebant.

148 1483 260 1546 Finita
290 1491 397 1546 antem
425 1483 654 1566 qualicumque
686 1485 919 1546 commestione
950 1493 981 1544 et
1011 1483 1173 1565 potatione
1196 1481 1317 1546 lumina

150 1588 364 1650 exstinximus
386 1583 493 1668 (m
511 1585 563 1664 Δ)
588 1588 695 1650 omnia
741 1598 774 1650 ct
804 1587 943 1651 dormire
963 1587 1143 1670 incepimus
1163 1587 1197 1649 in
1218 1587 1316 1651 burno

150 1709 249 1774 super
278 1691 404 1774 lapides
434 1701 468 1754 et
509 1709 626 1773 magno
659 1711 698 1754 ac
732 1694 826 1775 gravi
864 1711 981 1776 sopore
1015 1693 1162 1775 oppressi
1192 1709 1314 1755 snmus.

151 1795 244 1858 Sicut
273 1797 358 1858 entim
391 1797 516 1860 esuries
538 1795 654 1860 dicitur
683 1797 788 1860 bonus
815 1814 931 1879 cocus,
953 1798 1029 1880 quia
1060 1815 1187 1860 omnem
1209 1797 1315 1858 cibum

150 1901 235 1962 bene
264 1917 381 1982 sapere
414 1901 508 1982 facit3
535 1903 584 1964 sie
610 1901 701 1965 labor
731 1901 850 1964 dicitur
875 1919 952 1964 esse
972 1901 1077 1964 bonus
1095 1901 1218 1982 leatus,
1241 1901 1318 1984 qnia

152 2023 277 2068 omnem
309 2004 414 2066 locum
446 2005 628 2068 dormitioni
655 2014 688 2068 ct
719 2006 821 2086 quieti
852 2004 930 2068 lacit
957 2013 1074 2086 aptnna
1119 2003 1195 2066 Fuit
1232 2005 1317 2066 enim

150 2108 366 2191 periculosum
389 2108 527 2171 dormire
547 2110 580 2170 in
603 2108 674 2172 loco
693 2109 768 2190 isto,
790 2107 892 2190 primo
914 2118 1045 2192 propter
1065 2097 1190 2172 murum
1205 2106 1317 2168 ruino-

152 2231 235 2296 sum,
257 2211 383 2296 dequo
405 2212 529 2296 lapides
552 2211 684 2276 resoluti
717 2231 736 2276 a
759 2222 926 2279 caemento
959 2211 1185 2296 dependebant
1217 2225 1317 2292 snper

127 2322 259 2402 ‘capita
279 2327 409 2402 nostra,
439 2320 563 2382 ruinam
598 2319 778 2402 minantes3
810 2319 953 2384 secundo
987 2327 1118 2403 propter
1145 2322 1315 2400 serpentes

153 2433 185 2489 ct
205 2426 405 2508 scorpiones,
424 2425 479 2508 qui
499 2425 534 2487 in
555 2425 696 2508 antiquis
717 2426 818 2489 rnuris
848 2431 881 2486 ct
903 2427 964 2488 sub
990 2423 1151 2506 lapidibus
1177 2421 1315 2500 latitant,

152 2525 331 2613 praecipue·
347 2533 381 2592 in
402 2530 494 2611 locis,
527 2531 582 2592 ubi
603 2549 687 2614 aqua
708 2550 809 2614 prope
834 2539 905 2614 est3
939 2531 1033 2594 tertio
1061 2533 1193 2611 propter
1223 2523 1317 2610 pedi-

153 2635 248 2698 culos
282 2637 408 2715 ovium‚
437 2635 599 2698 asinorum
632 2645 665 2698 et
694 2636 829 2700 aliarum
859 2637 1049 2718 bestiarum,
1079 2643 1112 2696 et
1145 2631 1318 2716 praecipue

152 2747 283 2820 propter
306 2737 464 2824 quosdam
484 2739 697 2822 vermiculos,
730 2757 814 2824 qnos
841 2740 1007 2801 nominent
1035 2737 1204 2821 pediculos
1226 2735 1315 2798 Pina·
1357 2773 1372 2802 e

34 2908 38 2914 ,
153 2842 271 2922 raonis,
295 2859 429 2922 quornm
448 2841 618 2906 multitudo
640 2842 673 2904 in
694 2843 791 2906 burno
813 2842 933 2904 deserti
955 2843 1116 2925 decurrit,
1137 2849 1174 2903 nt
1195 2841 1317 2924 patebit

154 2942 207 3006 iol.
229 2941 304 3023 ali,
335 2945 391 3026 qni
426 2945 521 3007 etiam
554 2947 609 3008 bic
636 2946 670 3006 in
702 2954 789 3008 terra
818 2943 989 3027 serpebant
1001 2967 1010 3026 ;
1045 2955 1157 3028 quarto
1185 2953 1318 3026 propter

154 3047 300 3112 duritiem
342 3053 484 3127 stratus3
525 3053 557 3108 at
593 3048 706 3130 quinto
734 3056 865 3130 propter
896 3049 985 3110 fures
1007 3047 1226 3128 Sarracenos,
1256 3047 1313 3129 qni

153 3150 385 3216 comitabantur
405 3151 582 3214 nobiscum.
626 3151 689 3213 llis
709 3159 818 3213 tamen
840 3153 989 3216 omnibns
1021 3171 1086 3214 non
1114 3151 1317 3214 obstantibus

153 3256 302 3321 omnibns
321 3257 409 3320 euris
430 3257 563 3320 remotis
584 3255 761 3320 fortissime
777 3255 995 3320 dormivimus.
1039 3257 1316 3320 Dixeruntautem

154 3362 247 3426 nobis
269 3359 421 3426 ductores
434 3363 547 3444 nostri,
569 3360 654 3444 quod
672 3370 749 3426 ante
766 3359 938 3423 diluculum
951 3361 1072 3426 vellent
1087 3381 1147 3426 nes
1159 3363 1318 3443 exeitar03

154 3465 213 3530 scd
235 3465 328 3529 aliter
350 3463 477 3547 accidit,
502 3467 579 3547 quia
600 3475 632 3529 et
653 3465 716 3548 ipsi
738 3465 819 3529 lessi
839 3476 942 3549 erant,
969 3469 1055 3532 sicut
1076 3487 1148 3552 nos,
1169 3469 1319 3552 quamvis

154 3589 218 3634 non
239 3579 362 3632 tantum
383 3570 620 3654 laboraverint,
649 3577 771 3632 ettam
803 3571 869 3652 ipsi
897 3587 993 3654 qnam
1021 3591 1082 3636 nos
1110 3573 1319 3636 dormivimus

154 3674 321 3758 usquead
343 3691 513 3738 ascensum
535 3674 624 3738 solis.
667 3673 769 3738 Juxta
789 3675 876 3738 hunc
898 3675 1019 3738 iontem
1043 3676 1243 3741 refocillatus
1259 3677 1321 3738 fnit

154 3779 271 3861 David,
293 3796 366 3842 cnm
389 3778 496 3842 lassus
518 3781 666 3845 venisset
689 3777 730 3842 de
741 3778 928 3844 Jerusalem
948 3797 1020 3843 cnm
1043 3783 1125 3862 suis,
1146 3789 1181 3842 nt
1203 3779 1320 3844 dieitur

156 3881 282 3966 alleg.
307 3880 358 3947 1⁷.
