2948 4876
531 259 535 266 .

540 323 544 330 .
642 257 709 330 242

22 406 424 526 intor-·ecs','siet1ne
451 445 546 502 erant
575 407 787 505 liberatiehes
815 411 1042 542 imperfectae,
1074 455 1161 522 qnae
1191 443 1257 502 aaa

19 551 269 632 ‘potuerunt
283 548 410 629 donee,
432 546 508 641 quie
529 543 668 608 faciliter
681 553 877 627 ¹rumpuntur
897 553 992 626 pacta
1012 551 1047 608 et
1064 544 1275 626 juramenta,¹

23 655 370 736 ‘praecipueinter
389 649 554 733 ecs,·-qui
575 647 618 710 ad
638 647 778 710 eandm
799 657 921 712 sectam
951 649 1062 714 indua·
1083 667 1147 712 non
1176 665 1257 730 pes-

37 767 176 841 sunt,
201 759 288 820 sicut
307 763 386 834 sunt
402 753 587 821 onustant
611 762 645 816 et
665 751 859 835 Sarraceni,
881 753 969 816 inter
985 769 1069 836 qaas
1088 761 1142 816 est
1159 752 1258 816 etan
1305 829 1312 846 .
1398 733 1406 742 ⁶

43 863 245 926 naturalis
265 862 432 926 inimicitia
451 869 484 928 ,et
504 857 610 924 odium
632 856 773 940 disparia
795 865 940 968 nemeae,
960 857 1166 940 mnditieaia,
1186 875 1258 918 mo-

49 969 118 1076 ris
152 975 196 1030 ct
219 974 362 1076 sectae.

423 1207 438 1247 ’·
548 1205 811 1310 Tractatus
880 1205 936 1234 ·'

33 1402 144 1478 De'
169 1397 294 1478 totali
302 1379 525 1482 liberatione
558 1369 777 1478 Jerusalem
799 1411 838 1476 et
867 1399 1036 1480 dominici
1075 1397 1260 1502 sepulchri
1309 1366 1314 1382 ⁵

58 1543 61 1550 ’
408 1547 478 1625 per
502 1522 764 1610 occidentales
774 1501 986 1624 populos.

65 1729 67 1734 ¹
170 1645 349 1788 Sepulchri
370 1698 521 1768 dmnlnici
552 1711 588 1768 et
605 1707 751 1770 ciuitatis
769 1705 953 1777 Jerusalem
971 1713 1003 1766 et
1029 1679 1139 1768 tetrus
1151 1712 1259 1766 terrae
1375 1739 1378 1746 ,

11 1827 39 1840 ··
71 1818 227 1875 sanctae
258 1809 414 1872 redemtio
435 1819 467 1886 et
494 1809 641 1873 liberatio
672 1810 783 1872 totalis
809 1809 897 1872 lacta
928 1818 981 1872 est
1010 1811 1071 1872 aab
1093 1804 1265 1890 flunmen,-

67 1918 186 1999 hujus
205 1901 352 1978 nominis
366 1913 475 1996 tertio,
495 1915 688 1996 imperatore
705 1913 904 1995 theutonico,
923 1914 1062 1998 llavaro,
1082 1907 1260 1980 etlltbanc'
1318 1935 1323 1944 ·

75 1997 198 2103 Papa,
227 2015 336 2100 hujus'
357 2018 496 2081 neminis
529 2019 592 2099 ll.,
636 2018 786 2100 quemvis
822 2026 1048 2081 antecessores
1083 2015 1259 2081 somnne·

81 2128 121 2186 in
144 2121 296 2194 conciliis
326 2129 359 2182 et
378 2120 452 2183 eliis
479 2121 600 2184 diaetis
626 2125 673 2184 et'
688 2123 1011 2206 congregationibus,
1027 2123 1205 2206 principum
1226 2129 1263 2200 et

52 2289 57 2297 ,
84 2209 314 2312 episcopcrum
338 2225 462 2314 dehoc
477 2243 578 2308 saepe
596 2227 732 2290 consilia
751 2225 945 2289 habuissent
959 2234 991 2290 et
1013 2225 1134 2288 fectum
1155 2227 1260 2307 ipsum

83 2332 315 2410 inchoassent,
346 2329 405 2392 sed
437 2332 510 2398 eine
539 2333 697 2415 prolecto.
740 2330 836 2394 Unde
868 2338 1013 2414 tempore
1043 2331 1191 2396 Heinrlci
1218 2333 1258 2396 11.

11 2491 12 2505 ,
86 2437 186 2520 hujus
207 2435 345 2498 nominis
374 2437 595 2520 imperatoris,
625 2439 658 2499 et
691 2437 837 2500 Victoris
865 2437 908 2498 11.
937 2435 1261 2522 Papam-Alemanni,

52 2571 56 2580 ·
88 2545 125 2607 in
144 2541 280 2606 concilio
300 2540 386 2622 apud
407 2541 568 2606 'leronem
596 2541 725 2608 Galliae
757 2542 923 2605 civitatem
952 2541 1140 2625 celebrato,
1172 2561 1260 2606 anno

91 2647 219 2715 nomini
252 2644 354 2729 1055,
382 2647 563 2712 ordinatum
595 2649 657 2712 tuit
686 2649 728 2711 de
760 2658 867 2712 terrae
896 2655 1033 2710 sanem
1061 2647 1259 2712 liberatione.

92 2754 193 2816 Perre
214 2769 253 2812 eo
284 2757 429 2831 tempere
455 2751 578 2834 titirus,
610 2752 718 2834 magni
748 2751 871 2834 ingenii
898 2753 1123 2835 meximeque
1154 2769 1260 2813 rernm

97 2853 304 2940 gerendarum
336 2855 510 2939 amentiae,
541 2855 583 2920 ad
612 2855 727 2938 pacem
746 2854 876 2938 quidem
898 2862 930 2918 et
951 2854 1072 2916 hellam
1086 2912 1090 2921 ,
1104 2855 1261 2937 perutilis,

99 2957 400 3040 Angleriaecemes
418 2959 659 3042 nettetentqus
678 2961 842 3043 princeps,
863 2959 1002 3042 insignis
1023 2968 1102 3021 erat.
1133 2961 1200 3022 Hic
1220 2961 1261 3026 eb

100 3063 260 3139 omnihus,
280 3060 337 3141 qui
355 3059 535 3141 'luterensi
557 3062 691 3146 Synodo
712 3062 929 3143 advenerant,
950 3061 1022 3143 ejus
1042 3063 1163 3126 virtute
1182 3081 1263 3148 cog-

101 3167 165 3232 nita
190 3165 377 3245 capitaneus
397 3169 560 3232 exercitus
579 3168 707 3230 Domini
727 3175 840 3228 contra
860 3167 985 3230 'l'urcoa
1007 3176 1041 3230 et
1062 3165 1262 3231 Sarracenos

104 3269 141 3333 ad
162 3267 381 3331 liberationem
404 3273 509 3335 sancti
532 3273 694 3356 sepulchri
718 3271 848 3336 Domini
862 3272 903 3336 ‚in
923 3271 1107 3336 Jerusalem
1138 3271 1263 3336 electus

105 3375 166 3438 luit.
207 3370 270 3450 Qut
305 3373 450 3456 pontifici
492 3380 696 3463 caeterisque
738 3377 869 3460 regibus
905 3395 970 3442 uno
1001 3377 1115 3441 annuit
1145 3378 1262 3462 auimo,

103 3478 395 3562 lerosolymamquc
414 3498 488 3545 cnm
511 3483 644 3566 reliquis
664 3482 839 3547 inbellem
858 3481 1024 3565 proiectus
1051 3489 1112 3546 est.
1155 3485 1263 3546 Dum-

104 3603 166 3670 que
180 3586 264 3646 circe
291 3583 428 3648 candem
457 3595 529 3650 uum
564 3588 697 3672 reliquis
718 3586 924 3652 Christicolis
949 3586 1109 3652 hiemaret
1137 3589 1261 3669 urbem,

107 3689 193 3752 multe
209 3687 338 3772 quidem
360 3690 563 3757 incommode
583 3703 617 3756 et
644 3677 769 3757 'demna
799 3690 991 3755 Sarraceois
1011 3693 1120 3756 intulit
1159 3703 1190 3755 et
1211 3695 1263 3755 ci-

108 3783 224 3856 vitatem
252 3802 399 3884 sanctem
431 3800 639 3880 angustavit,
682 3817 754 3862 eam
784 3804 895 3861 tamen
928 3813 1048 3881 capere
1076 3795 1262 3861 nullatenus

111 3896 204 3964 uetuit.
244 3899 374 3961 Interea
393 3917 433 3962 co
454 3901 641 3984 obsidente,
661 3903 809 3966 Volucer
829 3900 959 3986 qnidam
977 3901 1119 3985 nominc,
1142 3901 1262 3984 Arabs,

112 4015 238 4082 paginus
266 4007 359 4066 trane
385 4001 562 4068 torem
592 4009 765 4091 princeps,
795 4025 836 4070 eo
863 4004 954 4088 viso,
988 4013 1025 4068 nt
1054 4013 1125 4070 erat
1155 4004 1263 4068 anime

32 4128 36 4137 ·
115 4095 211 4184 endu,
230 4106 335 4188 ipsum
346 4105 464 4172 Othnnr
486 4130 547 4192 per
566 4113 774 4196 interpretem
796 4109 840 4173 ad
860 4109 1045 4194 singulares
1066 4123 1264 4192 coracem

72 4279 74 4288 ¹
116 4208 258 4293 innituit,
279 4231 438 4294 quaeres
459 4215 500 4278 ab
517 4233 558 4278 eo
579 4216 732 4280 facillime
764 4223 880 4280 exorta
901 4223 972 4297 est,
992 4231 1034 4277 ae
1053 4214 1104 4278 sic
1124 4213 1265 4296 dentque

117 4321 219 4378 sextam
251 4325 327 4398 post
356 4317 440 4385 dien
474 4323 569 4386 amic
590 4319 631 4388 ad
654 4320 795 4390 duellum
831 4327 1060 4404 precesserunt
1092 4321 1264 4401 ermes
