2896 4872
194 429 239 474 ua
257 405 461 472 mutuneliis
479 403 684 470 emmor
703 403 1104 486 etpneriSarrneeoornu
1123 425 1188 472 nos
1211 421 1395 474 vexarent

195 531 268 575 enm
287 509 448 593 lapidibus
476 520 510 573 et
536 530 579 574 ne
599 517 785 591 rumperent
805 511 900 572 uubis
924 511 993 592 (b)
1014 512 1083 575 viui
1103 512 1267 595 meula,
1292 515 1391 578 siem

193 633 296 697 saepe
313 615 494 698 autigine
518 615 563 680 ibt
593 614 788 678 audivimus
830 614 1077 678 Deebnvimm
1105 633 1188 698 ergo
1216 635 1239 680 a
1271 627 1390 681 strata

193 719 325 803 publiea
343 721 378 780 in
397 737 511 802 ugrum
531 718 694 802 quendam
722 720 890 782 arboribm
918 719 1051 782 lioornm
1077 720 1222 802 plenum¹
1244 731 1282 786 et
1314 725 1386 786 sub

193 823 361 888 uberibus
382 823 447 888 illis
470 839 570 886 onere
590 822 632 885 de
652 824 767 886 bestiis
787 824 965 905 posuimus,
980 830 1018 886 nt
1037 824 1083 886 ibi
1095 823 1159 886 diei
1172 826 1384 906 abscessum

195 937 471 1013 mpemaremus.
514 929 553 990 ln
569 928 625 993 illo
645 947 725 1011 agro
745 928 956 992 consedimus
976 937 1010 990 et
1030 928 1224 990 comedimus
1245 947 1289 991 ae
1314 931 1380 992 bi-

193 1035 317 1111 bimus,
337 1051 423 1116 quae
443 1032 486 1094 ad
511 1050 639 1095 manum
660 1034 848 1117 babuimus,
871 1050 935 1096 nee
954 1035 1064 1115 ignem
1080 1030 1261 1096 aoeendere
1281 1035 1374 1094 ausi

194 1136 332 1221 fuimns,
353 1146 392 1200 ut
411 1135 531 1220 aliquid
549 1137 744 1200 alelmum
765 1145 987 1221 grutam-m,
1009 1137 1069 1200 sed
1089 1155 1217 1200 meeum
1235 1143 1270 1198 et
1291 1154 1370 1219 pu-

193 1259 269 1304 nem
289 1260 347 1324 pru
377 1241 512 1322 prmrdio
538 1243 717 1326 sumsimus,
737 1251 770 1304 et
797 1241 896 1324 linus,
928 1261 1063 1325 quornm
1084 1243 1179 1326 eopia
1208 1241 1256 1304 ibi
1275 1250 1370 1322 erat,

193 1353 340 1408 maturae
372 1352 407 1408 et
441 1345 570 1430 duleee,
602 1346 645 1411 de
678 1347 847 1410 arboribus
876 1347 1032 1430 legimus3
1078 1346 1120 1410 de
1152 1346 1273 1428 quibus
1304 1363 1373 1428 ego

192 1449 323 1512 nimium
361 1451 487 1536 oomedi
523 1462 557 1515 et
593 1471 730 1536 poenam
766 1471 832 1514 non
871 1450 1027 1514 mudieum
1066 1451 1253 1534 reportavi,
1292 1469 1370 1513 nam

194 1571 237 1616 ex
257 1554 455 1616 eomestiuue
475 1555 532 1618 illa
552 1565 723 1640 utrumque
743 1557 861 1620 labium
892 1558 960 1620 oris
988 1558 1052 1619 mei
1078 1555 1186 1618 subito
1213 1555 1370 1618 intumuit

194 1665 228 1720 et
247 1657 376 1720 soabies
397 1657 621 1724 abominabilis
636 1681 695 1744 per
712 1662 880 1726 eirouitum
893 1659 959 1722 eris
977 1657 1134 1740 exerevit,
1148 1675 1191 1722 ao
1207 1659 1242 1722 si
1257 1659 1368 1741 leprae

192 1763 323 1826 eoebies
344 1763 477 1845 suisset,
498 1764 563 1848 ιιι,
582 1764 668 1847 quod
688 1768 747 1828 vix
769 1783 807 1830 us
828 1766 954 1847 aperire
974 1763 1063 1844 potui
1083 1763 1182 1826 etiem
1204 1762 1365 1827 modinum

192 1867 236 1932 ad
256 1868 447 1931 sumendum
467 1871 573 1934 eibum
594 1880 628 1935 et
647 1877 758 1954 potum
780 1869 1015 1948 necessarium,
1038 1876 1072 1929 et
1090 1868 1137 1930 ite
1158 1869 1240 1931 steti
1258 1867 1363 1930 multis

1423 1509 1427 1560 l

193 1972 338 2035 diebus
328 1993 363 2036 ιιι
383 1972 483 2038 multa
502 1977 666 2057 passione.
687 1976 847 2038 Dixerunt
868 1974 944 2036 mibi
965 1971 1095 2056 quidum
1117 1973 1259 2054 experti,
1280 1969 1362 2090 qul

193 2095 237 2140 ex
257 2079 454 2143 comestione
473 2089 633 2143 tantarum
653 2080 771 2144 ίιοιιιιιιι
792 2076 938 2143 febrilem
969 2077 1135 2140 materiam
1159 2095 1361 2161 ooneepenu

194 2191 228 2244 et
259 2183 443 2268 bumurem,
474 2186 530 2266 qui
550 2183 593 2245 ad
614 2182 701 2247 lobia
721 2201 759 2246 se
785 2185 961 2264 contruxit,
991 2181 1128 2264 quodsi
1155 2181 1282 2246 fantum
1302 2197 1362 2244 nou

194 2287 331 2369 fuisset,
356 2291 451 2370 gravi
472 2289 562 2351 lubre
582 2297 753 2372 correptus
780 2289 926 2357 inissem.
966 2287 1039 2368 Ego
1059 2303 1139 2348 vero
1160 2287 1360 2368 suspioabar,

193 2389 280 2472 quod
311 2391 407 2454 lieum
447 2413 574 2457 veneno
607 2393 744 2475 olioujus
783 2392 904 2456 vermis
942 2391 1095 2454 inlectam
1135 2390 1360 2456 comedissem.

190 2494 294 2586 Igitur
316 2511 387 2556 cum
410 2498 460 2562 sel
481 2498 664 2581 oooidisset,
687 2515 786 2560 onera
804 2495 936 2561 camelis
958 2505 990 2558 et
1015 2496 1116 2558 asinis
1137 2496 1361 2577 imposuimus,

192 2607 225 2662 et
248 2597 290 2660 ad
311 2598 434 2662 Gezem
456 2601 595 2684 proiecti
616 2619 745 2683 sumus,
767 2610 800 2664 et
821 2619 925 2683 paene
944 2602 979 2665 ιιι
1000 2601 1144 2664 tenebris
1176 2601 1286 2662 urbem
1307 2600 1361 2660 in-

191 2705 299 2786 gressi
319 2721 431 2767 sumus
456 2725 515 2787 per
545 2706 677 2788 longum
700 2708 809 2776 vieum
830 2719 934 2788 usque
966 2705 1006 2768 ud
1026 2705 1264 2787 peregrinorum
1292 2704 1356 2764 bo-

192 2809 345 2891 spirtum
375 2809 521 2894 luquod
543 2829 616 2874 oum
636 2812 778 2892 ingressi
799 2810 992 2890 fuissemus,
1014 2827 1078 2872 non
1111 2809 1275 2891 potuimus
1298 2823 1358 2868 nos

192 2933 324 2978 movere
344 2924 475 2998 propter
502 2915 565 2978 loei
598 2911 836 2996 are'titudinem,
869 2933 944 3000 neo·
960 2915 1062 2996 potuit
1089 2914 1182 2976 loeus
1215 2913 1359 2976 homiues

192 3037 311 3103 uapore
340 3021 414 3082 sine
445 3018 647 3102 supellectili.
691 3017 773 3105 Cum
807 3037 924 3100 mogus
961 3037 1039 3101 ergo
1070 3017 1296 3099 indignatione
1321 3015 1358 3078 de

191 3125 390 3188 habitatione
419 3125 579 3188 exivimus
620 3131 652 3184 et
680 3123 968 3186 'l'rutsebelmauuu
995 3122 1152 3205 diximus,
1186 3121 1276 3203 quod
1299 3137 1357 3182 non

190 3227 350 3314 vellemus
371 3247 433 3290 neo
454 3245 624 3310 possemus
645 3228 678 3288 in
701 3227 773 3290 loeo
799 3228 854 3290 illo
876 3246 1025 3308 manere,
1050 3235 1083 3288 et
1104 3227 1169 3288 uisi
1190 3224 1357 3308 provideat

191 3331 287 3392 nobis
308 3332 350 3394 de
372 3333 475 3396 letiori
507 3332 600 3412 loeo,
634 3340 746 3394 eontra
779 3350 851 3394 eum
874 3350 980 3394 eorem
1013 3330 1178 3414 praesecto
1209 3328 1357 3392 (ianam

190 3435 397 3517 interpellare
416 3437 576 3499 vellemus
602 3443 763 3518 tamquam
785 3445 897 3498 contre
918 3441 1193 3518 transgressorem
1221 3433 1353 3518 promis-

190 3555 249 3602 ιιι
269 3541 345 3604 fidei
376 3543 409 3603 iu
431 3543 543 3624 quinto
564 3538 698 3603 artieulo
731 3539 974 3616 conventionis,
1012 3549 1047 3602 ut
1068 3548 1158 3622 patet
1188 3538 1228 3607 P.
1251 3539 1281 3601 l.
1301 3535 1355 3600 lol.

189 3643 261 3708 219.
305 3646 379 3707 ileo
400 3663 473 3709 oum
493 3643 673 3712 audivisset
703 3653 735 3705 et
763 3643 818 3708 diu
847 3646 1013 3710 nobiseum
1035 3643 1268 3724 oonteudisset,
1287 3641 1358 3723 jus·

190 3749 235 3810 sit
256 3767 318 3812 uos
350 3756 557 3832 exspectare,
581 3749 706 3830 etipse
728 3749 885 3830 equitavit
909 3767 969 3834 per
989 3749 1154 3812 oivituem
1177 3746 1256 3810 hino
1279 3745 1354 3808 inde

190 3867 350 3934 quaerens
371 3871 430 3934 pro
455 3854 549 3915 nobis
570 3851 684 3915 looum.
728 3853 887 3915 Stetimus
907 3871 985 3935 ergo
1009 3853 1063 3916 din
1091 3853 1195 3915 sinin
1216 3849 1360 3914 tenebris

190 3956 367 4038 eompressi
388 3957 422 4017 in
454 3958 566 4020 strioto
589 3957 663 4020 vieo
685 3959 778 4019 inter
798 3957 910 4022 asinos
935 3967 967 4021 et
988 3957 1128 4022 camelos
1162 3973 1237 4018 oum
1258 3970 1363 4038 parva

189 4061 345 4142 patientie
367 4061 400 4120 ιιι
422 4060 521 4123 mullo
539 4061 651 4122 timore
673 4069 707 4122 et
728 4068 875 4142 tremore,
897 4081 939 4124 ue
960 4062 1043 4125 sorte
1063 4060 1180 4145 uliquis
1201 4059 1361 4122 tumultur

190 4168 302 4225 uentre
324 4179 384 4223 uos
405 4170 596 4246 emergeret.
634 4161 777 4227 Tandem
807 4172 914 4230 autem
936 4168 1025 4229 veuit
1047 4161 1361 4228 'drutsebelnrannus

190 4267 224 4322 et
245 4279 306 4328 uos
328 4263 426 4345 longe
444 4265 485 4328 ub
506 4263 562 4326 illa
583 4263 678 4329 domo
700 4267 743 4328 ed
762 4267 867 4330 alium
881 4269 973 4334 duxit
993 4268 1116 4352 losum,
1148 4267 1204 4330 ubi
1225 4265 1359 4348 quidem
