2926 5050
20 532 24 542 ¹
109 458 266 522 calvities
287 459 376 521 vitae
396 465 431 519 et
462 456 582 550 actone
607 459 839 541 maturitatem,
873 459 1120 524 exstinctionem
1143 451 1285 520 libidinis

111 573 150 625 et
171 565 320 626 vitiorum
341 561 512 647 puerilium
535 562 828 646 mortificationem,
856 564 945 626 vitae
971 564 1154 646 praesentis
1174 569 1209 624 et
1231 560 1284 623 fn-

112 678 210 730 turne
241 669 393 730 instantis
415 668 635 729 necessrrtam
657 669 843 730 noviomem.
885 669 947 732 Est
968 672 1053 732 enim
1075 669 1205 750 signum
1228 681 1284 730 nc·

112 773 206 834 boris
227 780 260 833 et
281 770 487 854 fortitudinis,
504 771 579 852 quio
601 770 679 833 dicit
690 771 887 835 Aristoteles
909 771 950 835 de
971 772 1178 852 animalibus,
1197 767 1284 853 quod

113 879 203 938 inter
224 876 374 939 animalia
395 877 525 958 proprie
544 875 610 938 virt
633 874 720 937 calvi
740 877 825 960 sint,
847 885 889 938 et·
902 893 966 940 non
990 878 1097 959 pueri,
1123 892 1185 938 nec
1210 889 1284 938 mtt-

115 979 233 1062 lieres,
255 997 317 1043 nec
339 981 494 1060 costroti,
514 979 574 1042 sed
595 979 657 1040 viri
677 979 825 1040 animosi.
856 979 1017 1062 Designu
1037 980 1122 1042 enim
1143 977 1286 1060 proden-

114 1088 214 1165 tium,
236 1093 272 1146 ut
293 1091 383 1165 patet
404 1084 441 1145 iu
462 1082 519 1144 illc
539 1065 656 1149 versut
687 1081 725 1144 Si
747 1101 812 1145 non
833 1085 887 1151 vis
916 1083 1102 1165 calvi-lnge
1126 1081 1287 1144 consmtie

113 1190 213 1252 cclvi.
256 1191 354 1250 Hunc
374 1205 505 1250 versum
527 1186 657 1270 quidem
679 1205 744 1248 non
773 1177 994 1271 intelligentes
1025 1195 1159 1253 utuntur
1185 1203 1224 1248 eo
1244 1184 1286 1246 ad

115 1294 315 1356 derisionem
338 1291 523 1371 culvcmm‚
561 1309 632 1353 cum
656 1300 763 1354 temen
786 1295 819 1354 tn
842 1310 954 1355 eorum
985 1307 1134 1373 magnam
1157 1287 1285 1352 landem

29 1443 31 1454 .
115 1415 179 1461 eos
199 1396 375 1480 prudentes
396 1413 472 1458 esse
504 1396 660 1458 ostendat.
704 1396 821 1459 Statim
844 1397 947 1478 enirn,
980 1405 1018 1460 ut
1038 1396 1113 1479 quis
1143 1396 1177 1458 iu
1199 1391 1285 1456 calvi

115 1504 315 1564 consortium
336 1501 442 1583 venit,
464 1519 540 1563 mox
559 1499 885 1585 perpenditcolvun,
908 1519 949 1562 an
978 1501 1176 1568 consortium
1197 1497 1285 1570 illius

115 1607 162 1669 sit
182 1607 352 1669 honestum
359 1649 369 1688 ,
392 1603 471 1666 utile
497 1613 553 1666 aut
574 1603 781 1688 delectabile,
811 1604 866 1668 vel
887 1623 962 1670 non.
1008 1607 1053 1667 Et
1075 1604 1149 1668 dum
1170 1602 1285 1666 calvas

114 1711 301 1775 considerat
322 1709 519 1774 consortium
546 1708 633 1772 illius
656 1729 720 1772 non
740 1710 916 1772 convenire
923 1752 934 1791 ,
959 1706 1068 1790 abjicit
1089 1727 1180 1788 eum,
1203 1706 1286 1789 fugit

115 1834 207 1898 enm,
235 1823 332 1878 cavet
354 1814 394 1876 ab
417 1831 474 1895 eo,
509 1821 541 1874 et
565 1813 649 1876 tales
668 1818 720 1876 sic
752 1813 853 1897 spreti
881 1811 1029 1894 judicent
1061 1813 1287 1876 calvescere

117 1918 309 2002 deceptores
344 1926 377 1978 ct
411 1915 564 1998 callidos,
594 1925 628 1978 et
658 1935 777 1980 versus
797 1917 883 1978 tales
915 1925 1120 1998 componunt.
1164 1915 1228 1979 Vel
1257 1913 1286 1976 oi

116 2026 193 2106 quis
215 2029 269 2086 est
288 2023 322 2086 in
343 2021 505 2083 consortio
528 2019 613 2082 calvi
640 2029 673 2082 et
694 2022 1059 2102 intercolumnium
1080 2029 1287 2084 contraeunt

118 2124 235 2186 calvus
257 2124 440 2206 consurgit,
471 2123 604 2204 corripit
625 2129 659 2184 et
681 2127 801 2206 carpit,
830 2134 864 2186 ct
885 2126 949 2187 lroc
969 2124 1055 2187 tales
1075 2125 1288 2205 deceptiones

117 2228 294 2290 nominant.
338 2227 403 2306 Vel
425 2226 501 2308 quia
522 2226 652 2306 calvus,
682 2234 717 2287 ut
738 2227 850 2312 decet,
881 2245 1009 2310 semper
1029 2228 1091 2290 sibi
1122 2227 1288 2310 proximus

118 2349 196 2394 esee
217 2328 341 2414 studet,
363 2339 395 2393 et
415 2337 540 2414 partem
562 2347 654 2392 sunm
676 2331 839 2394 meliorem
863 2333 958 2416 facit,
980 2332 1057 2415 quia
1080 2331 1207 2395 scilicet
1227 2330 1288 2393 lroo

117 2436 334 2520 proverbium,
348 2452 412 2519 quo
434 2434 551 2498 dicitur
567 2433 768 2518 maledictus,
790 2437 845 2519 qni
856 2437 1047 2500 deteriorem
1066 2438 1142 2500 iacit
1162 2442 1287 2518 partem

118 2557 230 2622 snam,
252 2547 289 2603 nt
311 2558 388 2624 ergo
410 2540 473 2602 sibi
493 2557 623 2620 semper
644 2542 811 2622 proximus
830 2543 890 2625 sit,
919 2552 951 2604 ct
976 2543 1075 2604 iaciat
1095 2559 1187 2604 suom
1209 2557 1287 2621 por·

119 2653 185 2706 tem
208 2663 274 2707 nou
298 2644 505 2726 deteriorem,
535 2652 686 2706 conatum
706 2663 833 2708 omnem
865 2647 997 2728 opponit
1036 2645 1169 2726 calvus,
1201 2641 1288 2727 quod
1340 2627 1350 2644 ⁸

121 2747 196 2812 dum
218 2749 388 2832 improvidi
410 2757 442 2810 et
472 2746 634 2811 maledicti
664 2747 792 2830 vident,
823 2753 878 2832 qui
910 2768 1042 2832 semper
1070 2759 1180 2833 partes
1207 2765 1288 2812 suas

121 2851 298 2916 deteriores
320 2854 461 2934 leniunt,
491 2853 639 2915 invident
665 2851 787 2934 colvis,
808 2862 841 2915 et
858 2852 1025 2937 judicent,
1050 2871 1108 2917 eos
1131 2871 1206 2917 esse
1227 2853 1288 2916 de-

122 2964 290 3037 ceptores,
321 2973 394 3018 cum
425 2957 490 3018 sint
522 2955 689 3024 meliorum
721 2956 877 3018 bonomm
908 2958 1085 3039 prudentes
1117 2959 1287 3027 electores.

124 3059 280 3121 Celvities
300 3063 440 3142 pertinet
462 3059 556 3120 etiem
578 3057 620 3121 ud
642 3067 788 3122 ornatum
811 3060 966 3144 hominis,
995 3073 1059 3125 non
1081 3062 1211 3146 quidem
1230 3081 1288 3143 per

122 3180 177 3245 se,
199 3161 259 3225 sed
288 3181 348 3245 per
378 3160 539 3224 occidens.
582 3161 722 3224 Multum
751 3163 835 3224 enim
858 3164 942 3228 calvi
973 3175 1049 3228 sunt
1079 3165 1290 3230 communiter

121 3267 255 3330 multum
278 3267 421 3349 barbati,
453 3273 485 3327 et
508 3264 606 3330 multo
636 3251 776 3348 ¹umpl‘ius
798 3265 929 3332 decorat
952 3271 1051 3333 barba
1080 3271 1141 3332 viri
1163 3270 1289 3352 faciem,

121 3389 218 3457 quom
252 3371 402 3434 calvities
439 3368 614 3432 dedecorat
644 3373 811 3434 verticem.
853 3372 949 3438 Calvi
981 3377 1078 3438 etiem
1111 3373 1289 3440 secundum

121 3474 333 3538 Aristotelem
356 3474 519 3538 abludunt
544 3477 579 3536 in
612 3475 761 3537 omnibns
791 3477 863 3540 aliis
896 3481 1042 3562 pertibus
1065 3481 1226 3562 corporis,
1257 3479 1290 3541 iu

120 3582 240 3665 quintu
259 3579 317 3662 pili
336 3597 488 3643 erescere
507 3588 766 3662 consueverunt,
788 3580 883 3664 pilis,
904 3593 939 3646 ut
961 3586 995 3644 in
1018 3590 1159 3666 pectore,
1181 3583 1290 3666 umbe,

119 3685 298 3770 pudendis,
320 3702 404 3768 quae
426 3685 532 3748 omnis
557 3683 732 3766 designant
753 3687 859 3777 virum
881 3687 1093 3769 laboriosum,
1126 3685 1291 3771 audacem,

120 3807 281 3854 voracem.
325 3787 393 3851 Sed
415 3783 716 3871 quantumcumque
739 3787 881 3852 abundet
897 3792 975 3874 *quis
1007 3791 1081 3874 pilis
1109 3793 1143 3853 in
1175 3792 1292 3874 capite,

121 3910 295 3977 numquam
315 3891 389 3956 ideo
402 3892 565 3974 judicatur
583 3893 636 3955 vir
652 3892 760 3956 andex
776 3893 831 3956 vel
850 3895 1092 3978 imperterritus,
1106 3895 1166 3958 sed
1185 3897 1292 3979 potius

122 4017 164 4060 ex
202 3997 338 4081 pilorum
376 3994 579 4078 longitudine
613 4005 646 4060 et
677 3997 884 4060 multitudine
913 3999 1078 4080 judicetur
1118 3999 1293 4083 muliebris,

123 4100 365 4182 enormitates,
396 4110 431 4163 et
449 4099 589 4184 pamdrra
612 4101 667 4164 vel
704 4101 845 4183 puerilis.
888 4101 979 4166 Solet
1009 4111 1116 4165 autem
1138 4101 1179 4163 de
1199 4100 1293 4164 celvo
1339 4146 1344 4154 .

124 4206 336 4268 commumter
356 4204 422 4268 ‹ltot
443 4207 478 4270 in
506 4204 656 4288 leudem,
688 4205 775 4286 quod
806 4207 921 4271 muna
948 4225 1120 4288 numquam
1149 4205 1232 4284 fugit
1253 4203 1294 4265 de

123 4305 272 4390 proelio,
296 4325 358 4376 nec
390 4326 472 4375 uxor
500 4311 541 4376 ab
563 4327 633 4391 eo,
655 4309 692 4371 in
713 4311 786 4392 ‘qno
807 4328 827 4372 a
851 4309 973 4394 duplici
1000 4309 1118 4372 virtute
1145 4305 1294 4370 landetur
