3016 4872
748 255 814 323 m

199 451 334 506 mactae
356 441 474 506 merim
495 438 704 524 limpitniarii
724 441 757 503 irt
779 439 974 526 Jerusalem,
996 451 1103 507 tameo
1124 451 1270 506 uouerat
1284 440 1369 504 orda.

198 548 463 631 hegumenum,
486 553 523 608 ut
544 546 695 628 auperioa
718 545 773 608 lul.
794 546 859 610 208
880 546 957 630 dixi,
979 548 1152 632 quodaute
1166 545 1369 612 Gotlrfridtrm

199 653 242 716 de
278 669 443 718 concensu
477 648 610 712 Soldani
646 647 824 712 Christiani
864 650 954 714 latini
992 653 1236 716 aedificaverint
1272 667 1371 733 pmpe

199 758 369 824 eccleciam
392 755 555 819 domitrici·
581 752 745 836 sepulchri
767 761 900 836 propter
928 761 1117 841 peregrinos
1143 756 1371 819 monasterium

198 862 354 942 viromm,
384 861 418 921 in
444 875 509 942 quo
529 857 671 940 hospitio
694 859 932 940 retn‘pielrarrtnr
961 863 1023 923 viri
1044 861 1223 943 peregrini,
1256 867 1371 941 postea

197 973 330 1050 propter
351 965 549 1047 frequentem
573 961 748 1027 advarrttrm
770 963 979 1026 foeminarum
1008 967 1252 1046 peregrinarum
1278 962 1370 1026 aedi-
1495 1017 1496 1020 ,

198 1057 325 1134 ficetum
363 1077 414 1132 eat
444 1065 532 1128 alind
568 1069 816 1150 monasterium,
849 1069 882 1130 in
912 1085 977 1151 quo
1011 1071 1183 1131 menelrant
1211 1068 1370 1130 foeminae

196 1175 403 1258 peregrinae.
455 1173 576 1258 Poetea
610 1190 703 1236 verov
724 1175 907 1236 confluente
938 1173 1156 1256 multitudine,
1181 1189 1266 1234 cum
1305 1188 1369 1233 nou

196 1287 332 1364 possent
354 1277 442 1340 dicta
472 1278 670 1343 monasteria
683 1258 685 1265 Ι
700 1278 741 1340 ad
771 1279 987 1361 receptionem
1015 1287 1126 1340 tantae
1157 1273 1369 1340 multitudiuis

197 1385 363 1465 sulficere,
395 1383 542 1444 lecerunt
562 1382 662 1444 abires
683 1390 716 1443 et
734 1384 883 1445 monachi
906 1383 1064 1466 quoddam
1089 1381 1250 1464 hospitale
1267 1397 1369 1462 prope

198 1509 270 1552 eam
292 1487 448 1570 capellam
471 1486 683 1549 inhonorem
706 1487 792 1548 beati
819 1487 979 1551 Joltanuia
1008 1487 1282 1570 Eleemoayuerii,
1313 1483 1368 1567 qui

199 1595 304 1658 inerat
323 1591 507 1675 patriarcha
529 1588 780 1670 Alexandrinae,
802 1591 854 1652 vir
874 1607 1020 1656 anmmae
1040 1593 1181 1675 pictatia,
1203 1598 1234 1651 et
1257 1589 1290 1651 in
1311 1587 1368 1650 illo

195 1697 349 1782 hospitati
382 1698 557 1760 manebant
578 1693 757 1776 peregrini,
780 1703 813 1758 et
834 1693 876 1756 de
896 1703 1032 1777 utroque
1056 1697 1249 1758 monasterio
1269 1694 1368 1756 mini-

199 1795 386 1862 strabantur
406 1801 456 1863 eis
477 1799 663 1863 necessaria
684 1817 742 1880 per
756 1799 981 1862 morraclroaet
1003 1799 1169 1882 moniales,
1187 1816 1269 1882 quoa
1289 1804 1369 1879 puto

148 1887 174 1912 ⁰
201 1903 312 1968 fuisse
345 1903 467 1967 ordinis
496 1903 532 1966 S.
552 1903 741 1986 Benedicti,
775 1907 852 1986 quia
884 1905 1014 1966 fuerunt
1032 1905 1140 1967 Latini
1168 1907 1200 1964 in
1231 1910 1369 1984 utrotptte

199 2010 413 2090 monasterio,
450 2025 513 2071 nec
542 2007 648 2072 adhuc
684 2009 854 2073 inchoatus
876 2009 938 2071 init
960 2009 1038 2076 ordo
1057 2009 1366 2092 lloepitnliariornm.

197 2113 395 2179 Procedenti
415 2121 523 2176 autem
540 2123 707 2196 tempore,
730 2131 801 2176 cum
832 2121 918 2176 terra
939 2123 1052 2177 nancta
1074 2121 1263 2196 recuperata
1284 2111 1367 2174 luia-

196 2227 250 2282 eet
279 2225 313 2280 et
332 2223 391 2280 ra'x
422 2221 537 2282 tertius
558 2220 763 2301 Latinorum,
786 2219 974 2301 Balduinus,
995 2237 1106 2302 pacem
1128 2229 1235 2282 terrae
1256 2215 1367 2281 dedie-

197 2333 267 2406 eet,
305 2323 534 2386 conduxerunt
560 2325 594 2386 in
633 2341 751 2405 magne
781 2325 874 2406 copia
906 2325 1069 2407 peregrini
1097 2323 1140 2385 ad
1172 2320 1366 2401 Jerrnalem,

200 2427 287 2491 unde
318 2427 420 2488 abbae
449 2428 636 2489 murtesterii
657 2448 715 2510 pro
737 2430 887 2491 virorum.
913 2430 1049 2492 servitio
1072 2429 1239 2511 deputavit
1260 2443 1366 2509 quen·

149 2603 150 2610 χ
198 2532 272 2596 dam
295 2531 431 2594 nobilem
457 2531 581 2613 virum,
615 2532 671 2614 qui
691 2529 792 2594 se'ed
813 2533 876 2596 hoc
904 2533 1087 2597 voluntarie
1116 2533 1366 2614 mancipaverat,

199 2635 400 2700 Gerhardum
422 2637 561 2698 nomine.
605 2637 782 2700 Abbatisaa
804 2656 883 2702 varo
904 2656 962 2721 pro
990 2639 1124 2700 servitio
1155 2638 1365 2700 foeminarum

197 2741 358 2825 quandam
394 2739 533 2802 nobilem
568 2739 746 2804 Romanam
777 2743 949 2804 inatituit.¹
978 2743 1052 2805 llae
1088 2743 1171 2806 duae
1205 2752 1366 2824 personae

196 2846 270 2910 Deo
293 2845 430 2908 devotae
452 2837 617 2928 praedicto
640 2846 748 2908 abbati
770 2847 983 2912 obedientiam
1004 2848 1168 2929 fovebant,
1187 2843 1377 2909 secuudum

196 2951 325 3030 modum
348 2949 480 3014 vivendi
512 2949 715 3033 hospitaliter
735 2969 783 3015 so.
811 2952 991 3028 alverniam
1025 2969 1220 3036 congruum,
1253 2950 1302 3012 eia
1323 2948 1364 3010 alt

165 3057 169 3060 ’
197 3057 315 3120 abbate
349 3054 392 3118 de
424 3071 587 3118 consensu
633 3058 835 3138 patriarchae
870 3058 1138 3142 ierosolymitani
1175 3055 1364 3140 praefixum.

196 3162 340 3244 Eratque
371 3161 512 3222 uestitus
543 3177 653 3223 eorum
680 3161 849 3226 incilicia
877 3160 989 3226 divino
1018 3165 1205 3227 mantellum
1238 3161 1365 3242 nigrum

197 3283 269 3328 cum
292 3265 367 3327 altra
387 3281 484 3326 cruce
496 3307 507 3345 ,
528 3272 561 3325 et
585 3267 782 3348 commentati
803 3275 879 3329 eunt
900 3271 933 3328 in
958 3275 1100 3352 tantum,
1130 3278 1170 3330 nt
1189 3285 1248 3348 per
1269 3281 1365 3326 muu-

197 3368 272 3432 dum
306 3367 442 3450 grandia
479 3367 676 3432 monasteria
702 3373 994 3454 constituerentur,
1025 3374 1103 3456 quia
1128 3368 1366 3454 religiosissimi
1495 3419 1496 3426 ι

196 3482 289 3535 erant
326 3487 388 3534 nec
422 3471 542 3534 malum
562 3472 633 3538 lieri
659 3477 817 3540 sinebant.
863 3475 1001 3559 Duplici.
1015 3486 1121 3540 autem
1153 3479 1282 3540 nomine
1303 3492 1365 3558 ap-

195 3577 310 3660 pellari
331 3584 522 3658 coepemntt
546 3577 676 3660 quidam
699 3598 758 3644 eos
772 3577 978 3644 nominabant
998 3583 1254 3665 Hospitelariaa,
1287 3581 1365 3666 quia

196 3674 418 3765 magisterium
440 3681 611 3764 hospitalia
629 3684 809 3768 habebant3
852 3685 908 3748 alii
929 3703 988 3750 eoa
1009 3687 1215 3750 nominabant
1234 3685 1365 3752 Jultrat-

195 3789 299 3869 ntiae,
321 3795 453 3869 propter
472 3795 618 3850 unctu·
640 3788 824 3853 iohannem
846 3789 1156 3876 eleemosynarium,
1175 3793 1229 3854 cui
1249 3789 1365 3872 11ιηί-

194 3889 261 3954 tale
286 3890 594 3974 Jerosniymitmnm
626 3892 808 3958 dedicatum
836 3905 923 3978 erat,
949 3905 984 3958 et
1013 3897 1077 3960 lroc
1104 3913 1223 3960 nomeu
1258 3911 1365 3978 caque

194 3993 292 4059 ltotlie
313 3998 469 4076 retinent,
490 4005 523 4059 et
544 4001 585 4089 ob
607 3998 760 4079 majorem
781 3989 994 4064 reverentiam
1016 4018 1108 4064 anam
1130 4000 1166 4064 S.
1179 4001 1364 4065 Jolrattnem

170 4098 373 4181 ,Baptistam
393 4102 426 4162 in
444 4109 612 4182 patmnum
631 4115 854 4187 susceperuut,
877 4113 1046 4188 postquam
1062 4105 1201 4170 insulam
1213 4103 1364 4168 Modum

192 4202 427 4285 pocaedetuut,
449 4207 532 4269 ricnt
553 4217 586 4270 et
609 4209 754 4290 regulam
775 4211 860 4272 beati
882 4210 1056 4293 Augustini
1078 4211 1222 4293 profiteri
1240 4227 1366 4293 crepa·

194 4314 269 4370 rant
294 4313 372 4388 put
392 4321 502 4373 auum
534 4312 756 4396 expulsionem
778 4330 796 4375 a
815 4313 1016 4399 mulam,
1049 4317 1142 4400 quia,
1174 4315 1250 4382 dum
1270 4322 1366 4384 erant
