3014 4864
628 227 875 310 mer,

154 418 186 472 et
204 399 492 491 seeundumillam
512 407 751 498 ampliationem
768 408 923 491 praedioli
934 406 997 472 duo
1015 403 1198 488 philosophi
1209 421 1328 487 super·

153 513 264 577 serunt
286 511 359 595 ejus
380 506 534 576 terminos
557 521 591 574 et
613 529 805 575 mensuram.
848 511 914 576 vel
940 511 970 574 si
989 519 1067 574 aute
1088 509 1327 592 ampliationem

155 619 372 701 seripserunt,
394 616 601 679 coutulerunt
621 620 763 678 moutam
782 615 875 698 Syou
897 615 1033 695 civitati,
1055 633 1149 695 quem
1159 613 1327 696 Josephus

154 741 218 786 nou
257 719 392 784 iucludlt
426 737 507 784 suae
542 720 785 784 mensuratioui.
838 718 1036 783 includendo
1067 720 1150 781 euim
1185 723 1326 780 montem

154 821 342 908 Syou'oum
365 835 481 888 moute·
495 824 669 887 Calvariae
698 834 730 886 et
753 823 928 906 Galgatba,
958 822 992 884 fit
1022 822 1163 884 oiroulua
1193 823 1349 906 gaudia-

155 931 188 992 iu
210 928 480 1025 ciroqmiereutia,
502 947 565 990 unu
588 909 817 1010 minua-quam
838 928 1001 990 contiueat
1020 926 1184 1008 Augusta,
1207 927 1328 989 civitas
1362 903 1368 919 ¹

156 1032 349 1114 Suevorum,
371 1051 455 1115 quae
476 1032 560 1094 iuter
580 1048 717 1114 magua
731 1031 928 1095 Germaniae
949 1031 1101 1094 civitates
1117 1037 1327 1110 computatur.

157 1134 252 1215 Quod
274 1145 381 1199 tamen
403 1135 632 1217 contemplanti
654 1134 695 1197 de
714 1143 823 1198 moute
840 1134 959 1198 Oliveti
973 1135 1135 1198 civitatem
1146 1132 1328 1198 Jerusalem

70 1303 75 1312 ,
157 1259 223 1310 non
248 1240 387 1321 videtur,
409 1257 483 1302 eum
504 1241 633 1313 sitsita
653 1240 686 1302 iu
707 1240 778 1303 loeo
800 1238 973 1321 inaequali,
992 1257 1056 1302 nou
1083 1239 1192 1321 plano,
1215 1246 1247 1299 et
1268 1237 1355 1300 ha·-

21 1351 24 1360 '
156 1335 354 1406 beat'multa
375 1343 597 1427 spatia,·quae
618 1344 721 1409 videri
742 1363 806 1408 uou
819 1352 966 1426 pessunt.
1013 1343 1099 1406 Nem
1121 1340 1328 1424 mouaSyou,

42 1516 47 1524 ,
140 1467 216 1529 ,μοι
235 1465 275 1511 se
294 1446 402 1535 solus,
420 1448 484 1510 non
501 1449 640 1536 pa'rvar‘n
662 1443 827 1517 ciuitatem
850 1449 1046 1529 contineret,
1066 1449 1097 1510 si
1119 1454 1209 1510 esset
1237 1444 1330 1508 aedi-

13 1515 38 1566 ἵ·
79 1547 84 1556 “
132 1552 297 1652 ‘dicatus
285 1548 387 1616 ¹'sio'ut
398 1550 476 1631 fuit,
494 1558 550 1614 ut
557 1551 668 1616 urinae
689 1551 814 1616 docent.
838 1556 890 1616 De
912 1555 974 1617 bae
995 1551 1128 1616 civitate
1147 1547 1225 1614 v'ide
1245 1549 1329 1612 iutra

80 1651 106 1686 '¹
129 1651 466 1772 descriptionem,
427 1654 486 1718 fol.
493 1646 674 1720 2553..
932 1663 935 1668 '

58 1935 64 1946 ·
150 1892 247 1991 (Β)
274 1894 333 1966 De
369 1831 495 1986 quartu
512 1965 515 1971 ,
532 1887 701 1984 ingressu
732 1849 967 1962 dominorum·
991 1849 1259 1988 peregrinorum
1293 1883 1329 1958 in

399 2077 406 2089 ,
436 2001 438 2008 ’
505 2003 719 2080 dominicum
745 2007 983 2106 sepulchrum.

230 2190 352 2276 ''l'erlia
375 2183 437 2267 die,
460 2202 545 2268 quae
566 2185 833 2251 estinventiouis
848 2183 883 2247 S.
897 2182 1065 2266 Stephani,
1088 2185 1120 2246 et
1133 2193 1202 2247 erat
1225 2171 1330 2247 domi-

163 2295 239 2360 uioa
260 2275 295 2356 X
321 2299 396 2375 post
416 2291 603 2373 Trinitatis,
625 2293 659 2352 in
680 2307 755 2352 sero
776 2289 926 2354 sabbathi
947 2287 1187 2372 praecedentis,
1210 2289 1330 2373 petivi-

159 2417 232 2465 mus
257 2399 403 2462 domiuos
434 2403 579 2464 meteres
608 2395 750 2459 civitatis
771 2402 916 2477 sauctae,
939 2393 1148 2476 Sarracenos,
1170 2404 1210 2458 ut.
1227 2396 1330 2457 iutro·

160 2506 288 2582 mittere
310 2519 371 2565 noa
393 2501 604 2584 dignarentur
629 2503 664 2563 in
686 2501 860 2566 ecelesiam
882 2502 987 2562 saneti
1008 2501 1188 2584 sepulchri,
1215 2508 1247 2562 et
1268 2516 1329 2561 au-

161 2616 309 2689 huomini,
327 2610 373 2668 ita
394 2613 513 2687 tamen,
537 2605 623 2689 quod
645 2605 848 2668 solveremus
868 2607 1020 2670 tributum
1047 2612 1249 2685 consuetum,
1271 2620 1328 2686 pre

161 2730 301 2794 persona
332 2711 487 2792 quinque*
508 2710 652 2773 ducatos.
696 2709 876 2772 Petivimus
907 2719 1015 2773 autem
1049 2729 1123 2792 eos,
1156 2719 1191 2772 ut
1222 2710 1330 2771 mitius

160 2815 328 2876 uobiscum
352 2822 490 2892 agerent
510 2821 543 2874 et
565 2813 702 2892 rigerem
723 2811 813 2873 illum
838 2813 1050 2893 remitterent,
1081 2833 1123 2874 ex
1154 2831 1217 2894 quo
1234 2814 1330 2893 pauci

164 2933 328 2994 essemus,
364 2916 440 2993 quia
471 2913 711 2976 intenderemus
744 2916 876 2996 saepius
908 2915 1034 2995 ingredi
1069 2924 1145 2977 aute
1185 2924 1329 2977 nostrum

164 3021 340 3096 recessum,
362 3024 395 3092 et
416 3018 446 3078 si
466 3033 530 3079 uon
552 3015 675 3077 vellent
697 3017 862 3078 remittere
882 3017 1005 3099 aliquid
1027 3017 1068 3079 de
1098 3018 1217 3078 tributo
1249 3033 1331 3078 cou-

142 3101 267 3202 ¹sueto,
290 3129 367 3182 tuno
388 3136 450 3180 uec
464 3119 535 3203 jam
557 3135 619 3179 nee
633 3119 674 3180 iu
696 3127 860 3198 posterum
879 3136 1050 3201 possemus
1071 3118 1223 3201 ingredi‘
1250 3119 1332 3181 Post

107 3211 111 3222 ⁵
163 3226 283 3288 multas
305 3243 383 3306 ergo
406 3221 632 3305 placitatioues
654 3231 686 3285 et
707 3222 817 3304 brigas
838 3224 1040 3307 improbitate
1061 3233 1172 3289 nostra
1192 3223 1332 3286 vicimus

85 3337 89 3344 '
164 3347 232 3412 eos,
255 3338 288 3391 et
308 3329 354 3392 ita
375 3325 597 3408 convenimus,
619 3328 717 3410 quod,
739 3330 1007 3412 quotiescumque
1027 3328 1185 3394 vellemus
1207 3329 1332 3410 ingredi

164 3433 335 3496 eeclesiam
369 3430 550 3494 dominicae
578 3433 972 3515 resurrectionis‚*toties
1002 3436 1203 3500 solveremus
1238 3417 1333 3496 simul

167 3554 281 3619 omues
304 3535 456 3598 tributum
478 3536 573 3598 unius
594 3537 745 3620 hominis,
767 3539 829 3603 hoc
850 3549 910 3620 est,
932 3540 1073 3622 quinque
1106 3539 1250 3603 ducatos.
1288 3539 1332 3600 ut

165 3640 228 3702 boe
256 3639 377 3722 placuit
418 3640 523 3703 uubis.
578 3640 796 3728 Congregatis
825 3661 903 3725 ergo
917 3715 919 3720 k
934 3644 1027 3707 uobis
1059 3645 1092 3705 iu
1114 3634 1206 3708 alrio'
1224 3645 1334 3726 templi
1413 3630 1419 3639 ¹

54 3735 57 3742 ⁴
99 3737 102 3742 ’
165 3736 293 3806 saneti·
312 3745 475 3825 sepulchri
513 3755 673 3808 venerunt
705 3746 825 3809 domiui
847 3745 953 3810 Mauri
987 3764 1059 3811 cum
1093 3730 1261 3832 bovibus,
1302 3758 1334 3811 et

166 3849 320 3910 reseratis
341 3848 480 3912 valvis
470 3850 611 3931 ingressi
632 3863 744 3911 sumus
777 3858 809 3911 et
831 3853 957 3914 noctem
968 3851 1065 3914 illam
1088 3852 1279 3917 deduximus
1296 3856 1351 3916 iu‘

167 3950 291 4047 vigiliis
312 3951 406 4018 cirea
419 3952 612 4050 dominioque
637 3953 854 4035 sepulchrum,
886 3955 980 4020 modo
1001 3956 1122 4037 scripto
1145 3953 1198 4016 fol
1219 3953 1334 4033 tien,

59 4037 74 4048 ”
166 4060 212 4120 et
233 4065 473 4148 cousequenter
505 4075 600 4119 mane
632 4057 732 4120 laeto
750 4059 958 4121 cantavimus
975 4048 1111 4122 l'ldissam
1142 4060 1178 4120 iu
1209 4057 1333 4139 capella

167 4156 283 4230 heatae
302 4157 461 4241 Virginis,-
485 4159 525 4222 de
547 4177 611 4241 qua
630 4161 766 4226 babetur
798 4161 873 4226 tolio
910 4163 1093 4248 praedicto,
1126 4170 1159 4224 et
1185 4165 1333 4245 privatas

165 4260 288 4326 tumes
323 4263 461 4346 legimus
492 4264 550 4328 ad
567 4263 721 4348 placitum
756 4283 828 4330 cum
868 4268 985 4351 quiete.
1030 4266 1155 4346 Quibus
1186 4268 1335 4334 omuibus
