2926 5050
200 647 425 730 curatumque
445 642 486 706 ad
505 651 650 725 tempero
673 641 824 706 Helisaei
844 643 1032 728 prophetae,
1055 645 1113 728 qui
1134 643 1271 708 iontem
1302 643 1378 704 satis
1445 653 1446 708 l

201 766 345 811 umorum
368 746 565 830 dulcoravit,
591 755 626 810 ut
653 747 777 827 patebit
805 746 860 809 iol.
882 745 906 809 7
928 745 967 808 Δ.
1009 747 1104 811 fluoc
1128 747 1261 811 civitas
1283 747 1381 829 prima

202 853 273 934 fult,
295 871 391 934 quam
411 851 469 915 lilii
489 851 592 914 lsrael
613 851 749 914 transito
762 849 907 914 Jordano
923 861 1089 935 ceperunt,
1111 851 1270 914 etmulta
1286 853 1380 910 mira-

201 957 278 1020 bilis
298 958 331 1019 in
353 955 426 1038 ejus
446 955 596 1039 captione
613 955 839 1038 contigerunt,
861 962 897 1016 ut
917 961 1008 1034 putot
1027 954 1151 1019 Josuoe
1172 955 1242 1019 Vl.
1291 957 1381 1015 Hune

200 1061 304 1124 dosna
327 1059 470 1123 funditus
491 1061 608 1122 evertit
640 1067 675 1122 ct
695 1057 952 1121 maledictionem
982 1060 1179 1142 imprecatus
1205 1067 1382 1140 estsuper

199 1165 447 1248 primogenitum
472 1161 575 1225 stium
605 1171 639 1225 et
659 1179 759 1246 super
789 1163 1003 1226 noussimum
1025 1182 1097 1227 cam
1121 1161 1380 1226 'reaedificantis

201 1270 296 1334 Unde
314 1277 390 1353 post
409 1266 510 1330 multa
532 1283 690 1330 meorum
716 1267 877 1331 curricula
907 1265 1055 1350 quidum,
1087 1266 1194 1330 dietus
1232 1265 1317 1328 Aiel
1345 1263 1382 1324 de

201 1373 336 1456 Bolbel,
357 1389 430 1435 oum
450 1389 523 1434 eam
544 1369 769 1435 reaedificaret
788 1380 822 1435 et
843 1370 1054 1435 fundamenta
1070 1371 1208 1455 iaceret,
1234 1378 1381 1434 mortuus

201 1486 252 1540 est
273 1477 430 1558 Abyram,
451 1476 686 1557 primogenitus
708 1476 848 1559 ejns‚·et
869 1493 944 1540 cum
962 1484 1073 1558 portas
1099 1477 1277 1558 murriret‚·
1295 1490 1380 1536 mor-

201 1592 277 1645 tuns
306 1581 364 1643 init
383 1577 513 1662 Segub,
535 1579 735 1642 novissimus
755 1579 843 1643 lilius
871 1579 957 1662 ejus,
983 1575 1078 1662 juxti
1102 1581 1379 1663 imprecationem
1445 1560 1446 1568 ¹

200 1689 334 1769 romae,
355 1682 473 1748 runem
497 1683 537 1753 c.
558 1683 591 1752 o.
613 1691 645 1746 et
665 1681 697 1746 e
718 1683 878 1767 lteg.16.
919 1661 1013 1747 nece
1034 1683 1152 1746 civitas
1178 1683 1246 1747 nm
1277 1682 1377 1764 primo

201 1791 423 1877 per'Josuam
463 1786 647 1871 destructa5
690 1786 834 1850 seeundo
870 1807 929 1871 per
958 1787 1146 1868 Romanos3
1183 1787 1289 1852 tertio
1324 1799 1378 1866 per
1445 1843 1446 1850 ,

201 1895 346 1958 'l'ateroa
391 1893 435 1955 llt
456 1889 584 1953 demum
605 1909 665 1972 por
696 1889 795 1972 ulios,
824 1891 870 1954 ita
900 1891 987 1976 quod
1006 1891 1103 1956 hodie
1123 1901 1175 1954 ost
1197 1890 1288 1955 villa
1309 1889 1377 1950 sine

203 2000 323 2082 muris,
352 1998 424 2060 sine
458 1995 611 2076 fossatis,
638 2004 673 2057 el
706 2011 880 2075 paucarum
913 1997 1156 2058 habitationum.
1210 1993 1377 2058 Homines
1445 1995 1446 2004 ’

201 2102 290 2166 illius
310 2101 410 2164 villae
430 2108 508 2163 sunt
529 2100 616 2163 fusci
637 2108 670 2163 et
692 2097 803 2182 sones,
826 2109 860 2162 et
880 2099 1032 2163 mulieres
1056 2109 1133 2161 sunt
1153 2101 1198 2163 ibi
1219 2099 1376 2162 robustae

202 2217 239 2274 ut
250 2207 374 2290 rustici,
395 2206 453 2288 its,
473 2203 559 2288 quod
570 2205 628 2268 vix
645 2211 753 2287 potest
765 2203 906 2268 discerni
922 2205 1007 2268 inter
1017 2205 1121 2268 virum
1136 2213 1169 2268 ct
1184 2204 1373 2268 foeminam.

269 2458 328 2533 De
351 2457 467 2531 bortis
492 2452 755 2529 amoenissimis
778 2427 929 2529 Jeriehe
955 2454 1065 2532 etde
1089 2454 1185 2530 rosis
1210 2458 1309 2554 ejus.

282 2632 334 2694 lle
351 2633 484 2696 Jerlcho
506 2642 613 2695 entem
636 2636 764 2715 egressi
784 2653 897 2698 snmus
924 2645 956 2699 cl
976 2635 1061 2700 male
1078 2634 1227 2698 ductores
1240 2637 1371 2694 nostros

203 2738 407 2818 respeximus
428 2743 559 2818 propter
578 2739 783 2802 vexationem
804 2741 898 2803 nobis
918 2741 1059 2824 ¹facturn,
1079 2742 1155 2822 quie
1175 2733 1371 2819 suspicaba-

204 2859 285 2923 mur,
307 2840 393 2924 quod
418 2859 459 2902 ex
479 2841 623 2922 practica
644 2859 752 2903 eorum
773 2845 867 2907 nobis
889 2845 1090 2928 contigisset,
1112 2855 1145 2907 et
1164 2842 1369 2927 impatientes
1445 2867 1446 2892 ;

204 2962 334 3007 eramus
353 2963 412 3028 pro
430 2944 565 3028 jejunio,
589 2947 664 3029 quie
687 2944 845 3010 dominice
867 2948 937 3012 dies
957 2959 1043 3032 erat,
1071 2955 1105 3010 ot
1125 2949 1204 3011 nibil
1230 2940 1369 3008 mundu-

205 3048 339 3114 cendnm
361 3051 572 3135 habebamus,
595 3060 627 3115 ct
647 3052 680 3115 in
702 3051 813 3115 labore
833 3061 866 3116 et
893 3054 999 3117 celone
1023 3071 1159 3117 eremus.
1199 3049 1368 3137 Promise-

205 3163 280 3220 runt
305 3156 389 3220 enim
410 3156 523 3242 nobis,
556 3157 640 3239 quod
662 3158 697 3220 in
717 3156 849 3221 Jericbo
877 3176 994 3240 panem
1021 3167 1054 3222 et
1073 3176 1190 3240 equom
1211 3144 1369 3240 reperturi

204 3279 353 3326 essemus
381 3270 412 3324 el
435 3264 574 3345 quietern
595 3262 743 3327 bebitnri.
797 3259 880 3325 Cum
901 3263 1061 3326 vidissent
1081 3271 1188 3324 autern
1209 3278 1270 3323 nos
1290 3267 1368 3320 ‘tur-

204 3368 308 3448 batos,
324 3366 457 3429 blandis
478 3368 588 3432 verbis
611 3385 671 3430 nor
692 3366 956 3451 consolabuntur,
977 3385 1055 3450 nos,
1077 3367 1239 3447 dicentes,
1259 3361 1367 3429 statim
1445 3383 1446 3390 ¹

204 3469 333 3530 venturi
354 3485 502 3532 essemus
523 3467 563 3530 ad
578 3469 705 3531 *fontem
735 3471 863 3553 bonnm,
884 3480 917 3535 et
938 3472 1079 3555 pistores
1098 3470 1139 3532 de
1153 3469 1285 3532 Jericho
1306 3477 1367 3528 nos

205 3579 418 3653 sequerentur
438 3575 517 3632 'cnm
547 3571 693 3652 panibus.
736 3576 849 3656 ltaque
877 3575 921 3638 de·
937 3576 1069 3639 Jericbo
1101 3576 1227 3658 egressi
1257 3578 1368 3634 contre

207 3680 360 3737 montana
382 3671 610 3749 Qusrentanue
629 3679 849 3757 processimus
870 3689 902 3743 et
923 3699 982 3763 per
1012 3682 1171 3743 macerias
1202 3679 1365 3740 hortorum

205 3775 338 3841 Jericbo
359 3786 475 3841 euntes
495 3777 709 3860 pulcherrime
729 3783 883 3847 viridaria
902 3785 1053 3868 vidimusj
1083 3803 1168 3868 queo
1193 3783 1366 3864 irrigantur
1445 3811 1446 3844 l

206 3879 299 3963 aquis
320 3882 525 3946 venientibus
546 3882 589 3945 de
618 3883 707 3948 fonte
726 3885 893 3970 Helisaei,
916 3889 1041 3973 dequo
1065 3898 1126 3953 suo
1159 3885 1363 3968 locofldicam·

206 3987 243 4048 ln
264 3982 315 4048 his
335 3985 438 4050 bortis
458 3986 599 4051 vidimus
621 3990 739 4055 multas
760 3995 946 4077 sicomoros‚
977 3995 1109 4058 arbores
1140 4009 1301 4077 proceras,
1332 3990 1364 4049 in

204 4102 339 4172 querum
370 4099 507 4173 aspectu
546 4093 705 4159 recordati
737 4114 851 4160 sumus
885 4096 972 4162 illius
1001 4100 1168 4183 eleemon,
1202 4099 1237 4159 in
1270 4109 1364 4178 quum

205 4191 351 4257 escendit
373 4193 563 4279 Zachaeus,
594 4206 631 4262 nt
652 4200 778 4264 videret
794 4201 1054 4286 Jesum‚'hneae
1075 4203 1165 4266 XIX.
1207 4199 1365 4263 Crescunt
1445 4197 1446 4286 l

204 4295 299 4360 etiem
321 4296 365 4360 lbi
386 4297 470 4363 aliae
491 4303 622 4367 arbores
645 4305 831 4370 fructiferae
852 4312 886 4367 et
908 4309 1102 4372 aromaticae
1122 4307 1225 4387 vites,
1258 4312 1292 4367 et
1312 4303 1362 4366 lici
1445 4299 1446 4356 l

203 4399 322 4465 multae
343 4419 415 4465 cnm
435 4400 632 4470 dulcissimis
656 4410 833 4492 fructibns‚
866 4410 997 4493 insuper
1018 4412 1220 4477 diversorum
1252 4410 1361 4472 florum

202 4515 236 4569 et
264 4508 426 4572 venarum
453 4527 598 4578 rosatum
620 4515 664 4584 ibi
701 4511 842 4578 vidimus
863 4517 1010 4597 speeies,
1039 4525 1072 4580 et
1093 4513 1302 4578 delectabiles
1333 4521 1361 4573 et
