2948 4876
824 263 830 274 1

663 279 729 346 w
752 300 757 308 ·

74 468 139 530 llic
179 462 416 548 ego.-tirmiter
440 461 562 543 oredo,
598 464 630 525 si
665 462 761 550 hoelis
794 463 934 528 ecelnia
965 462 1178 552 ocmtbntalis
1205 465 1284 548 uui

81 580 217 654 retur,
239 567 548 654 quodsiuegladio
570 575 603 629 et
624 567 709 629 bello
731 568 937 650 sepulchrum
964 561 1094 632 Domini
1114 568 1295 652 possidere·

81 691 295 758 possemus.
339 673 422 736 Cum
443 691 521 754 ergo
557 672 671 734 Aricnl
692 672 778 740 illam
798 681 948 736 sanctam
967 673 1138 736 ecclesiam
1159 675 1282 756 griber-

85 783 243 863 rrarer'rt,
266 785 300 841 et
320 779 443 861 passim
465 776 652 846 Cathollcos
673 755 844 861 ejlcerent,
860 796 922 840 nec
939 779 1136 870 peregrinos
1156 781 1190 845 in
1210 779 1282 845 Da·-

22 937 23 946 ,
92 887 190 949 mini
214 883 565 967 sepulchrumintrare
581 882 791 948 admitterent
798 892 862 966 ,=et
883 887 937 970 alr⁴
951 884 1002 946 lris
1022 864 1155 968 codicia
1176 884 1282 946 inmt-

22 1257 23 1262 ,
94 1203 296 1284 ejecerunt,
319 1197 430 1276 (266
440 1197 494 1279 A)
518 1205 550 1259 et
571 1215 683 1261 omnes
707 1197 880 1261 seditiosos
901 1197 975 1282 sive
1008 1197 1187 1260 catholicos
1209 1187 1288 1261 sivi

22 1333 25 1376 l

92 990 195 1054 eidia
216 991 332 1052 fierent
355 995 390 1051 et
412 989 609 1070 gravissima
642 987 748 1070 litigia
774 988 857 1049 inter
867 975 1290 1076 Ariaaoactssatltolioqu,

90 1095 296 1178 conglobati
308 1093 480 1156 Sarraccui
496 1101 609 1156 eontra
620 1091 825 1159 Christianos
843 1073 920 1156 illos
936 1090 970 1152 οἳ
984 1071 1064 1153 ἷείοε
1079 1091 1120 1154 de
1143 1092 1283 1173 ccclesia

92 1307 295 1368 haereticos
308 1303 358 1365 ale
367 1302 550 1365 Jerusalem
573 1303 774 1386 expulerunt,
795 1305 905 1385 ipsam·
922 1291 1039 1366 amem.
1052 1301 1284 1367 dominicis&
1378 1324 1384 1332 ·

22 1443 23 1466 r
98 1410 239 1494 pulchri
261 1408 430 1470 ecclesiam
452 1454 461 1470 .
486 1453 494 1468 .
520 1453 527 1470 .
550 1452 558 1469 .
582 1407 811 1471 destruxerunt
832 1406 1016 1469 Sarraceni.
1050 1406 1203 1470 Satlnon
1222 1407 1291 1490 diu·

100 1518 233 1579 mansit
254 1513 310 1574 illa
331 1512 505 1576 desolatio:
536 1531 609 1573 narn
643 1511 756 1577 omues
786 1514 931 1596 episcopi
965 1512 1115 1580 catholici
1146 1514 1281 1576 orientis

101 1635 183 1682 cum
207 1621 343 1681 caeteris
365 1618 513 1699 fidelibus
536 1619 623 1680 circa
647 1633 749 1680 anuos
770 1618 900 1681 Domini
933 1615 1132 1680 cccuxxt
1153 1616 1280 1680 adeun-

22 1757 24 1798 t
102 1732 160 1786 tes
199 1723 436 1805 Jcrosolymam
477 1723 668 1805 expulerunt
709 1721 909 1786 Sarracenos
949 1741 1022 1810 cum
1058 1723 1209 1806 Arianis,
1244 1730 1279 1785 et

101 1829 282 1891 ecelesiam
304 1819 456 1892 dominici
478 1827 643 1910 sepulchri
659 1827 919 1891 reformaverunt
937 1829 971 1890 in
988 1829 1173 1906 structuris,
1187 1845 1280 1888 eam-

100 1953 171 2016 que
194 1932 392 1996 reduxemut
414 1933 456 1996 ad
477 1934 647 1996 veritatem
672 1932 835 2010 ecclesiae
855 1933 1034 1995 catholicae
1064 1949 1278 2014 magnacum

103 2039 238 2119 labore,
260 2039 338 2119 quia
366 2038 481 2100 Ariani
506 2037 724 2120 potentissimi
761 2039 891 2102 fueraut
913 2038 991 2100 lacti
1014 2045 1074 2120 pe'r
1094 2039 1224 2121 orbem,
1245 2047 1280 2100 et

106 2142 274 2225 epicopi,
304 2141 429 2224 elerici,
462 2160 558 2225 reges
581 2149 615 2204 et
648 2144 810 2225 principes
837 2144 993 2206 favebant
1017 2143 1110 2224 ipsis.
1156 2142 1280 2206 Habuit

108 2256 219 2310 cutem
252 2247 334 2308 haec
367 2246 522 2309 damnosa
555 2248 702 2310 haeresis
745 2257 847 2311 ortum
877 2249 918 2310 ab
955 2249 1052 2331 Ario,
1086 2249 1278 2332 presbytero

108 2350 349 2432 Alexandrino,
382 2355 437 2435 qui
460 2351 546 2434 apud
567 2351 799 2416 Alexandriam
831 2354 998 2416 insaniens
1031 2353 1223 2416 discordiam
1244 2355 1278 2418 iu

107 2457 288 2520 orthodoxa
313 2457 379 2518 lide
408 2475 518 2519 serere
540 2467 676 2530 conatus
698 2468 768 2543 est,
799 2476 953 2541 separare
974 2459 1071 2522 etiam
1097 2458 1215 2522 Filium
1237 2461 1278 2522 ab

109 2571 246 2624 aeterna
260 2570 294 2626 et
315 2561 470 2624 ineffabili
490 2562 553 2624 Dei
573 2562 682 2628 Patris
708 2566 905 2646 substantia,
928 2574 964 2627 ut
985 2563 1161 2628 Gratianus
1181 2567 1225 2627 24
1246 2564 1277 2626 tl.

111 2670 140 2732 1.
162 2669 277 2750 hahet,
307 2671 492 2756 conabatur.
535 2671 681 2752 Purgato
698 2681 811 2734 'autem
835 2647 976 2732 ecclesia
1002 2668 1279 2752 Jerosolymitana

111 2775 151 2836 ab
172 2774 299 2836 haeresi
317 2773 383 2854 illa,
397 2773 478 2834 mira
497 2775 582 2856 cepit
603 2777 762 2858 pullulare
776 2775 935 2840 sauctitas
952 2775 987 2841 in
1008 2773 1096 2840 clero
1115 2781 1151 2836 et
1180 2774 1276 2856 plebe

112 2881 147 2941 in
167 2886 233 2940 toto
256 2883 410 2938 terrarum
433 2878 510 2939 orbe
540 2895 597 2958 per
634 2883 798 2941 trecentos
820 2897 1050 2961 annosasque
1070 2878 1113 2940 acl
1134 2869 1279 2962 tempora

116 2981 257 3044 Heraclii
279 2981 493 3062 imperatoris.
536 2980 623 3042 Nam
643 2981 730 3044 inter
760 2982 1010 3048 Constantinum
1039 2987 1278 3067 Imperatorem,

117 3087 170 3168 qui
189 3087 337 3168 regnavit
358 3102 442 3145 anuo
474 3085 605 3147 Domini
632 3085 704 3149 313
728 3095 760 3148 et
781 3087 983 3172 Heraclium,
1021 3091 1076 3174 qui
1098 3107 1183 3151 anno
1204 3088 1276 3151 ott.

119 3191 277 3272 regnavit,
313 3188 489 3251 floruerant
515 3188 775 3252 illuminatissimi
797 3201 830 3254 et
851 3193 1020 3257 clarissimi
1035 3197 1122 3278 riri,
1151 3201 1183 3256 et
1204 3212 1277 3256 earm

99 3288 100 3292 ’
119 3297 166 3359 his
185 3294 421 3377 perversissimi
434 3303 475 3360 ‚at
499 3293 769 3377 periculosissimi
796 3297 967 3382 haeretici,
1000 3319 1134 3382 quorum
1156 3300 1279 3382 priuci-

118 3385 192 3482 palis
212 3399 272 3462 fuit
299 3398 415 3468 Arius
452 3399 494 3462 ltlt
518 3408 588 3462 erat
618 3410 746 3484 tempus
775 3401 855 3466 illud
888 3401 1038 3468 sanctum
1060 3414 1093 3468 et
1114 3405 1279 3488 periculo-

118 3523 191 3568 sum.
231 3502 388 3566 Sanctum
421 3504 550 3586 quidem
590 3494 883 3588 propter'sanctos·
910 3521 988 3574 tunc
1008 3511 1175 3592 viventes,
1203 3529 1276 3575 nam

117 3617 150 3673 ut
175 3609 222 3672 (le-
242 3609 314 3672 aliis
341 3616 489 3693 'masana
521 3612 556 3672 in
583 3609 694 3674 medio
729 3597 865 3676 duorum
896 3614 1023 3677 illorum
1051 3616 1277 3696 imperatorum

119 3707 280 3777 llorue'rcnt
301 3724 440 3796 quatuor
460 3715 585 3798 egregii
607 3716 955 3782 ecclesioeftloctores:
978 3720 1181 3801 Ambrosius,
1203 3721 1278 3783 Au-

121 3821 276 3900 gusinus,
312 3818 511 3902 Jeronymus
533 3830 565 3883 et
600 3819 793 3904 Gregorius.
830 3822 972 3886 Sanctus
991 3826 1088 3888 etiam
1108 3825 1277 3908 Nicolaos,

124 3925 248 3987 Antonin
288 3925 449 4007 Magnus,
473 3923 601 4009 Zenon,
626 3927 830 3991 Veronensis
851 3931 1034 4013 episcopus,
1056 3927 1188 4011 Paulas,
1210 3931 1278 4012 pri-

124 4045 184 4090 mus
202 4031 343 4112 eremita,
363 4028 520 4091 Paulinus
540 4030 759 4114 Trevirenais,
790 4033 965 4111 Eusebius,
994 4035 1149 4116 Hilarius,
1172 4034 1278 4095 Atha-

125 4131 230 4212 nasius,
255 4132 429 4216 Macarius,
471 4134 577 4196 Maria
599 4135 814 4219 Aegyptiace.
846 4139 889 4203 Et
914 4141 1006 4202 multi
1027 4139 1180 4202 eremitae
1200 4145 1278 4201 tuuc

126 4237 201 4296 orarit
230 4253 288 4316 per
311 4236 452 4301 'deserta
483 4239 643 4325 Aegypti,
682 4228 842 4326 Arabiae,
881 4245 1101 4323 Palaestinae,
1141 4242 1275 4325 Lybiae.

126 4339 254 4424 Singulis
268 4348 379 4404 autem
403 4345 494 4406 annis
516 4346 722 4409 confluebant
745 4347 1039 4412 devotichriatiani
1061 4346 1102 4409 de
1124 4349 1276 4412 universo
1305 4356 1308 4367 “
