3014 4864
784 261 828 324 84

224 447 258 511 ir
280 461 338 508 eos
360 441 509 506 deorsum
542 443 671 525 sparsit.
715 439 797 504 Corn
820 461 892 506 eom
917 439 1047 526 quidam
1075 441 1258 506 interfluere
1278 434 1388 525 radet,

225 549 388 635 prohibuit
417 544 527 608 David
565 545 690 626 nolens,
715 544 800 630 qnod
826 548 888 610 sibi
910 565 968 629 pro
990 545 1048 610 iila
1067 546 1187 628 iniuria
1213 544 1387 630 quidquam

226 654 302 720 mali
323 653 417 720 deret
435 653 497 714 heo
517 651 600 714 vioe.
631 651 831 714 nitebamur
850 653 956 714 sonori
977 651 1067 714 iliius
1090 652 1178 734 regis
1199 652 1387 734 patientiam

223 865 300 928 leve
310 861 444 927 verbum
462 878 629 924 movemur
647 868 760 922 eontra
777 862 940 944 proximos
960 859 1002 922 ad
1019 860 1172 924 ultionem
1185 859 1384 944 sapiendam.

221 967 311 1032 nme
331 967 432 1047 euim,
454 965 508 1028 hio
530 985 589 1028 rex
610 963 718 1026 nsvid
739 963 835 1028 nudis
859 965 1000 1047 pedibus
1019 965 1133 1028 transit
1154 974 1306 1048 deoperto
1326 981 1386 1030 os·

220 1073 304 1156 pite,
326 1071 426 1153 tiens,
447 1080 480 1131 et
500 1087 614 1133 omnes
635 1070 724 1132 servi
745 1068 817 1150 ejus
847 1085 920 1132 eom
942 1086 982 1132 oo
1003 1070 1188 1153 amaricati,
1220 1069 1324 1152 iegati
1344 1067 1385 1132 de

220 1177 359 1260 propriis
380 1173 540 1254 domibus,
561 1181 596 1234 et
616 1191 734 1236 servus
754 1189 849 1254 nnus,
872 1173 976 1253 miles,
998 1175 1136 1238 aoonrrit
1158 1183 1192 1238 ot
1211 1173 1384 1256 msiodioit,

219 1280 346 1364 iopides
367 1264 486 1341 oontr‘r'
510 1293 621 1358 rogem
653 1278 770 1356 mittit,
802 1284 918 1340 terram
951 1286 1065 1342 eontra
1093 1297 1167 1342 eum
1197 1279 1322 1362 spargit
1350 1286 1385 1340 et

220 1383 464 1448 msiodiotioues
493 1383 674 1464 ingeminat
706 1389 740 1444 et
767 1383 889 1447 crimen
920 1381 1032 1446 laesae
1068 1381 1248 1464 majestatis
1272 1382 1384 1465 utique

219 1485 417 1574 puniendum
438 1485 614 1548 committit.
657 1484 711 1548 Ad
733 1486 815 1550 hren
846 1496 953 1550 tamen
983 1488 1092 1552 omnia
1117 1504 1176 1550 rex
1205 1486 1292 1552 mitis
1318 1505 1384 1550 nan

218 1594 388 1674 irnsuitur,
410 1609 474 1654 nen
496 1598 732 1673 summovetur,
754 1591 915 1658 humiliter
945 1591 1121 1674 pertransit
1148 1599 1181 1654 et
1205 1599 1382 1656 mmmotos

219 1696 412 1779 compesuit,
449 1694 577 1758 dioens:
610 1693 735 1760 dimitte
769 1713 859 1778 enm,
898 1705 933 1760 nt
971 1694 1144 1760 melodient
1174 1713 1261 1760 unno
1286 1695 1383 1780 juxta

218 1807 428 1888 praeooptnm
455 1799 601 1881 Domini,
637 1801 667 1862 si
696 1797 780 1864 forte
811 1803 964 1883 respiciat
993 1801 1153 1866 Dominus
1177 1801 1382 1866 :mintionem

218 1925 324 1970 meam
362 1915 395 1968 et
426 1901 540 1968 reddet
560 1903 637 1968 mihi
657 1904 776 1970 bonum
798 1923 856 1988 pro
878 1905 1105 1968 malediotione
1126 1905 1187 1969 nro
1217 1903 1381 1971 hodierna.

218 2014 256 2074 ln
275 2019 345 2076 tota
361 2011 447 2074 serie
466 2023 584 2073 samoe
602 2008 790 2092 scripturae
810 2009 874 2072 vix
887 2011 934 2073 its
952 2009 1168 2074 lamentabilis
1190 2017 1298 2072 textus
1318 2009 1382 2072 ho-

216 2119 327 2198 iretur,
350 2117 434 2180 sient
455 2113 513 2176 ilie
534 2113 575 2178 de
592 2113 802 2196 emigratione
832 2112 938 2178 David
967 2123 999 2176 et
1021 2112 1063 2176 de
1083 2115 1237 2196 patientia
1254 2113 1327 2194 ejus
1346 2117 1381 2178 iu

214 2240 279 2286 sua
310 2220 535 2286 maledietione
565 2216 675 2299 (ΜΒ
686 2218 748 2301 Δ).
792 2217 877 2282 Cum
903 2220 989 2286 enirn
1013 2219 1107 2282 homo
1135 2225 1258 2282 textum
1290 2216 1379 2282 ilium

216 2327 280 2390 soit
318 2335 352 2387 et
383 2325 489 2387 ionum
520 2324 608 2386 huno
641 2325 832 2406 pertransit,
860 2343 882 2387 a
908 2323 1050 2389 lsorimis
1071 2324 1130 2388 vix
1159 2339 1198 2386 so
1228 2323 1380 2386 cohibere

214 2429 307 2494 valon
343 2429 527 2510 reoogitrus
565 2435 687 2491 tantam
715 2429 876 2510 pietstemr
921 2429 950 2492 0
979 2429 1188 2513 quantumin
1212 2428 1276 2492 hoe
1307 2427 1379 2490 loeo

214 2535 365 2598 flevisset
383 2533 499 2596 beatus
522 2529 718 2614 Gregorius,
738 2551 812 2596 oum
833 2551 906 2594 eum
931 2531 1078 2616 tegamus
1099 2532 1234 2596 flevisse
1253 2532 1288 2596 in
1309 2532 1379 2596 iore
1448 2547 1453 2565 “

215 2637 349 2718 Troiani
378 2636 592 2719 imperatoris-
611 2645 740 2718 propter
767 2637 1033 2719 misericordiam,
1066 2629 1163 2720 quum
1182 2637 1227 2700 iiri
1248 2635 1378 2700 ouidsm

216 2743 337 2808 viduae
364 2742 547 2826 repetenti
577 2742 766 2824 praestitam
787 2740 930 2823 legerat!
961 2742 1255 2824 luoomporsbiiiter
1275 2741 1378 2825 major

214 2845 435 2912 miseridordis
455 2855 524 2927 est,
544 2846 688 2910 misereri
707 2845 873 2927 injurianti
894 2855 930 2910 ot
949 2846 1169 2929 maledioenti,
1198 2865 1294 2930 quam
1315 2865 1378 2930 po-

213 2952 296 3016 tenti
315 2959 348 3014 et
380 2950 594 3014 nenedomu.
635 2949 689 3012 An
721 2949 784 3012 hoe
815 2951 886 3014 iooo
916 2949 1025 3016 David
1053 2968 1158 3034 usque
1186 2949 1228 3015 ad
1254 2952 1376 3016 iontem
1412 2971 1417 2980 ·

212 3055 292 3120 solis
315 3055 499 3138 deseendit,
522 3063 556 3121 et
577 3053 687 3117 iussus
700 3052 796 3135 juxta
815 3073 888 3118 enm
908 3057 1044 3138 quievit.
1070 3056 1143 3120 Nos
1161 3073 1240 3121 voro
1261 3076 1281 3118 r
1304 3055 1376 3120 loeo

212 3161 349 3224 ulterior
370 3177 500 3224 sursum
520 3159 742 3241 ascendimus,
763 3166 798 3220 et
818 3168 958 3222 montem
981 3158 1103 3223 Olivoti
1123 3177 1143 3222 o
1163 3159 1261 3243 longo
1287 3159 1375 3224 vidi·

211 3282 285 3326 mua
306 3282 380 3328 oum
401 3264 543 3328 eoolosis
573 3262 775 3327 ascensionis
788 3252 927 3326 'Domini
947 3265 981 3326 in
1004 3264 1075 3346 ejus
1095 3267 1262 3328 eonomine
1283 3263 1374 3328 looa·

211 3376 264 3450 ta,
294 3369 329 3429 in
350 3367 445 3450 eujus
472 3375 608 3450 aspeotn
636 3366 746 3449 gavisi
768 3383 881 3430 sumus
901 3367 1070 3454 videntes,
1094 3386 1155 3434 uos
1175 3389 1277 3456 prope
1297 3385 1374 3434 essa

211 3471 409 3544 Jerusalem.

295 3753 298 3758 ¹
397 3719 458 3796 De
481 3717 632 3820 planitie
656 3727 741 3795 aute
763 3689 956 3796 castolium
977 3721 1167 3798 Bethania.

290 3899 433 3966 Rursum
454 3907 693 3986 oonsoqnonter
706 3903 925 3986 prooessimus
945 3900 1199 3984 ntinplrnitiem
1210 3899 1372 3986 quandam

207 4005 367 4089 vonimus,
385 4025 407 4069 a
426 4026 492 4092 qua
512 4009 681 4092 consurgit
701 4012 794 4070 muns
804 4005 925 4071 oliveti
947 4007 989 4070 ab
1010 4023 1077 4070 una
1096 4015 1131 4069 ot
1150 4023 1243 4070 mons
1264 4003 1372 4069 offen-

207 4107 310 4172 sionis
329 4111 370 4173 ab
391 4111 454 4176 ntia
475 4124 579 4196 parte.
622 4115 661 4176 ln
682 4113 745 4177 huo
764 4112 898 4195 ptrniue
918 4111 1027 4176 finitur
1059 4109 1224 4178 desertam
1243 4104 1371 4174 Adim-

205 4213 272 4278 min
278 4257 289 4296 ,
310 4229 386 4279 nam
407 4217 449 4279 ab
470 4237 511 4282 ea
530 4218 681 4282 deorsum
702 4233 808 4300 usquo
829 4210 872 4280 nd
900 4213 1078 4279 Jordnuom
1099 4225 1151 4279 est
1171 4223 1268 4280 vasto
1288 4213 1371 4276 soli-

205 4319 299 4404 tudo,
321 4318 430 4388 demto
450 4323 590 4406 unuln,
621 4341 719 4405 quem
738 4322 852 4404 irrigat
881 4319 956 4384 fons
976 4318 1144 4402 Rodiensi,
1176 4319 1237 4398 sod
1266 4319 1308 4382 ai
1329 4335 1371 4380 en
1424 4363 1447 4402 0
