2842 4882
41 541 157 608 melius
177 538 312 626 recreeti
336 538 456 604 luimus
483 558 577 624 quam
600 541 653 603 ibi.
698 539 770 625 ligo
790 543 823 606 iu
846 543 909 608 boc
929 542 1017 608 valle
1050 541 1205 625 rescripsi

1 673 10 738 p
39 665 145 729 poene
166 655 266 709 toturn
287 647 348 709 iter
368 663 389 706 tt
405 641 504 734 ¹(dunat
526 664 630 729 usque
650 646 730 730 buc;
763 651 955 731 scripseram
975 649 1061 712 enim
1082 647 1205 712 sedens

40 752 73 814 in
100 753 193 815 asino
230 749 457 833 dispositiones
475 760 510 824 et
537 749 741 814 habitudines
769 755 934 836 regionum
957 761 991 816 et
1012 753 1135 817 viarum
1170 755 1204 818 in

7 869 10 881 ·
39 856 148 918 tabule
169 854 211 918 de
233 873 323 937 cera,
353 854 450 938 quem
472 851 602 938 cingulo
629 855 755 936 portavi
780 865 811 917 et
833 856 876 918 ibi
908 861 1021 944 totnm'
1039 857 1072 920 in
1093 840 1204 922 libello

2 993 8 1038 Ι
37 960 190 1043 rescripsi
213 967 245 1020 et
276 958 318 1020 de
338 977 414 1022 cera
444 957 569 1036 delevi,
597 966 632 1019 ut
652 965 892 1040 cousequenter
919 958 983 1022 alia
1013 961 1202 1028 scriberem.

7 1103 11 1151 ,
38 1064 239 1148 Saepissime
260 1063 414 1127 descendi
434 1063 476 1127 de
497 1063 590 1157 esino
610 1063 789 1145 et‘ssitinern,
807 1071 985 1148 monteset
1002 1062 1108 1126 valle's
1129 1063 1208 1128 des-

4 1154 10 1252 ,
39 1171 153 1252 cripsi,
187 1169 262 1252 qnia
283 1187 347 1231 nou
369 1173 460 1230 esset
483 1166 648 1250 possibile
678 1175 786 1228 mente
807 1167 939 1228 retineri
967 1167 1113 1250 singula,
1143 1169 1208 1232 nisi

1 1302 4 1311 ·
37 1273 133 1336 bomo
156 1273 250 1356 quasi
271 1273 410 1354 singulis
432 1272 521 1335 boris
540 1270 708 1332 laboraret.
753 1271 834 1334 Cum
856 1279 962 1332 eutem
992 1271 1063 1334 dies
1085 1271 1209 1336 aslues·

38 1385 202 1460 perasset,
226 1377 431 1440 consedimus
452 1377 493 1440 ad
516 1393 650 1439 coenam
671 1383 704 1438 et
728 1375 1013 1460 manducavimus,
1033 1385 1108 1458 post
1129 1395 1210 1441 coe·
1232 1412 1233 1420 κ

38 1500 115 1543 utam
136 1479 386 1566 deliberavimus
408 1499 538 1543 manere
559 1483 592 1542 in
616 1481 702 1544 valle
722 1499 781 1563 per
801 1487 927 1542 uoctem
963 1485 998 1541 et
1028 1482 1210 1566 incepimus

39 1587 103 1648 sub
125 1587 226 1668 petris
246 1595 355 1668 aptare
376 1586 448 1649 loca
469 1605 527 1668 pro
548 1589 672 1670 quiete,
696 1585 756 1648 sed
779 1583 855 1648 dnm
876 1581 1011 1648 cntinuo
1030 1585 1112 1648 baec
1132 1605 1209 1668 per·

1 1743 10 1793 t
37 1691 201 1774 cepisset,
232 1691 398 1767 descondit
431 1701 463 1754 et
492 1691 557 1773 (b)
590 1691 677 1753 nullo
708 1689 802 1754 modo
823 1707 884 1752 nos
905 1689 950 1751 ibi
972 1687 1108 1775 dormire
1132 1711 1209 1774 per-

39 1797 166 1858 mittere
185 1797 300 1881 voluit,
321 1797 380 1860 sed
405 1794 584 1860 ascendere
606 1794 647 1858 ad
670 1795 816 1860 serciues
838 1794 953 1876 coegit.
989 1793 1209 1863 Ascendimns

2 1941 8 2002 ¹·
39 1919 121 1984 ergo
140 1900 256 1981 locum,
278 1903 332 1964 ubi
353 1905 505 1963 onere'et
527 1899 651 1972 bestiae
672 1907 764 1960 eraut
796 1906 831 1960 et
852 1887 989 1964 tentoria
1021 1899 1151 1963 fiximus
1177 1911 1211 1964 et

38 2005 82 2067 ad
110 2007 250 2086 quietem
283 2023 343 2067 nos
370 2004 559 2076 locavimus.
614 2001 761 2066 Solitudo
790 2011 897 2065 autern
917 2002 1023 2086 baec,
1042 2005 1148 2088 compi
1179 2014 1212 2068 et

4 2178 5 2189 ,
37 2108 147 2170 velles
168 2109 371 2171 nominantur
392 2107 585 2192 Elpbogaye
605 2109 640 2171 in
661 2109 793 2170 arabica
813 2106 933 2190 lingua.
1065 2155 1071 2160 .

293 2339 508 2433 ‘Profectio
534 2339 689 2424 ulterior
711 2333 934 2426 arduissirna
1017 2419 1020 2424 ,

39 2599 42 2604 Ι
127 2513 189 2584 llis
210 2521 336 2586 decima
357 2541 441 2586 nona
460 2523 494 2585 in
518 2521 620 2584 media
642 2531 737 2585 nocte
752 2524 962 2586 'surreximus
984 2527 1015 2581 et
1028 2518 1078 2581 ¹dc
1097 2517 1213 2583 solitu-

40 2627 118 2692 dine
142 2627 323 2711 Elpbogiae
356 2629 501 2712 proiecti.
529 2637 666 2690 sumus:
695 2627 871 2692 lncidimus
909 2635 1017 2690 eutem
1051 2625 1083 2687 in
1115 2644 1220 2687 unam.

0 2793 1 2808 ,
39 2728 139 2793 velde
160 2749 308 2814 asperam
329 2735 448 2796 vallem
469 2740 505 2795 et
524 2731 710 2794 intenebris
728 2751 785 2815 per
809 2751 905 2816 rupes
917 2740 950 2794 et
974 2729 1099 2813 lapides
1122 2738 1214 2792 tran-

0 2815 1 2826 *
40 2837 140 2898 situm
162 2837 307 2898 fecimus
351 2835 510 2914 Quemvis
533 2845 640 2898 autern
662 2835 739 2897 luna
760 2836 965 2918 splenderet,
1000 2832 1080 2895 radii
1107 2841 1214 2894 tamen

41 2937 116 3019 ejus
141 2958 205 3001 non
227 2947 377 3021 poterant
398 2939 439 3002 ed
462 2957 522 3002 nos
536 2941 731 3020 pertingere,
753 2940 827 3022 qnia
841 2949 966 3003 montes
979 2939 1103 3002 obicem
1118 2956 1215 3021 prae-

42 3043 182 3103 stabant.
225 3043 277 3104 Ile
298 3043 353 3104 illa
377 3043 503 3106 demum
534 3041 622 3103 vallo
642 3041 682 3104 ad
705 3059 875 3104 ascerrsnm
900 3043 990 3106 ardui
1013 3045 1130 3106 montis
1151 3063 1215 3104 ve-
1292 3087 1296 3102 .

42 3147 149 3207 nimus
170 3154 202 3206 et
225 3146 342 3208 clivum
374 3147 579 3229 praeeipitem
614 3155 645 3207 et
673 3163 823 3229 asperum
852 3147 948 3210 valde
967 3147 1216 3236 conscendimus

42 3250 207 3332 perviam
230 3251 406 3315 taediosum
429 3258 463 3313 et
484 3250 631 3333 longum,
662 3267 746 3334 quae
777 3249 903 3314 duravit
932 3270 1036 3335 usque
1065 3252 1106 3316 ad
1136 3251 1216 3314 solis

42 3361 166 3436 ortum3
189 3355 222 3416 in
245 3354 326 3418 solis
347 3366 418 3419 ortu
452 3373 591 3418 ascensu
615 3357 782 3419 terminato
814 3357 966 3419 venimus
987 3359 1019 3420 in
1053 3358 1217 3440 regionem

41 3456 204 3542 sterilem,
229 3459 261 3522 in
284 3463 347 3543 qua
370 3470 461 3523 erant
483 3461 588 3544 oempi
617 3454 803 3543 rigidissimi
825 3468 857 3523 et
879 3461 1044 3542 latissimi,
1066 3469 1101 3523 et
1122 3460 1213 3542 dice·

39 3565 138 3626 batur
159 3567 248 3647 regio
270 3565 324 3626 illa
346 3564 546 3649 Racbbsym.
590 3565 680 3628 lllius
712 3567 854 3649 regionis
877 3567 1003 3648 humus,
1026 3564 1154 3649 lapides
1174 3573 1209 3626 et

42 3676 155 3750 petrae
174 3678 267 3732 eraut
287 3673 388 3734 rubea
407 3679 439 3734 et
461 3661 655 3748 videbantur
674 3670 907 3754 quodammodo
929 3673 1026 3755 ignea
1033 3692 1042 3754 3
1071 3687 1212 3753 proces·
1240 3665 1250 3681 ⁶

40 3773 142 3834 simus
164 3791 242 3856 ergo
264 3782 378 3838 contra
400 3774 564 3839 meridiem
593 3784 626 3838 et
653 3785 785 3840 ventum
808 3777 1017 3858 contrarium,
1048 3774 1212 3864 frigidum,

41 3874 158 3937 sortem
180 3886 212 3940 et
234 3881 470 3960 penetrativum
493 3881 674 3964 habuimus,
691 3882 765 3965 quia
786 3881 818 3943 in
841 3881 906 3943 alta
927 3882 1060 3964 regione
1079 3895 1208 3944 eremus

38 3986 72 4039 et
94 3978 252 4042 nullorum
274 3984 430 4047 montium
458 3983 626 4049 obstaculo
648 3987 896 4068 protegebamnr
916 4003 936 4048 a
958 3992 1125 4062 ventorum
1149 3981 1214 4045 im·

38 4081 148 4165 pulsu,
167 4093 199 4145 et
220 4085 318 4148 valde
338 4087 607 4152 afflictivnmerat
630 4091 735 4172 nobis,
760 4089 826 4171 pati
848 4087 957 4172 frigus
972 4089 1004 4151 in
1028 4087 1084 4152 illo
1105 4103 1210 4166 mane,

40 4185 128 4249 Dum
150 4196 255 4250 antem
276 4191 473 4278 perborum.
490 4202 521 4256 et
543 4193 681 4275 amplius
711 4192 821 4256 inille
842 4192 1010 4256 altitudine
1031 4189 1214 4275 processis-

40 4307 163 4372 semus,
184 4295 333 4355 venimus
358 4294 399 4358 ad
421 4297 518 4360 linem
540 4316 722 4379 camporum
747 4307 779 4358 et
802 4297 943 4380 regionis
965 4296 1064 4377 illius,
1086 4293 1213 4378 deque

44 4415 104 4479 per
125 4396 307 4460 horribilem
329 4407 361 4461 et
382 4399 478 4463 valde
510 4403 716 4486 praeeipitem
746 4399 865 4464 clivum
887 4412 938 4464 est
970 4383 1150 4465 descensus
1170 4400 1213 4464 ad

1 3122 3 3164 l
