2926 5050
712 405 734 468 2

139 587 336 672 ,Cogitabam
371 601 514 666 meeum,
560 583 645 666 quod
684 584 767 647 sorte
798 603 840 648 ex
874 579 1085 666 dispositione
1114 581 1310 648 venerahilis

142 693 250 756 Patris
282 688 441 756 (iardiani
467 688 501 751 id
531 687 650 751 laetam
680 689 763 750 foret
789 687 830 752 ad
865 686 1086 769 reprimendas
1118 687 1311 750 insolentias

146 797 406 880 peregrinomm,
445 811 578 876 quorum
600 792 699 878 aliqui
721 799 792 856 tota
822 799 918 856 necte
948 791 1105 854 sedeone
1126 796 1161 856 iu
1193 791 1313 874 templo

144 898 376 964 manducantes
405 905 439 960 et
460 898 626 979 hibentes,
659 898 744 960 aient
773 895 945 979 Corinthii,
980 913 1063 978 quos
1082 897 1260 979 Apostolus
1282 899 1309 961 i.

144 1003 220 1068 Cor.
242 1005 279 1068 2.
312 1005 346 1066 in
367 1003 516 1066 omnibus
537 999 664 1086 laudat,
687 1010 913 1088 praeterquam
942 1001 976 1066 in
1007 999 1079 1084 illc,
1101 999 1187 1086 qnod
1207 1019 1315 1092 unusft

145 1112 283 1194 quisque
305 1110 532 1191 praesumebat
553 1123 687 1170 coenam
706 1122 799 1168 suam
828 1105 861 1170 in
885 1105 1025 1170 ccclesia
1046 1105 1256 1190 manducare,
1279 1115 1312 1169 et

147 1225 217 1278 erat
239 1213 448 1294 difformitas,
481 1212 558 1294 quia
581 1225 667 1274 unus
697 1211 811 1272 esuriit
836 1218 869 1272 et
890 1211 973 1276 alius
1005 1211 1113 1274 ebrius
1143 1213 1212 1276 tuit.
1254 1193 1312 1274 Sic

146 1321 246 1384 etiam
268 1325 336 1380 erat
357 1318 442 1378 iuter
461 1315 660 1399 peregrinos,
683 1331 818 1397 quorum
840 1313 940 1398 aliqui
955 1331 995 1376 se
1017 1314 1192 1399 replebant,
1212 1309 1312 1394 attqot

142 1442 223 1486 vero
250 1419 453 1503 jejunabant,
485 1429 518 1482 et
549 1417 624 1482 ideo
652 1417 799 1482 virtuose
831 1427 1041 1502 praeventum
1074 1428 1142 1502 est,
1173 1432 1216 1480 ne
1247 1415 1311 1478 eihi

142 1527 366 1610 reperirentur.

226 1627 373 1712 Singulis
396 1645 473 1710 ergo
493 1629 701 1711 congregatis
722 1635 915 1712 apemerunt
937 1627 1057 1691 donnini
1072 1627 1179 1692 Mauri
1199 1623 1311 1692 coele-

146 1737 218 1798 siae
239 1741 373 1796 sanctae
392 1732 525 1816 valvas,
547 1749 674 1816 nosque
694 1733 937 1796 intromiserunt
956 1733 1068 1798 eodem
1091 1734 1203 1814 modo,
1225 1733 1313 1796 sieut

146 1837 267 1902 dietum
288 1845 339 1900 est
359 1836 522 1919 foliatos,
543 1837 585 1900 h
607 1840 751 1920 ingressi
772 1845 848 1900 sunt
870 1839 966 1904 etiam
988 1841 1155 1904 nobiseum
1177 1837 1311 1900 Pratrts

148 1945 266 2007 montis
288 1941 396 2026 Syon,
426 1942 511 2005 iuter
542 1959 624 2026 quos
652 1942 819 2005 nobiscum
857 1945 987 2008 intravit
1028 1941 1218 2027 spectabilis
1248 1943 1311 2022 vir,

146 2049 254 2112 dictus
275 2048 443 2111 Jchannes
465 2044 506 2108 de
523 2045 669 2129 Prussia,
689 2047 882 2112 Procurator
898 2047 1046 2112 Fratrum
1068 2048 1186 2112 montis
1205 2045 1310 2129 syon,

146 2153 325 2218 saecularis
344 2151 475 2238 quidem
497 2160 599 2232 statu,
628 2151 687 2214 sed
709 2152 867 2235 regularis
888 2154 1000 2218 habitu
1021 2160 1054 2216 et
1086 2154 1163 2216 vita.
1204 2151 1312 2231 Utitur

144 2261 228 2324 enim
263 2260 391 2346 proprio
422 2257 551 2321 arbitrio
584 2257 697 2322 habitu
720 2260 807 2322 tertii
833 2255 955 2323 ordinis
986 2257 1021 2319 S.
1043 2257 1227 2340 Francisci‚
1258 2255 1311 2319 eni

147 2374 255 2428 tamen
288 2362 420 2446 regulae
447 2367 527 2426 voto
543 2344 586 2424 ¹se
614 2372 679 2425 ucu
711 2361 891 2426 adstrinxit.
934 2361 999 2424 llio
1028 2362 1080 2425 vir
1108 2369 1159 2432 est
1191 2377 1312 2445 genere

144 2469 278 2550 nobilis,
301 2468 342 2530 de
363 2469 515 2550 prosapia
536 2468 699 2548 comitum,
722 2467 919 2530 'teutonicus
941 2467 1136 2550 dePrussia,
1157 2481 1311 2550 procerae

149 2562 315 2654 staturae,
337 2571 465 2654 longam
485 2572 608 2634 habeus
629 2571 776 2655 barbam,
804 2552 993 2636 veneranda
1012 2575 1134 2636 canitie
1155 2572 1307 2652 decorus3
1371 2571 1374 2578 '

147 2684 291 2740 maturns
312 2675 409 2738 valde
430 2683 481 2737 est
501 2676 553 2739 vir
573 2674 644 2756 itte,
668 2681 702 2736 et
723 2675 891 2740 multarum
912 2679 1189 2759 experientiarum,
1211 2675 1311 2738 muri-

146 2781 208 2844 bus
229 2783 445 2863 compositus,
467 2780 725 2842 conscicntiosus
745 2787 779 2842 et
800 2783 918 2845 timens
947 2783 1061 2845 Deum.
1104 2783 1175 2844 Has
1197 2779 1310 2842 laudas

147 2903 212 2948 non
239 2882 425 2966 exauditu,
448 2883 508 2946 sed
530 2903 572 2947 ex
592 2891 682 2948 certa
699 2885 837 2949 seientia
857 2887 932 2950 huie
952 2888 1052 2969 probo
1073 2887 1142 2949 viro
1165 2885 1219 2955 do.
1247 2883 1311 2948 liic

147 2991 244 3054 hahet
266 2989 488 3069 auctoritatem
522 2988 642 3054 domini
670 2989 794 3072 Papae,
823 2999 856 3054 et
877 2991 996 3055 domini
1024 2991 1246 3075 imperatoris,
1278 2997 1312 3052 et

148 3096 293 3160 favorem
315 3111 425 3178 regum
449 3101 483 3156 et
504 3094 682 3177 principum
705 3092 970 3180 Christianitatis,
990 3096 1121 3159 creandi
1142 3104 1174 3157 et
1195 3111 1312 3178 pereu-

148 3201 247 3265 tiendi
276 3201 395 3264 milites
422 3201 612 3284 peregrinos
644 3201 769 3265 nobiles
797 3201 839 3264 ad
868 3211 1017 3266 sanetum
1049 3201 1177 3264 Domini
1199 3197 1312 3281 repul-

148 3305 258 3370 ehrum
287 3308 458 3370 venientes
480 3303 559 3388 (B).
602 3303 710 3369 Notus
732 3315 785 3369 est
813 3309 910 3370 etiam
933 3305 1061 3370 domiuo
1082 3305 1235 3386 Soldanc,
1256 3304 1312 3386 qui

148 3427 222 3470 eum
243 3409 277 3470 in
298 3425 416 3491 magua
436 3410 534 3472 habet
552 3411 769 3471 veneratione.
802 3409 996 3474 Praefectus
1017 3413 1156 3494 insuper.
1169 3407 1312 3492 Naydctt

148 3513 295 3574 civitatis
315 3513 497 3574 Jerusalem
519 3529 593 3574 euru
614 3519 798 3595 veneratur,
817 3523 853 3576 et
875 3513 1120 3596 Sabathytanco
1143 3514 1315 3598 etntpho·

149 3615 253 3699 hallo,
277 3615 384 3680 Caliui
404 3615 738 3700 et'Prutschelmanui,
761 3636 874 3682 omncs
895 3638 968 3682 eum
990 3629 1130 3684 noscunt
1150 3625 1185 3682 et
1206 3634 1311 3682 vene-

148 3729 269 3784 rantur.
313 3721 407 3785 Unde
427 3720 490 3784 sibi
510 3719 586 3782 data
605 3731 656 3784 est
676 3727 824 3806 potestas
845 3743 866 3788 a
887 3723 1023 3790 dominis
1043 3736 1150 3790 terrae
1177 3721 1312 3788 ornandi
1437 3721 1456 3769 Α

148 3825 221 3888 loca
241 3835 355 3889 sancta
375 3826 523 3888 maceriis
546 3835 580 3888 et
600 3826 683 3910 aliis,
701 3839 924 3914 praeterquam
947 3831 1033 3916 quod
1054 3847 1163 3894 muros
1185 3829 1317 3912 erigere:

147 3949 213 3994 non
239 3929 346 3993 audet.
388 3931 453 3992 Hic
474 3933 525 3993 vir
558 3941 725 4016 procurat,
757 3935 845 4019 quod
874 3937 986 4000 ruinae
1013 3935 1174 3999 ecclesiae
1205 3933 1316 3996 sancti

147 4036 310 4119 sepulchri
338 4044 371 4098 et
398 4037 432 4099 in
456 4037 645 4102 Bethlehem
676 4038 874 4124 reficiantur,
910 4050 942 4106 et
969 4046 1082 4104 tantae
1115 4037 1312 4102 auctoritatis

147 4149 198 4203 est
218 4141 252 4203 iu
273 4141 466 4227 Jerusalem,
487 4143 575 4228 quod
598 4145 693 4208 etiam
705 4143 877 4208 Sarraccni
896 4155 932 4208 et
951 4145 1071 4208 dodaci
1091 4163 1166 4208 eum
1186 4145 1312 4224 timent,

149 4253 182 4308 et
201 4247 292 4328 pueri
323 4263 362 4310 se
384 4248 424 4310 ab
447 4267 486 4312 eo
509 4248 722 4314 abscondunt.
765 4250 808 4312 tit
829 4249 902 4313 dico
923 4267 983 4335 pro
1004 4257 1109 4332 certo,
1140 4248 1234 4333 quod·
1249 4246 1313 4309 duc

147 4349 294 4416 hemines
314 4360 390 4416 sunt
410 4352 444 4416 in
463 4353 658 4436 Jemsalem,
679 4369 777 4417 senes
798 4364 832 4417 et
849 4355 975 4438 annosi,
996 4353 1157 4417 utilissimi
1176 4361 1214 4416 et·
1230 4353 1314 4415 loeis

147 4459 272 4522 sancis
288 4464 323 4521 et
336 4455 528 4542 peregrinis,
542 4467 576 4522 et
595 4459 740 4541 cogitare
757 4477 822 4523 non
838 4456 1138 4542 possam,'quetiter
1151 4455 1314 4538 peregrini
