2954 4914
660 257 814 362 ἰιι

199 479 346 546 videatur
374 453 606 572 intumescere,
634 492 713 540 suos
740 479 824 541 lines
853 477 929 542 exit.
974 473 1240 558 Quidamtamen
1263 482 1374 547 restt-

141 663 145 670 ι
197 594 298 668 munt,
318 583 404 668 qnod
425 602 484 667 per
505 581 649 646 occultos
664 590 792 676 meatus
812 584 1016 647 continuetur
1032 603 1104 648 cum
1122 585 1216 668 aquis
1224 586 1372 669 blaratb,
1398 639 1401 646 .

78 745 82 754 .
197 689 375 778 dequibus
396 689 432 752 lit
454 685 700 756 mentiorlllxodi
725 687 786 769 15,
808 696 844 751 nt
865 686 987 754 dictum
1010 699 1062 752 est
1082 689 1136 752 fol.
1164 689 1234 752 tac.
1253 690 1291 750 Β.
1316 691 1373 752 Ex

195 795 246 860 nis
267 803 357 880 patet
375 796 477 858 maris
497 793 615 858 mortui
636 791 830 874 descriptio,
858 791 995 856 collecta
1017 811 1059 856 ex
1080 793 1151 875 ejus
1171 796 1370 859 nominibus.

239 1030 300 1106 lle
327 983 477 1106 deserto
499 1027 598 1103 beati
618 1023 833 1124 Hieronymi
865 1013 903 1098 e't
930 1015 986 1100 de'
1002 981 1086 1125 ejus
1110 980 1333 1102 monasterio

713 1143 858 1219 ibidem.
914 1181 916 1186 v

278 1315 382 1397 Igitur
403 1331 475 1374 cum
505 1330 594 1376 mare
620 1320 779 1376 mortuum
807 1311 902 1393 juxta
924 1308 1118 1398 desiderium
1147 1321 1294 1375 nostrum
1313 1313 1371 1375 vi-

197 1419 378 1500 dissemus,
407 1414 483 1478 indo
514 1415 662 1488 velocius
693 1415 910 1497 recessimus,
940 1419 1016 1498 quie
1047 1417 1098 1480 sol
1118 1417 1183 1498 jam
1213 1436 1368 1480 occasum

196 1521 344 1608 petebat3
378 1519 596 1603 processimus
623 1511 734 1580 'autem
772 1528 884 1581 contra
918 1519 1101 1601 aquilonem
1133 1541 1231 1603 snpra
1266 1525 1368 1584 maris

196 1626 313 1692 mortui
337 1622 549 1707 prinicipium,
582 1632 647 1684 non
669 1622 766 1704 longe
795 1639 816 1682 a
842 1619 930 1705 loco,
964 1625 1019 1685 ubi
1040 1623 1194 1688 Jordanis
1224 1627 1370 1689 illabitur
1400 1627 1402 1632 ’

159 1783 165 1792 .
186 1732 281 1813 ipsi,
300 1739 333 1792 et
353 1729 428 1791 inde
449 1731 483 1790 in
505 1726 710 1790 solitudinem
729 1727 949 1790 vastissimam
971 1731 1121 1791 venimus
1142 1729 1310 1808 Jurdunis,
1323 1734 1367 1804 ¹in

201 1853 266 1917 qua
296 1827 373 1896 nec
389 1834 535 1916 plantae,
578 1849 641 1892 nec
674 1831 794 1893 herbae
823 1839 877 1892 ant
906 1832 1047 1913 virgulta
1072 1843 1165 1916 sunt,
1194 1835 1254 1897 red
1281 1844 1369 1898 terra

197 1939 366 2022 sabulosa,
397 1937 515 2012 adusta
544 1937 625 2000 solis
653 1933 845 2016 ardoribus,
877 1934 973 2016 plena
994 1939 1135 2010 *cumulis
1164 1956 1282 2001 arenae
1309 1960 1369 2022 per

196 2053 315 2108 ventos
336 2050 565 2128 comportatae.
598 2041 635 2102 lu
654 2030 714 2102 his'
728 2037 865 2100 cumulis
888 2047 920 2100 et
941 2030 1125 2105 monticulis
1149 2045 1367 2124 processimus

197 2169 270 2214 cum
291 2167 409 2234 magua
429 2156 543 2211 nostra
563 2153 598 2206 et
620 2145 796 2206 bestiarum
818 2143 929 2226 fatiga,
952 2146 1036 2207 sicut
1054 2149 1086 2208 in
1109 2149 1186 2210 nivo
1208 2149 1368 2231 profunda
1463 2143 1464 2178 ³

198 2263 231 2316 et
259 2253 361 2316 densa
386 2252 644 2334 procederemus.
687 2248 787 2311 Porro
809 2248 842 2309 iu
864 2251 936 2329 ipso
962 2249 1075 2312 sabulo
1096 2251 1366 2333 deprehendimus

196 2357 340 2436 vestigia
361 2373 448 2417 nova
468 2355 631 2416 asinorum
653 2353 835 2435 multorum,
853 2352 893 2413 de
909 2371 973 2436 quo
992 2355 1119 2436 providi
1141 2357 1219 2418 fecti
1236 2358 1365 2441 inimus,

198 2461 368 2541 timentes,
390 2476 432 2519 ne
454 2458 538 2521 forte
555 2457 587 2518 in
610 2460 751 2519 tenebris
773 2455 988 2521 incideremus
1012 2461 1045 2520 in
1066 2460 1204 2543 aliquem
1227 2477 1375 2526 cuneum·

197 2564 361 2646 Arabum,
393 2571 448 2624 aut
470 2561 582 2642 (24²
595 2561 648 2643 Α)
671 2561 757 2644 quod
779 2570 890 2624 essent
912 2564 945 2622 in
966 2562 1055 2644 loco,
1077 2567 1197 2648 inquo
1227 2585 1288 2629 nos
1309 2587 1366 2650 per

151 2717 154 2724 .
198 2674 325 2728 noctem
340 2667 510 2749 quiescere
531 2665 789 2748 decreveramus,
811 2672 844 2726 et
866 2667 911 2729 ita
932 2669 1084 2750 suspensi
1105 2671 1140 2730 in
1152 2671 1368 2756 haesitatione

131 2787 134 2794 ’
198 2753 412 2834 sdbstitimns.
465 2763 666 2835 Nolebamns
699 2771 785 2832 eninr
815 2789 876 2832 nos
910 2782 1100 2866 convertere
1132 2773 1172 2836 ad
1213 2769 1368 2841 montana

25 2871 29 2880 '
97 2893 102 2902 ·
198 2873 317 2958 lsrael,
339 2875 398 2940 s'ed
420 2876 524 2940 locuiu
547 2875 723 2961 quendam,
745 2884 780 2936 ut
801 2876 940 2959 patebit,
957 2879 1002 2941 'in
1024 2877 1078 2942 illo
1101 2897 1210 2942 eremo
1230 2871 1365 2944 visitare

158 3043 162 3050 .
198 2981 405 3066 volebamus,
447 2988 562 3047 contra
598 2985 702 3066 quem
726 2979 831 3042 locum
862 2971 1003 3066 vidimus
1031 2977 1165 3066 gregim
1204 2986 1365 3049 asinorum

200 3106 260 3171 per
294 3083 454 3172 quendam
487 3089 607 3152 olivum
644 3085 773 3148 arenosi
805 3086 922 3146 montis
954 3085 1154 3161 adscendere
1188 3099 1263 3152 aute
1294 3109 1377 3175 nos,

201 3189 286 3276 quod
310 3211 449 3260 cerneus
469 3191 601 3273 timoth,
623 3175 833 3273 duxno'ster,
857 3189 967 3252 atatim
990 3192 1106 3254 cecidit
1128 3193 1168 3255 de
1190 3213 1273 3276 equo
1294 3213 1365 3278 sno,

200 3305 235 3358 etv
254 3299 307 3357 'sui
328 3300 417 3359 servi
438 3294 604 3376 similiter,
637 3301 669 3355 et
690 3294 836 3377 arreptis‘
849 3293 967 3378 gladiis
987 3301 1021 3357 et
1053 3298 1192 3362 arcubus
1213 3301 1283 3361 suis
1306 3315 1367 3362 cu-

152 3471 155 3480 ,
199 3409 367 3462 currerunt
388 3401 472 3464 sicut
495 3397 584 3459 cervi
601 3414 659 3477 per
679 3395 826 3460 sabulum
849 3383 1079 3483 postgregem
1094 3402 1193 3485 illum,
1215 3398 1366 3488 volentes

198 3503 349 3585 praedam
368 3522 501 3586 rapere,
523 3502 552 3564 si
573 3509 716 3584 possent.
737 3493 740 3501 '
760 3495 798 3564 lu
820 3502 884 3564 illis
906 3506 990 3594 enim
1015 3501 1110 3568 terris
1136 3525 1229 3570 nemo
1251 3509 1291 3570 ab
1312 3509 1366 3570 iu-

163 3665 166 3670 ,
198 3607 334 3670 vasione
354 3619 489 3672 securus
511 3616 573 3688 est,
586 3605 646 3668 sed
665 3605 779 3671 fortior
800 3606 984 3676 debiliorem
1002 3611 1183 3693 insequitur
1205 3622 1238 3675 et
1250 3605 1366 3676 ¹attfert

113 3741 116 3748 =
199 3729 290 3779 arma
309 3720 342 3774 et
363 3710 467 3794 spolia
489 3710 570 3795 ejus,
591 3713 621 3774 si
638 3730 710 3774 eum
732 3713 840 3793 potest
856 3715 1112 3796 apprehendere:
1132 3717 1206 3780 ideo
1226 3729 1248 3779 'a
1269 3715 1366 3800 louge

191 3824 311 3906 ¹contre
332 3801 370 3878 se
392 3826 622 3899 praeparantes
647 3823 707 3896 ant
727 3834 793 3900 una
813 3835 889 3900 pars
912 3819 1011 3902 sugit,
1045 3823 1234 3886 autambae
1254 3831 1365 3904 partes

198 3927 312 3983 contra
332 3923 371 3984 se
392 3921 532 3984 invicem
561 3923 649 3994 acies
682 3919 824 4004 dirigunt
845 3923 887 3985 ad
909 3912 1123 4016 dimicandum
1157 3927 1269 4010 simul,
1300 3945 1364 3989 non

77 4055 81 4064 ‚
144 4079 148 4090 ,
198 4023 328 4107 quidem
349 4044 407 4109 pro
429 4027 514 4116 uita,
535 4027 594 4089 sed
616 4009 730 4110 spoliis
752 4035 785 4088 et
805 4029 935 4109 praeda.
980 4023 1067 4120 Cum,
1085 4025 1162 4116 cry
1190 4014 1364 4094 Ameth'et

197 4129 249 4194 sni
268 4108 402 4216 gregem
422 4131 510 4195 illum
529 4151 588 4218 per
609 4131 741 4218 louguni
760 4137 897 4214 spatium
919 4115 1057 4200 insecuti
1074 4127 1222 4220 fuissent,
1241 4126 1368 4218 cogno-¹
1459 4199 1460 4208 ,

176 4245 324 4322 ¹uerunt,
345 4255 410 4300 non
432 4253 508 4316 esse
529 4238 662 4322 gregem
686 4237 849 4300 asinorum
871 4237 1128 4325 domesticorum,
1144 4240 1204 4305 sed
1224 4255 1364 4323 onagro·¹
1459 4229 1460 4294 l

198 4358 284 4422 rum,
313 4359 396 4431 quos
417 4360 534 4427 capere
554 4341 738 4416 ¹nullatenus
759 4352 910 4432 possent,
932 4333 1011 4428 quia
1028 4346 1255 4410 velocissimae
1276 4346 1364 4408 ferae
