2962 5022
207 467 373 534 turbarant
406 475 441 530 et
472 463 659 548 spoliarent.
704 465 779 528 Alia
806 481 922 531 canem
956 483 1058 547 propa
1090 481 1194 548 aquas
1223 466 1299 530 illas
1329 477 1385 530 est

205 593 272 638 uua
292 573 390 656 villa,
413 572 444 635 in
467 589 531 654 qua
554 577 632 635 sunt
653 571 799 654 pessimi.
822 569 1040 652 bladienitae,
1072 571 1129 653 qni
1150 570 1224 634 dnm
1251 591 1314 636 nos
1337 574 1386 636 ibi

163 705 166 712 ·
205 679 344 746 tentoria
378 677 777 759 fixissecomperissent,
812 673 921 737 multis
946 674 1051 738 modis
1079 677 1177 738 etiam
1208 681 1387 759 noctmnis

204 782 295 846 horis
315 799 375 872 uros
396 791 583 846 vexassent
629 763 706 844 Alia
727 797 844 861 causa,
874 780 950 866 qnia
971 781 1027 842 via
1053 780 1183 870 publica
1203 791 1255 846 est
1281 783 1387 865 juxta

118 929 121 938 -
168 931 172 942 .
204 885 328 970 lentes,
362 905 423 971 per
451 905 547 969 qnam
578 885 744 949 nocturnis
773 884 861 949 horis
894 893 1060 948 transeunt
1092 888 1314 968 negotiatores
1348 902 1386 954 et

204 977 385 1076 praedones
408 991 535 1056 Arabes
557 1001 589 1056 et
611 983 817 1082 ιιιιιίιιιίιιι,
839 1006 868 1051 a
880 989 1011 1073 quibus
1017 991 1089 1052 sine
1115 994 1292 1056 vexatione
1313 1015 1386 1058 non
1410 985 1414 990 ’

65 1131 69 1142 -
205 1097 392 1167 fuissemus
434 1096 517 1162 Cum
550 1113 653 1180 ergo
660 1093 798 1157 tentoria
820 1091 1018 1172 unisonus,
1041 1093 1274 1160 descendimus
1303 1117 1384 1162 cnm

210 1203 362 1267 asinariis
385 1203 504 1266 uostris
526 1199 566 1265 ad
590 1200 694 1264 locum
718 1199 852 1264 fontium
876 1207 908 1262 et
929 1189 1107 1278 palmarum
1127 1208 1160 1262 et
1181 1204 1270 1265 uires
1291 1223 1384 1288 aqua

208 1289 407 1388 replevimus
429 1316 469 1370 et·
483 1307 672 1390 amphoras,
706 1321 779 1366 cunr
811 1303 928 1386 quibus
957 1303 1088 1368 asinarii
1124 1307 1384 1374 asscenderunt

207 1407 249 1474 ad
271 1411 427 1495 tentoria,
450 1428 510 1475 nos
531 1410 708 1474 mansimus
738 1409 771 1472 in
793 1407 865 1472 loco
886 1407 941 1470 illo
962 1407 1150 1502 delectabili,
1165 1417 1200 1472 et
1228 1415 1382 1478 vestibus
1419 1413 1422 1419 ’

207 1511 319 1577 nudati
341 1515 481 1580 balneati
503 1532 633 1598 snmus,
655 1515 739 1597 qnia,
753 1514 902 1596 copiosas
924 1531 1047 1597 aquas,
1068 1496 1227 1596 claras-et
1250 1520 1383 1601 tepidas

208 1616 356 1682 lavandis
379 1620 566 1704 corporibus
589 1625 680 1701 aptas
713 1619 909 1708 reperimus,
936 1616 1031 1699 juxta
1050 1637 1133 1702 quas
1153 1621 1251 1684 etiarn
1285 1635 1381 1688 eraut

207 1721 339 1786 arbusto
361 1732 392 1787 et
416 1723 567 1806 virgulta,
589 1724 722 1806 insuper
743 1741 843 1806 prope
866 1730 935 1786 erat
956 1722 1044 1805 villa,
1068 1724 1101 1786 in
1123 1740 1187 1806 qua
1208 1727 1381 1794 multitudo

121 1829 126 1840 '
158 1852 160 1858 ’
207 1823 386 1909 palmarum
409 1825 487 1894 er‘at.
532 1823 740 1913 Tempore,
732 1846 796 1913 quo
817 1827 874 1891 dlii
897 1826 1026 1890 lsrael·
1017 1847 1051 1890 ιιι
1073 1828 1145 1892 loco
1165 1831 1231 1894 isto
1245 1841 1381 1920 castra-

177 1973 179 1982 =
208 1934 318 1996 metati
340 1941 431 2014 sunt,
452 1943 544 1998 erant
566 1934 610 1997 ihl
632 1933 707 1998 Xll
727 1933 834 1998 lorrtes
857 1941 888 1996 et
907 1931 1004 1994 LXX
1023 1932 1167 2016 palmae,
1189 1953 1277 1998 nunc
1298 1959 1380 2003 vero

209 2047 372 2104 nunaunt
402 2039 549 2124 praecise
572 2041 636 2103 Xll
669 2040 793 2121 fontes,
826 2021 886 2100 sed
908 2036 1042 2100 multae-
1053 2045 1131 2100 sunt
1154 2040 1197 2102 ibi
1219 2033 1378 2124 aquarum
1453 2038 1457 2048 '

132 2135 137 2148 ’
212 2143 353 2208 vomitos
375 2143 416 2208 de
439 2144 535 2229 clivo,
559 2147 613 2230 qui
635 2142 776 2228 undique
796 2143 896 2206 vomit
919 2160 1029 2226 aquas,
1051 2161 1113 2206 nec
1133 2145 1226 2208 LXX
1242 2149 1382 2235 palmae,

209 2247 269 2312 sed
291 2249 391 2314 multo
414 2249 541 2334 plures;
564 2259 669 2314 tamen
691 2249 782 2316 locus
803 2247 886 2312 idem
909 2254 972 2311 est.

293 2350 429 2439 Propior
450 2355 531 2450 'utar
553 2360 788 2438 exsuperantes
809 2371 962 2436 aquarum
985 2353 1125 2418 vomitos
1147 2354 1380 2438 imaginatione

209 2457 336 2538 poetica
356 2459 547 2542 suspicabar
568 2459 708 2541 aliquam
730 2457 952 2542 Nympharum
980 2457 1139 2520 celebrem
1165 2459 1270 2524 locum
1291 2462 1380 2526 hunc

208 2557 407 2646 reddidisse,
430 2581 501 2626 cum
526 2565 621 2630 etiam
644 2582 759 2627 nomen
782 2563 943 2624 arabicum
966 2560 1029 2628 loci
1052 2564 1127 2626 huic
1157 2563 1380 2646 imaginationi

209 2663 361 2728 assistat:
385 2665 607 2730 diciturenim
630 2667 721 2744 loeus
743 2665 918 2729 Doriudcu
965 2666 1061 2730 Doris
1092 2677 1199 2731 autem
1220 2667 1291 2732 er'at
1312 2670 1379 2734 iilia

209 2761 302 2834 Coeli
324 2757 356 2868 ιι
377 2770 513 2854 Vestae,
536 2769 655 2864 conjux
670 2753 796 2836 Oceani
817 2779 850 2834 et
868 2779 971 2834 mater
992 2774 1130 2854 omnium
1142 2771 1376 2856 Nympharum.

209 2873 273 2942 eur
294 2859 401 2940 autem
414 2875 585 2961 Nymphae
600 2879 659 2940 hie
681 2876 772 2941 locus
791 2857 957 2941 dedicatus
973 2877 1051 2958 sit,'
1043 2895 1166 2959 ignoro,
1184 2878 1246 2940 hoo
1268 2881 1384 2942 tamen

131 3013 134 3022 ·
164 3013 167 3020 ·
209 3002 267 3070 pro
289 2991 380 3048 certo
399 2983 480 3066 scic,
496 2981 591 3067 quod
603 2983 821 3046 sanctificatus
841 2981 933 3044 locus
948 2982 1003 3045 hic
1018 2981 1077 3044 luit
1096 2992 1190 3046 sexta
1212 2985 1380 3048 mansione
1415 3043 1418 3050 .

208 3085 345 3156 lllio'rnrn
369 3088 468 3158 lsrael
491 3090 531 3152 ab
565 3089 653 3153 exitu
682 3088 738 3151 de
745 3089 890 3170 Aegpto,
924 3095 959 3148 ut
980 3075 1249 3174 habeturllxodi
1274 3084 1321 3151 17.
1346 3096 1381 3151 et

153 3215 155 3222 ·
208 3195 379 3260 Numeror.
402 3195 454 3260 33.-
499 3193 581 3260 Cum
603 3211 720 3278 magna
742 3201 820 3276 ergo
842 3191 1148 3272 recreatiouenltra
1168 3191 1250 3254 duas
1279 3191 1379 3285 horas

80 3327 83 3334 ¹
206 3300 301 3384 juxta
322 3317 425 3386 aquas
452 3297 526 3363 illas
559 3301 735 3368 mansimus
757 3307 788 3360 et
810 3298 853 3360 ibi
876 3289 1013 3358 bibimus
1042 3296 1181 3359 lavimus
1204 3305 1235 3358 et
1258 3314 1279 3358 a
1299 3309 1379 3360 ver-

209 3405 316 3468 mibus
347 3423 408 3468 nos
430 3403 663 3468 mundavimus.
707 3405 835 3474 Interea
868 3400 996 3484 aliquae
1017 3400 1145 3483 puellae
1177 3399 1378 3464 Madiauitac

120 3507 140 3518 ”
209 3511 291 3574 satis
313 3509 474 3574 lorrnosae
495 3507 568 3572 cum'
589 3509 770 3592 pecoribus
774 3515 931 3571 venerunt
953 3504 993 3568 ad
1012 3501 1123 3588 aquas,
1141 3523 1225 3588 quae
1247 3503 1377 3568 stabant

88 3615 91 3624 ’
173 3703 177 3712 Ι
211 3631 252 3677 ex
274 3613 349 3674 alia
361 3619 455 3694 parta
490 3630 661 3708 aquarum
668 3621 700 3678 et
718 3613 937 3694 mirabantur,
965 3611 1201 3693 respiciebant,
1231 3608 1382 3672 ridebant

99 3745 103 3754 ·
211 3724 243 3781 et
273 3714 505 3799 quodammodo
531 3713 783 3800 Ιιιιοοιιιιιιιιιιι.ΙΙ
795 3716 925 3794 Non
917 3735 1083 3782 immernor
1113 3714 1160 3778 fui
1190 3715 1234 3779 ibi
1267 3717 1400 3777 earum'
1447 3719 1460 3728 ’“

210 3821 387 3910 petulantia
404 3807 493 3882 illius
525 3819 626 3882 scorti
653 3816 856 3882 Nadianitao
878 3819 1038 3900 mulieris,
1070 3818 1226 3903 adquam
1250 3809 1377 3902 quidam

109 3929 113 3938 '
209 3931 251 3994 de
271 3929 347 3993 illlis
380 3924 510 3990 lsrael-¹
501 3941 669 4008 regressus
697 3924 830 3987 vidente
857 3925 976 4009 Moyse
1001 3935 1033 3990 et
1064 3926 1150 3988 omui
1177 3923 1320 4007 populo,
1344 3932 1379 3986 et

8 4025 10 4044 '
64 4058 68 4068 ’
192 4035 345 4106 1ιιιιιιιο
366 4031 522 4114 Pinchas,
557 4027 716 4116 quomodo
738 4029 862 4093 ambo
852 4049 886 4092 ιιι
906 4029 987 4096 ιοιιιιι
1011 4029 1208 4112 genitalibus
1237 4031 1410 4112 pugione·

163 4217 168 4225 ι
207 4140 403 4220 perfoditur
436 4135 679 4221 quodpropter
706 4137 792 4201 hoc
789 4115 929 4198 XXIV
944 4134 1043 4197 millia
1063 4135 1238 4214 hominurn
1271 4133 1378 4196 occisa

210 4240 375 4302 luerunt
365 4259 400 4301 ιιι
433 4241 562 4302 deserto
595 4238 744 4320 Cethim,
778 4239 913 4302 Numer.
934 4239 1014 4302 aa·
1011 4236 1233 4320 Quapropter
1261 4255 1377 4300 earnm

210 4338 296 4412 risus
317 4345 352 4396 et
381 4338 476 4418 jocus
510 4343 620 4402 horror
647 4342 740 4403 uobis
763 4341 840 4421 fuit,
872 4357 934 4404 neo
961 4339 1115 4424 temnus,
1150 4359 1190 4406 ac
1217 4344 1246 4406 si
1279 4342 1378 4406 risum
