2896 4872
736 243 830 310 Ml

206 437 353 516 potenter
373 415 490 511 parare
516 433 710 509 coeperunt,
740 434 775 487 et
806 442 880 512 cum
912 429 976 490 iam
1002 409 1263 510 procedendum
1312 439 1413 510 esset,

192 534 390 619 patriarcba
405 529 701 614 lerosolymitanus
724 529 800 592 cnm
820 548 940 614 magua
960 531 1143 596 humilitate
1166 527 1260 595 'cleri
1292 543 1334 595 et
1357 552 1412 615 po-

206 639 274 723 puli
291 637 413 701 tollens
432 630 622 724 reverenter
642 633 796 697 vivificae
817 638 925 704 crucis
945 637 1068 736 lignum
1089 637 1279 719 proiectus
1306 647 1366 702 est
1384 639 1409 697 ia

206 752 314 808 castra
333 717 471 804 Domini
522 739 644 802 suern
675 739 765 800 enirn
791 757 831 801 ea
856 759 934 823 pars
961 742 1071 804 crucis
1102 751 1255 804 sanctae
1283 741 1406 820 divisa,

205 868 290 934 quae
310 855 438 930 reperta
457 845 491 907 in
512 845 631 927 templo
653 845 758 944 fuerat
778 853 923 926 tempore
944 845 1077 928 gloriosi
1090 841 1288 908 Gotbt'redi
1313 849 1406 928 primi
1427 887 1428 896 ι

94 1005 96 1010 .
206 953 295 1036 rega
304 950 500 1026 Jerusalem,
522 957 556 1010 et
576 931 737 1032 unapars
753 935 904 1013 manebat
924 967 1052 1032 semper
1071 949 1107 1010 in
1111 949 1278 1032 templo,
1306 951 1405 1012 altera

207 1057 420 1123 ducebatur
410 1074 445 1118 ιιι
471 1061 580 1117 castra
613 1055 655 1118 ad
683 1055 786 1138 bella,
818 1064 851 1118 et
878 1055 965 1118 illam
995 1055 1081 1136 capit
1101 1051 1302 1116 saladinus
1333 1072 1404 1116 cam

207 1161 358 1229 Gnidoue
376 1161 489 1224 ultimo
523 1177 602 1242 rege
621 1159 861 1242 Jerusalem,
854 1169 891 1222 ut
918 1159 1067 1240 superins
1097 1157 1227 1219 dictam
1254 1168 1336 1240 cst,
1374 1167 1401 1218 et

203 1278 375 1353 postquam
397 1247 523 1347 perdita
545 1264 606 1326 furt
613 1307 623 1345 ,
646 1274 843 1348 acceperunt
865 1262 1042 1328 Christiani
1063 1262 1232 1344 reliquam
1257 1273 1396 1326 sauctae

205 1374 311 1438 crucis
332 1379 456 1453 partem
478 1367 540 1431 et
530 1387 565 1432 ιιι
587 1387 627 1431 oa
647 1369 820 1432 bellabant.
882 1419 885 1424 .
1068 1370 1072 1378 '

282 1478 396 1557 ltaque
430 1491 503 1536 cum
545 1471 602 1536 tali
633 1471 755 1536 vexillo
789 1474 922 1536 aciebus
952 1471 1108 1552 ordinatis
1148 1481 1391 1553 processerunt

177 1589 319 1645 ¹contra
339 1579 486 1659 locum,
476 1597 510 1640 ιιι
541 1595 604 1660 quo
636 1577 802 1640 dicebatur
821 1576 1074 1660 Sarraceno'rum
1095 1576 1280 1641 multitudo
1311 1597 1388 1656 ame,

164 1734 169 1772 ·.
200 1693 238 1774 ,et
259 1702 299 1746 eo
318 1684 427 1746 auimo
445 1683 547 1765 ibant,
567 1690 807 1765 utpugnarent
829 1699 904 1742 cum
923 1653 1115 1744 infidelibus.
1160 1680 1245 1744 Sed‘
1261 1683 1325 1765 illi,
1358 1691 1385 1743 ut

205 1807 316 1852 corum
345 1788 519 1852 adventum
550 1805 608 1870 per
650 1785 871 1868 exploratores
899 1793 1132 1866 cognoverunt,
1165 1786 1384 1848 formidantes

165 1934 168 1939 -
206 1894 368 1975 lugerint,
390 1892 494 1954 nostri
514 1909 594 1954 vero
620 1892 751 1974 'absque
780 1888 1033 1954 contradictione
1061 1893 1209 1970 ingressi
1243 1900 1327 1952 sunt
1356 1892 1383 1952 iu

206 1993 386 2062 Galilacam
410 1993 608 2079 provinciam
630 1996 731 2060 multa
761 1992 878 2058 damna
898 1994 1045 2058 hostibus
1064 1993 1250 2058 inferentes
1275 2005 1310 2058 et
1331 2014 1381 2058 co·

206 2103 276 2166 nati
305 2108 382 2166 snut
415 2107 558 2164 'castrum
591 2103 712 2163 montis
741 2100 869 2163 'l'habor
900 2118 1033 2181 capere,
1064 2097 1123 2162 sed
1147 2099 1253 2166 multo
1277 2100 1380 2162 labore

205 2208 316 2273 habito
337 2206 482 2270 consiliis
493 2205 701 2289 'quorundam
723 2203 847 2268 obsidio
860 2205 960 2266 castri
977 2203 1084 2266 soluta
1098 2203 1159 2265 luit
1178 2211 1213 2265 et
1227 2221 1378 2266 reversus

210 2320 263 2374 cst
294 2313 457 2374 exercitus
487 2310 614 2374 domum
646 2312 679 2371 in
701 2309 812 2391 Acon,
846 2309 921 2392 qnia
948 2309 1050 2370 hiems
1083 2316 1151 2369 erat
1187 2317 1222 2370 et
1255 2317 1377 2391 tempus

207 2414 350 2478 bellandi
369 2416 588 2496 praeterierat.
632 2415 810 2500 (l'ransacta
830 2413 936 2476 hicme
961 2415 1074 2474 iterum
1097 2415 1266 2478 exercitus
1287 2413 1377 2477 curi-

207 2517 383 2581 stianorum
405 2537 494 2580 arma
514 2536 643 2582 sumere
662 2528 775 2582 contra
793 2517 992 2580 Sarracenos
1013 2517 1129 2599 coepit,
1151 2515 1214 2578 sod
1238 2520 1376 2600 peccatis

208 2623 329 2683 nostris
355 2623 559 2704 exigentibus
591 2623 754 2686 exercitus
789 2629 899 2682 noster
930 2620 1124 2704 quadrifarie
1156 2620 1289 2686 divisus
1315 2633 1373 2686 est:

208 2743 284 2788 tram
305 2745 363 2788 rex
387 2726 577 2809 ilungariao
593 2745 671 2790 'cum
692 2745 809 2810 magno
825 2724 1080 2789 Christianorum
1099 2724 1217 2788 damno
1240 2729 1373 2791 navibus

210 2833 331 2917 aptatis
352 2831 392 2895 ad
414 2834 544 2914 propria
565 2832 788 2895 revertebatur
809 2839 843 2892 et
866 2848 1015 2913 magnam
1037 2839 1159 2914 partem
1186 2834 1372 2914 peregrino-

211 2957 281 3000 rum
308 2954 381 3000 oum
403 2935 507 3019 galcis
529 2944 561 2998 et
590 2944 745 3018 apparatu
770 2935 886 2997 bellico
908 2951 1019 2998 secum
1050 2935 1147 2998 traxit
1183 2955 1247 2998 uec
1277 2938 1372 3020 patri·
1427 2991 1428 3028 p

209 3043 327 3106 archae
349 3042 585 3106 revocationem
607 3038 755 3103 attendit.
801 3035 1005 3122 Quapropter
1014 3041 1048 3102 in
1060 3058 1132 3104 eum
1155 3049 1189 3102 ot
1209 3042 1244 3102 in
1266 3061 1369 3104 omncs
1427 3031 1428 3106 l

208 3156 384 3230 sequentes
417 3166 490 3208 eum
530 3146 723 3209 sententiam
761 3144 1102 3208 excommunicationis
1148 3147 1371 3228 promulgavit.

209 3245 375 3325 Quaedam
396 3269 474 3314 vero
495 3251 736 3332 peregrinorum
758 3249 871 3330 portio,
894 3256 947 3309 eut
966 3248 1080 3310 timore
1093 3256 1149 3310 aut
1170 3248 1294 3314 deliciis
1313 3250 1366 3313 de-

209 3351 301 3434 liniti,
323 3353 410 3416 nullo
440 3353 533 3416 modo
556 3355 666 3416 urbem
680 3351 887 3414 Aconensem
906 3351 1017 3433 egredi
1031 3353 1170 3432 volebat.
1202 3354 1276 3416 Rex
1294 3373 1364 3418 vero

207 3454 390 3519 Jerusalem
403 3466 436 3519 et
449 3457 515 3520 dux
528 3457 688 3520 'Austriac
705 3473 777 3518 curn
792 3457 861 3518 suis
878 3456 1051 3520 baronibus
1065 3466 1099 3519 et
1108 3458 1362 3522 'l'heutouicorun
1427 3513 1428 3518 ,

208 3567 439 3642 magnaparte
468 3571 503 3625 'et
535 3561 649 3624 militia
676 3561 782 3624 sancti
807 3560 969 3623 Johaunis
998 3560 1159 3644 quoddam
1180 3571 1314 3626 castum
1332 3564 1362 3623 in

209 3661 372 3726 Caesarea
385 3664 589 3729 Palaestinae
609 3667 828 3748 firmaverunt,
850 3683 912 3728 nec
932 3665 1035 3728 averti
1055 3671 1239 3750 potueruut,
1259 3685 1361 3750 quan·

206 3767 260 3831 vis
276 3775 375 3852 saepe
392 3771 591 3833 nuntiaretur
607 3771 655 3832 eis
673 3771 813 3832 bostium
830 3768 999 3832 adventus.
1033 3770 1207 3852 'l'emplarii
1223 3789 1295 3834 vero
1305 3788 1360 3832 una

208 3890 281 3936 cum
303 3872 396 3937 domo
418 3883 451 3936 et
477 3875 590 3938 militia
610 3874 839 3956 hospitalitatis
861 3875 1130 3938 'l'houtonicorum
1156 3883 1291 3938 castrum
1310 3875 1358 3938 lilii

206 3977 269 4042 Dei
289 3977 364 4042 clim
374 3979 573 4044 destructum
589 3977 798 4042 reaedificare
819 3979 971 4060 aggressi
988 3987 1074 4062 sunt,
1096 3978 1189 4061 cujus
1204 3978 1276 4042 dnm
1291 3979 1357 4042 irn-

206 4082 356 4150 damcnta
370 4083 565 4166 jacerentur,
588 4099 698 4146 murus
715 4081 843 4165 quidam
862 4085 1012 4168 antiquus
1024 4092 1057 4146 et
1076 4087 1205 4166 spissus
1216 4087 1355 4167 apparuit,
1427 4139 1428 4142 ,

206 4205 301 4270 quam
322 4187 542 4251 instrumentis
564 4187 679 4250 ferreis
695 4186 885 4251 effodientes
907 4187 1064 4272 quasdam
1091 4197 1238 4252 monetas
1257 4207 1354 4252 aucas

206 4291 240 4355 in
260 4291 481 4374 magna-copia
502 4297 700 4374 repererant,
722 4290 816 4372 cujus
833 4293 1002 4379 inscriptio
1019 4303 1051 4360 et
1072 4292 1197 4379 figurae
1212 4289 1352 4356 modernis
