2962 5022
767 393 833 458 ut

213 577 300 640 n'eot
336 581 479 638 ιοιωι
505 571 917 658 ῦιΙρϋ,ὼςιιοιιμι
944 576 1074 644 teta
1102 578 1211 658 Μαι
1239 574 1361 640 dueen-

213 676 771 768 nmbM-,deqeoioiffi
798 679 973 742 semu
1002 687 1073 761 est3
1116 683 1362 742 noete-etin

214 793 362 848 mo·
384 781 472 844 Oreo
505 781 628 865 Syni,
649 785 711 845 soit
741 783 835 846 nobie
855 783 954 867 longe
977 785 1060 846 otios
1080 793 1207 848 montes
1233 783 1362 865 μη]-

213 889 384 952 domitu
405 896 667 966 nmen,
687 887 747 948 sed
768 888 863 950 nobie
882 889 986 952 mutto
1005 889 1209 969 inferiorem,
1229 907 1288 950 nee
1305 897 1364 950 eret

174 990 875 1077 ·atiquiuominter=eotm‚ettmen
901 1002 991 1056 tanta
1017 993 1170 1056 distantia
1197 991 1363 1076 fuit,qoot

216 1105 356 1159 nonte-
386 1097 515 1180 qu'tien
537 1105 570 1158 et
597 1095 671 1178 ejus
696 1099 854 1158 vertiam
879 1097 1041 1176 vidium,
1075 1095 1137 1158 sed
1167 1097 1363 1178 mpeiirmio

214 1211 325 1264 noete
344 1203 475 1284 peritos
494 1200 607 1264 vitlem
629 1220 693 1262 ooo
713 1209 916 1283 potero-os·
943 1201 1068 1264 om
1088 1210 1216 1264 nootu
1236 1221 1292 1284 pu
1309 1205 1363 1262 eir-
1418 1227 1419 1252 t

214 1307 335 1368 nitu
356 1305 508 1368 videntur
527 1323 604 1368 esse
624 1305 726 1368 ooiies
755 1315 905 1388 respeetu
935 1306 1053 1368 nortia
1073 1303 1110 1368 S.
1130 1303 1329 1372 Catharioee.

298 1409 379 1472 Post
395 1420 551 1472 terrarum
567 1409 862 1490 etreoojeeemmm
883 1411 927 1473 de
939 1410 1039 1492 longe
1055 1419 1088 1470 et
1109 1409 1152 1470 de
1167 1428 1269 1491 prope
1284 1411 1364 1491 [eoe-

214 1511 470 1592 temptationem]
492 1512 701 1574 eomedimue
722 1522 756 1575 et
777 1514 819 1578 tie
849 1514 993 1578 saeooiis
1022 1515 1145 1576 nomme
1172 1513 1364 1595 produximus

213 1615 306 1674 eibos
326 1623 360 1675 et
391 1616 598 1678 eoilatiooem
625 1617 799 1698 {mendam
833 1620 971 1682 ieeimos
992 1617 1034 1680 eti
1056 1618 1143 1681 latos
1163 1618 1300 1700 ongetioi
1321 1636 1365 1680 ee·

213 1716 338 1798 peteteri
358 1716 395 1778 S.
417 1717 624 1782 catharine.

213 1949 429 2026 Deseensus
452 1951 723 2053 peregrinorum
751 1980 774 2029 a
798 1961 920 2028 monte
944 1949 1061 2053 Syriai
1091 1951 1133 2028 S.
1160 1950 1366 2030 catharinae

718 2099 879 2174 vrrgmrs.

295 2253 416 2316 tttnitte
435 2257 598 2337 omnibus,
620 2275 704 2338 quae
724 2257 759 2316 io
780 2265 889 2318 monte
907 2266 1023 2318 saneto
1043 2265 1135 2318 erent
1154 2255 1305 2337 agenda,
1326 2254 1366 2314 io-

211 2374 285 2418 oom
308 2368 454 2422 anetum
476 2359 654 2422 deoseulati
675 2378 789 2421 sumus
811 2369 844 2420 et
862 2379 935 2423 eom
955 2363 1079 2442 ingenti
1098 2360 1222 2422 laetitia
1241 2358 1370 2420 ‹lesmo-

211 2459 335 2542 dimus,
357 2482 421 2525 oon
443 2463 550 2526 eundo
556 2509 566 2546 ,
587 2463 647 2526 sed
668 2463 827 2526 currendo
848 2473 881 2526 et
900 2463 1045 2526 cadendo
1067 2463 1229 2545 deorsum,
1252 2483 1312 2545 pro
1330 2480 1371 2534 eo,

211 2563 297 2646 qood
319 2557 535 2647 inciperemus
552 2568 620 2650 jam
643 2571 837 2650 repatriare,
871 2571 1021 2650 quamvis
1042 2567 1148 2629 adimo
1168 2568 1272 2630 eteros
1293 2575 1373 2627 esset

210 2667 294 2728 inter
312 2685 372 2730 uos
394 2679 426 2729 et
447 2673 582 2751 patriam
603 2682 745 2734 nostram
763 2692 932 2756 maguum,
954 2691 1019 2734 ooo
1041 2679 1149 2733 tomen
1167 2671 1250 2734 adeo
1269 2670 1376 2732 firmo·

210 2777 296 2851 tom,
316 2779 353 2832 ot
373 2773 422 2854 tri,
446 2777 502 2857 qui
523 2777 636 2840 volunt
657 2779 735 2840 hino
755 2779 894 2839 transire
913 2771 956 2838 ot
977 2795 1059 2858 eam,
1082 2795 1147 2838 ooo
1168 2769 1312 2857 possint,
1330 2781 1378 2837 aot

210 2874 287 2937 inde
308 2875 372 2938 huo
391 2885 598 2942 transmeare
640 2882 677 2941 in
699 2891 814 2942 ventre
835 2890 940 2942 autem
968 2881 1085 2941 montis
1106 2879 1147 2941 ad
1169 2879 1296 2942 iontem
1322 2897 1378 2940 ve·

213 2982 336 3059 nimus,
358 3001 452 3065 qoem
480 2985 643 3046 nominant
668 2986 786 3047 iontem
810 2986 845 3047 S.
874 2984 1086 3064 catharinae,
1107 2991 1142 3044 et
1167 2985 1215 3047 ibi
1244 2984 1381 3046 bibimus

211 3095 245 3149 et
275 3091 530 3170 repausavimus.
572 3088 717 3151 Ulterius
750 3089 867 3152 deinde
892 3089 1059 3171 progressi
1080 3087 1133 3148 vei
1164 3087 1316 3171 prolapsi
1348 3083 1383 3146 ati

207 3207 359 3272 magnum
377 3194 516 3274 spatium
535 3192 578 3254 ad
600 3193 698 3254 alium
718 3187 839 3252 fontem
860 3193 1029 3271 venimus,
1059 3193 1113 3254 ubi
1143 3192 1304 3274 virgulas
1329 3211 1383 3252 ex·

205 3293 361 3378 oidimue,
384 3314 466 3377 quas
487 3296 597 3359 dicunt
619 3315 696 3358 esee
718 3294 863 3376 ejusdem
887 3297 1024 3377 speciei,
1044 3295 1138 3376 eujtm
1171 3305 1246 3358 erat
1271 3298 1385 3366 mous,

205 3398 240 3460 io
261 3417 325 3480 quo
345 3399 438 3462 Deus
458 3401 605 3482 apparuit
626 3401 752 3482 Moysi,
776 3417 859 3481 quas
880 3401 978 3460 etiam
1001 3399 1111 3461 vetere
1132 3396 1201 3480 <et
1214 3406 1264 3476 ι)
1291 3417 1386 3462 asse·

206 3510 279 3564 runt
300 3511 332 3564 et
353 3503 510 3585 prodesse
528 3503 626 3566 valde
647 3505 788 3567 morbum
809 3504 1007 3586 patientibus
1027 3503 1195 3584 oadueum,
1218 3503 1307 3567 tium
1336 3518 1387 3566 eu

204 3621 315 3668 seeum
343 3605 473 3670 dueunt.
516 3607 554 3670 Si
573 3627 686 3672 verum
707 3609 769 3689 sit,
787 3607 912 3688 judicet
937 3607 1089 3690 prudens.
1132 3607 1185 3668 Ab
1208 3608 1283 3672 hoo
1303 3610 1387 3671 ioote

203 3721 439 3794 consequenter
466 3711 693 3776 deseendimus
724 3720 757 3774 et
788 3713 822 3774 io
849 3720 1013 3773 eareotum
1039 3711 1190 3774 venimus
1221 3720 1256 3774 et
1295 3715 1335 3776 in
1357 3727 1390 3770 et

204 3817 318 3898 virgeo
341 3813 455 3898 longos
486 3817 680 3897 exoidimus,
708 3833 790 3898 quas
818 3813 934 3877 dieunt
960 3833 1037 3878 esee
1058 3814 1099 3877 de
1129 3816 1246 3898 speeie
1273 3817 1392 3898 virgae

200 3921 345 4004 Moysis,
362 3937 435 3983 oum
458 3939 522 4005 qua
540 3929 587 3983 tot
609 3920 765 3982 miraeuia
785 3929 936 4002 operatus
957 3930 1021 4002 est,
1042 3937 1138 4003 qoam
1160 3922 1267 3983 etiem
1296 3937 1394 4002 repo·

200 4026 267 4087 suit
287 4025 321 4087 in
343 4041 451 4087 aream
473 4023 668 4104 testamenii,
690 4021 732 4084 de
752 4040 817 4105 qua
837 4023 976 4087 habetur
993 4023 1099 4089 tereti
1120 4025 1181 4092 tv.
1203 4032 1241 4086 et
1266 4026 1342 4088 Xt.
1368 4031 1396 4082 et
1418 4041 1419 4044 ¹

203 4127 294 4191 XIV.
317 4134 352 4190 et
381 4130 414 4190 in
445 4127 554 4192 multis
589 4129 672 4191 loeis
693 4126 881 4208 Scripturae
913 4146 1036 4192 soemo.
1080 4126 1223 4206 Quidam
1260 4125 1419 4216 dinoot}

203 4229 289 4314 quod
311 4231 425 4295 molier
445 4235 479 4294 iu
499 4241 592 4315 partu
615 4231 765 4294 laborans
776 4275 787 4311 ,
818 4232 848 4292 si
870 4250 967 4294 uuam
996 4233 1122 4296 iliarum
1145 4233 1337 4315 virgarum
1371 4232 1419 4306 ie}

200 4349 296 4394 manu
316 4342 443 4416 teneat,
471 4355 536 4398 oon
566 4339 686 4417 patitur
712 4334 990 4418 periclitationem·
1033 4338 1123 4400 Istae
1154 4342 1277 4400 temen
1325 4329 1419 4400 suot?

203 4430 414 4491 meeuiarium
438 4439 655 4518 narrationes,
677 4437 854 4518 dequibus
875 4459 986 4520 pamm
1009 4457 1098 4506 euro.
1138 4440 1221 4504 Post
1244 4444 1402 4506 multon
