3014 4864
729 223 773 286 95

172 403 297 468 titulum
328 401 431 466 divini
451 403 598 488 honoris,
619 407 814 487 praesumsit
834 404 1019 488 insculpere
1040 405 1170 488 siguum
1191 403 1243 466 sui
1274 401 1336 467 ho·

170 508 268 571 noris.
309 507 430 573 Putant
450 509 535 573 euim
556 499 653 592 tales,
676 509 763 592 quud
788 528 901 574 omnes
921 527 1012 574 artua
1031 529 1141 574 eurum
1171 510 1357 589 mirentur,.

171 619 205 676 et
226 611 363 706 libenter
393 613 542 678 videant:
575 612 636 676 sed
657 607 724 678 boc
752 613 846 698 dico,
881 615 967 698 quod
992 616 1076 678 inter
1109 613 1220 678 decern
1248 612 1336 676 mille

153 718 359 801 ‘peregrines
378 736 444 780 nou
462 735 548 780 unns
563 712 678 801 ''venit,
711 720 763 782 cui
790 720 951 802 placeant
987 717 1033 780 ,Εἰ
1064 727 1141 781 sunt
1173 717 1335 801 peregrini

112 823 278 906 malleni,
312 825 368 906 qui
395 822 468 904 ejus
494 825 590 906 signa
620 841 686 885 nou
707 821 906 905 agnoscunt,
931 820 1082 886 videntes
1112 809 1364 886 abominantur

66 955 68 960 ¹
168 921 203 996 ct
222 918 493 1011 praesumtionem
515 921 679 1010 mirantur,
703 919 806 1007 (m
835 921 888 1006 Δ)
912 936 945 990 ot
966 926 1088 990 fatuum
1109 943 1182 988 eum
1203 923 1342 1008 praedi-'

169 1041 254 1116 ce'nt,
277 1050 372 1115 quem
385 1015 567 1113 ¹uunquam
593 1029 769 1094 viderunt..
808 1032 848 1096 Si
877 1051 962 1098 veru
985 1038 1061 1094 sum
1092 1031 1334 1112 compatriotae,
1395 1017 1400 1023 ’

95 1159 100 1167 ·
137 1141 140 1150 “
168 1156 209 1201 ca
228 1138 439 1219 detestentur,
461 1135 645 1226 despiciunt
666 1144 709 1199 et*
722 1136 911 1221 detrahunt,
943 1136 1007 1200 uisi
1028 1133 1113 1196 forte
1144 1132 1232 1195 lilius
1262 1131 1335 1214 ejus

167 1245 296 1308 venerit
303 1287 313 1325 ,
331 1242 560 1326 quii-irater
580 1249 733 1324 pateruae
754 1241 910 1305 stultitiae
940 1241 1047 1304 fectus
1068 1237 1333 1321 complacentiam

168 1348 310 1412 habebit.
355 1345 426 1410 soti
455 1347 739 1410 nostri-teutonici
753 1332 890 1410 ¹nobiles
922 1348 984 1411 hac
1017 1345 1174 1407 vanitate·
1190 1350 1354 1425 utuntur,¹

86 1488 100 1501 ··
167 1469 207 1516 ae
225 1454 256 1515 si
276 1450 417 1530 mundns
438 1471 503 1516 nun
527 1452 817 1536 haberet-nobiles,
838 1453 902 1516 nisi
921 1453 1021 1532 ipsos.
1066 1446 1214 1525 Questus
1227 1455 1334 1511 autem

82 1576 85 1582 ·
127 1608 131 1616 .
164 1557 331 1621 ‘irrisiones
353 1576 395 1620 ex
415 1557 477 1620 hec
497 1557 681 1620 sustineant
709 1555 776 1619 tam
799 1575 818 1619 a
839 1555 989 1620 fidelibus
1010 1571 1107 1636 quam
1142 1554 1182 1614 ab
1216 1551 1333 1616 inlide-

166 1663 273 1744 libus,
302 1679 364 1746 ego
386 1661 465 1724 scio
504 1672 537 1725 et
570 1661 684 1724 dolens
718 1660 898 1724 suffusione
928 1659 1040 1724 vultus
1069 1665 1104 1720 ct
1134 1657 1333 1722 verecundia

167 1778 322 1853 expertus
342 1785 414 1830 sum
427 1767 601 1848 aliquoties
613 1768 698 1828 inter
714 1764 919 1831 Clrrirtianus
935 1775 967 1828 et
985 1780 1142 1847 paganos.
1182 1763 1332 1844 ltongurn

166 1867 264 1938 nimis
285 1881 376 1936 esset
397 1869 541 1930 scribere
562 1869 788 1951 experientias.
813 1869 920 1933 ·Novi
940 1869 1121 1953 quendum,
1144 1869 1199 1948 qui
1220 1865 1332 1930 hebuit

110 2043 112 2048 ,
138 1964 296 2059 'semper
313 1977 347 2038 in
370 1971 469 2036 bursa
484 1972 704 2054 enasslapidem
728 1975 871 2051 rubeum,
895 1969 969 2035 cum¹
990 1970 1106 2056 quoad
1128 1969 1235 2032 omnia
1249 1970 1332 2051 loca,

63 2128 66 2134 .
167 2081 209 2143 ad
245 2096 359 2143 omnes
392 2079 552 2162 parietas³
571 2095 687 2138 nomen
720 2095 814 2139 snum
856 2076 1073 2158 inscribebat,
1103 2071 1249 2136 escendit
1277 2071 1332 2135 hie
1437 2121 1440 2128 .

48 2203 53 2212 ·
167 2186 278 2250 fatuus
301 2199 539 2266 nonnumquam
561 2179 675 2244 alteria
706 2190 738 2244 et
759 2181 871 2245 literas
894 2181 1032 2244 nominis
1053 2171 1105 2242 su'i
1130 2176 1248 2241 tabulis
1280 2175 1332 2238 al-

165 2275 282 2355 tarium
302 2287 358 2351 vel
384 2286 492 2372 lapide
522 2287 622 2350 ruben
658 2286 713 2349 vol
733 2289 876 2370 pugione
897 2293 953 2348 aut
984 2283 1060 2350 stilo
1088 2284 1152 2348 bec
1180 2281 1331 2362 iaciebat,

166 2405 200 2458 et·
220 2413 336 2458 nomen
358 2408 451 2472 suurn
473 2384 723 2476 antiphonariis,
742 2392 967 2474 gradualibus,
990 2383 1185 2472 missalibus,
1205 2387 1332 2471 psalte-

66 2513 69 2518 ·
157 2498 222 2560 'riis
242 2516 342 2581 supra
362 2500 396 2562 in
415 2496 614 2586 marginibus
635 2499 750 2562 vacuis
770 2497 981 2580 inscribebat,
999 2514 1040 2560 ac
1060 2495 1091 2559 si
1112 2489 1203 2558 essct
1217 2500 1331 2558 auctor

128 2604 130 2610 ’
165 2600 249 2683 libri,¹
270 2620 343 2664 oum
364 2611 559 2684 tamennon
580 2621 676 2666 unam
698 2603 829 2666 latinam
851 2603 1103 2686 propositionem
1123 2599 1329 2682 intelligeret,
1369 2588 1374 2595 ’
1404 2591 1405 2600 ’

56 2709 58 2714 ’
166 2691 362 2789 quiapurus
381 2706 484 2771 laicus
505 2717 584 2770 erat.
627 2707 787 2771 Studebet
801 2717 907 2771 tamen
928 2725 1046 2770 nomeu
1071 2722 1165 2768 suum
1187 2713 1219 2766 et
1241 2719 1331 2766 arma

144 2811 199 2888 ¹iir
236 2803 288 2872 eis⁴
311 2795 400 2874 locis
432 2811 607 2894 depingere
639 2811 865 2894 singulariter,
892 2828 976 2893 quae
1006 2809 1152 2890 aspectui
1175 2807 1330 2869 intrantis

120 2931 121 2935 ’
164 2915 219 2978 vcl
240 2915 439 3002 transeuntis
459 2924 550 2979 erent
571 2916 724 2998 patentia.
770 2913 836 2976 Sed
859 2913 935 2996 quid
957 2912 1076 2976 eccidit
1097 2907 1199 2974 huic‘l
1219 2901 1330 2980 dicere

78 3058 80 3064 .
164 3018 264 3102 pudet
286 3025 319 3078 et
340 3015 470 3108 taedet,
482 3033 544 3079 nec
565 3020 753 3098 evagatorio
772 3027 883 3082 uestro
902 3019 1048 3078 inserere
1070 3033 1109 3076 ea
1125 3015 1224 3095 digna
1238 3012 1331 3107 judi-

17 3105 20 3112 ’
99 3141 121 3159 -’
163 3124 247 3187 cuti.
280 3123 373 3185 ⁴Huc
405 3129 512 3184 tamen
536 3120 632 3203 dieo,
666 3115 752 3204 quod
782 3119 938 3204 praedicti
971 3109 1134 3202 peregrini
1168 3118 1264 3180 unrici
1296 3126 1329 3180 ct

47 3225 50 3232 ’
87 3225 90 3232 '
164 3213 397 3309 consanguinei
425 3226 524 3324 multo
557 3239 635 3289 aure
656 3227 685 3288 si
706 3235 841 3308 possent
869 3225 983 3288 tollere
1014 3241 1130 3287 nomen
1161 3237 1254 3286 suum
1288 3221 1352 3284 'de-
1418 3279 1422 3286 .

106 3384 109 3391 .
163 3341 267 3418 terra,
300 3335 465 3414 lacerent,
501 3331 564 3396 red
595 3340 627 3392 et
662 3329 775 3394 lriiruct
814 3339 973 3412 optarunt·
991 3347 1163 3416 numquam
1194 3327 1331 3408 novisse

163 3447 281 3502 nomen
301 3438 383 3520 ejus,
409 3427 719 3519 quitento'squlu-
735 3435 855 3524 ubique
880 3436 914 3500 id
943 3437 1097 3520 depinxit.
1147 3432 1328 3510 'l'elerabile
1438 3439 1440 3444 '

162 3551 305 3611 essctet
326 3543 368 3605 ad
383 3541 515 3625 aliquid·
527 3539 620 3624 utile,
652 3541 741 3624 quod
762 3541 887 3604 nobiles
905 3543 1043 3605 uomina·
1055 3557 1118 3606 sua
1134 3555 1206 3603 curn
1223 3539 1335 3600 scutis·
1413 3567 1417 3575 ·

99 3647 103 3653 ’
163 3653 197 3709 ct
217 3648 317 3722 armis
337 3646 370 3710 iu
392 3647 542 3729 ltuspitiis
564 3646 774 3730 ettaberuis,
808 3647 842 3708 in
863 3647 1032 3729 praetoriis
1054 3654 1086 3708 et
1107 3642 1271 3722 incuriis,
1293 3641 1327 3702 in

92 3765 95 3772 '
162 3751 324 3832 turribtm,
347 3751 483 3834 castris,
504 3752 607 3834 portis
643 3758 677 3812 at
707 3750 858 3833 moeniis,
888 3753 922 3812 iu
957 3751 1153 3813 theatrorum
1173 3747 1270 3830 locis,
1292 3746 1327 3814 iu

84 3855 88 3863 '
163 3849 248 3934 lutis
265 3862 298 3940 et
318 3855 352 3916 iu
373 3863 667 3920 torneamentornm
690 3864 722 3919 ct
753 3850 995 3920 hastiludiorurn
1016 3851 1134 3934 pluteis
1155 3860 1186 3914 et
1207 3853 1240 3912 in
1253 3837 1327 3912 eliis

143 3959 374 4022 'saecularium
403 3956 488 4024 locis
517 3957 729 4044 depingerent
751 3970 783 4024 ct
805 3955 1061 4039 conscriberent,
1081 3955 1142 4024 sed
1162 3958 1200 4024 iu
1218 3953 1349 4018 ceole-'

62 4120 66 4127 .
162 4063 220 4126 slis
242 4073 276 4126 et
307 4049 342 4127 in'
363 4064 445 4128 locis
466 4065 591 4136 sanetis
613 4065 676 4130 hoc
698 4065 808 4128 faeere
829 4073 881 4128 est
909 4057 1065 4144 injustum
1101 4070 1135 4136 et
1155 4060 1327 4124 irratione-

162 4165 227 4258 bile
257 4157 290 4260 et
322 4159 541 4233 criminosum.
586 4163 833 4234 tantum'enim
864 4165 994 4250 qnidam
1026 4165 1166 4230 studium
1184 4162 1326 4260 'adbuc
1408 4255 1409 4258 Ἴ
1490 4189 1492 4194 ·

86 4277 90 4363 ᾗ
125 4345 127 4349 ,
164 4267 334 4356 adhibent,
359 4281 397 4342 ¹et
427 4274 606 4340 orationem
630 4277 680 4338 'et
707 4273 849 4340 lucorum
881 4278 1065 4340 umerorum
1096 4268 1324 4362 visitationem,
1380 4330 1383 4337 ,
1495 4335 1496 4344 ¹
