2948 4876
218 456 378 522 erronum
423 473 533 518 uorum
576 454 781 534 consentire,
824 470 898 516 cum
935 453 1031 516 etiam
1066 453 1240 517 Sarraccni
1294 454 1420 518 Deum

218 581 283 626 nou
313 559 444 624 laudent
483 560 547 622 nisi
574 575 646 624 cum
684 557 818 640 perfidia
839 567 870 620 et
893 558 1092 641 blasphemia
1122 559 1346 622 Radomtoris
1380 567 1418 622 et

216 685 289 731 cum
309 665 482 748 praeconio
501 664 699 726 Machomoti
727 660 924 745 seductoris,
948 681 968 724 a
989 664 1105 745 quibus
1126 681 1165 726 sc
1185 663 1415 726 Christianus

217 773 313 836 dobot
335 771 484 834 omuibus
506 769 610 833 modis
633 768 815 849 abstiner03
838 766 931 850 ideo,
960 784 1003 828 ua
1025 767 1174 830 videatur
1192 769 1413 840 Machometi

218 873 556 954 fautorease‚del1et
578 873 653 935 loca
672 890 753 936 suae
775 871 863 935 laudi
885 871 1060 954 deputata,
1082 873 1210 934 etiamsi
1232 875 1307 936 sint
1333 875 1411 936 loca

217 991 347 1063 sancta,
379 982 501 1060 vitare,
523 997 585 1040 nec
609 981 643 1040 in
665 980 715 1040 eia
736 979 799 1041 Ilei
826 977 916 1058 justo
949 978 1013 1039 ritu
1046 975 1159 1038 laudes
1189 979 1408 1060 persolvere,

217 1107 290 1151 cum
313 1088 346 1148 in
365 1085 546 1148 actionibus
567 1084 717 1146 nonanta
744 1083 809 1146 loci
841 1083 1086 1144 circumstantia
1113 1082 1248 1144 multum
1283 1093 1409 1146 atten-

217 1193 320 1256 datur.
342 1189 418 1253 ldeo
429 1190 607 1272 Apostolus
625 1189 785 1271 prohibuit
806 1189 834 1251 1.
847 1185 925 1256 Gor.
936 1187 1039 1270 viti,
1061 1205 1103 1248 ue
1125 1187 1241 1250 fideles
1263 1207 1410 1252 recum-

217 1296 386 1360 botentin
415 1294 503 1377 loco,
525 1297 581 1358 ubi
609 1294 791 1376 idolothyta
812 1291 1105 1375 manducabantur,
1135 1312 1176 1354 ue
1208 1294 1318 1356 frater
1341 1296 1408 1357 hoc

216 1399 333 1464 videus
355 1399 646 1483 scandalizaretur,
676 1398 828 1488 judicatus
860 1399 965 1479 ipsum
987 1399 1021 1458 in
1042 1397 1120 1460 idoli
1148 1401 1406 1461 venerationem

216 1506 279 1569 hoo
300 1505 418 1567 lacere.
462 1505 519 1570 Sic
540 1509 725 1590 prohibetur
748 1502 853 1585 lideli,
870 1517 918 1564 'nc
939 1503 1125 1582 procumbat
1147 1501 1188 1564 ad
1212 1505 1402 1566 orationem

221 1612 254 1674 in
276 1611 363 1692 loco,
385 1609 440 1672 ubi
461 1606 548 1670 idola
567 1609 732 1688 coluntur,
754 1610 835 1671 etsi
856 1609 918 1670 hoc
940 1606 1036 1690 lacit,
1066 1617 1180 1689 peccat
1201 1608 1402 1691 mortaliter,

223 1717 373 1801 quamvis
393 1730 453 1775 sua
472 1715 607 1775 intentio
628 1731 692 1776 nou
714 1715 757 1776 sit
776 1713 911 1775 adorare
922 1710 1057 1774 idolum.
1082 1712 1159 1774 ldco
1180 1731 1256 1775 cum
1278 1714 1401 1776 Helius

203 1820 387 1882 ,Adrianus
423 1822 599 1900 imperator
639 1819 673 1880 in
714 1820 786 1880 loco
818 1816 1038 1879 crucifixionis
1069 1825 1103 1879 et
1142 1820 1400 1881 resurrectionis

225 1922 350 1990 Christi
382 1923 588 1986 aedificasset
613 1923 753 1988 Veneris
788 1923 940 2004 templum
970 1931 1014 1983 et'
1042 1922 1138 1984 Jovis
1170 1923 1397 2005 simulacrum,

226 2029 469 2111 dereliquerunt
503 2029 678 2090 Christiani
709 2028 815 2090 locum
855 2023 944 2088 illum
977 2029 1216 2092 sanctissimum
1259 2039 1397 2112 propter
1453 2069 1454 2094 r

217 2135 387 2219 profanum
419 2134 581 2217 templum.
626 2137 668 2196 Et
696 2135 724 2195 si
756 2135 829 2216 quis
858 2134 1037 2214 'ingressus
1069 2130 1187 2196 luisset
1222 2136 1324 2196 etiam
1356 2134 1395 2196 ad

216 2241 322 2304 locum
344 2249 515 2315 ;sauctum
558 2217 794 2320 venerandum,
813 2251 816 2258 ’
834 2246 997 2318 tamquam
1042 2235 1210 2312 idololatra·
1259 2239 1395 2302 habitus

218 2347 343 2408 luisset.
367 2344 424 2408 Sic
446 2347 544 2407 etiam
564 2346 755 2408 interdictae
776 2350 853 2406 sunt
875 2341 1070 2406 Christianis
1094 2341 1253 2406 ecclesiae
1280 2346 1394 2407 achin

218 2451 407 2511 matioorum
430 2457 461 2509 at
483 2450 727 2531 haereticorum,
741 2469 782 2510 ne
803 2451 837 2510 in
853 2450 906 2511 eis
928 2454 1020 2510 orent
1042 2455 1173 2530 propter
1189 2448 1389 2532 scandalum,

217 2562 249 2615 et
272 2552 372 2614 multo
395 2555 498 2633 magis
512 2556 639 2635 templa
661 2555 835 2638 idolorum,
868 2571 1058 2636 synagogae
1078 2551 1292 2636 ludaeorum,
1316 2574 1390 2616 mu-

218 2657 340 2720 aeneae
361 2643 614 2721 sarracenorum
641 2661 737 2723 nollo
771 2659 865 2723 modo
894 2667 971 2721 sunt
998 2675 1098 2720 causa
1129 2659 1282 2720 orationis
1304 2661 1388 2721 visi-

217 2759 345 2824 tandae.
390 2761 448 2824 Sic
469 2763 553 2824 enim
575 2767 772 2848 gravissime
794 2773 906 2827 contra
934 2762 1031 2825 fidem
1055 2763 1110 2824 ille
1131 2773 1297 2846 peccaret,
1331 2768 1386 2849 qui

216 2867 390 2952 intemplo
421 2867 577 2932 idolorum
600 2869 748 2932 adoraret
771 2889 883 2933 verum
912 2871 1028 2930 Deum.
1073 2867 1132 2931 Sic
1151 2875 1185 2930 ot
1206 2868 1262 2930 ille
1283 2887 1386 2953 aequo

216 2975 361 3057 graviter
380 2983 511 3058 peccat,
544 2985 576 3036 et
598 2976 797 3057 magis,÷qni
827 2975 1011 3036 momerium
1033 2973 1088 3036 vel
1110 2975 1304 3036 moscheam
1333 2979 1385 3037 iu-

216 3079 360 3162 groditur
380 3080 630 3144 Sarracenorum
654 3078 895 3166 cierationem
916 3077 1115 3160 faciendam,
1139 3079 1214 3159 quia
1235 3083 1383 3163 quamvis

217 3183 389 3250 Sarraceui
430 3186 679 3248 Mahometistac
716 3184 903 3247 idololatrae
926 3183 928 3189 ’
949 3202 1013 3245 non
1053 3183 1136 3267 sint,
1171 3184 1298 3266 pejores
1331 3195 1382 3248 ta-

172 3273 178 3282 ’
216 3305 290 3350 men
330 3296 406 3350 ruut
446 3289 535 3350 veris
578 3289 770 3372 idololotria,
821 3299 858 3352 ut
892 3298 982 3370 patet
999 3283 1001 3290 ⁸
1019 3289 1058 3348 P.
1091 3290 1134 3358 ΙΙ.
1169 3289 1224 3352 l'ol.
1263 3287 1305 3351 98
1339 3290 1379 3351 A.

169 3415 172 3418 ·
217 3388 335 3466 (202
351 3389 408 3471 Α)
441 3391 486 3452 lut
534 3393 563 3451 ri
605 3393 764 3457 Dominus
799 3393 948 3457 fidelibus
979 3392 1140 3474 prohibuit
1176 3395 1294 3462 Matth.
1322 3395 1377 3457 Vl.

217 3512 309 3557 orare
350 3496 383 3556 in
425 3493 554 3577 cingulis
600 3497 795 3581 platearum,
839 3519 882 3561 ne
918 3498 1092 3561 videantur
1129 3507 1162 3561 ot
1198 3494 1380 3582 judicentur

216 3602 256 3661 ab
279 3599 460 3670 hominibus
483 3601 587 3663 sancti
609 3609 643 3663 et
664 3605 761 3685 beati,
775 3602 874 3666 multo
893 3605 998 3686 magis
1016 3604 1208 3686 prohibitum
1226 3612 1276 3665 ast
1295 3616 1378 3667 stare

216 3704 391 3787 intemplo
422 3707 627 3768 sarracenico
665 3716 697 3768 et
722 3727 833 3791 orare,
866 3727 908 3770 ne
930 3708 1161 3773 videantur'ab
1192 3709 1376 3790 hominibus,

216 3816 248 3870 et
269 3790 440 3872 videantur
461 3810 537 3874 mali
558 3819 592 3873 et
613 3810 769 3876 infideles.
803 3815 855 3875 Ex
875 3801 927 3876 his
949 3822 1048 3896 patet,
1070 3813 1155 3895 quod
1178 3812 1375 3876 Christianus

216 3931 280 3975 non
312 3921 419 3996 potest
453 3917 573 3981 intrare
592 3918 634 3980 ¹in
655 3918 857 3998 moschoom,
886 3928 921 3981 ut
949 3918 1061 3982 adoret
1090 3916 1275 4001 Christum,
1310 3919 1376 3981 aiuo

214 4024 360 4102 peccato.
997 4039 1004 4052 ·

298 4123 468 4208 Secundo,
505 4144 547 4188 an
575 4125 617 4190 ad
645 4125 895 4210 praedicandum
931 4127 1027 4190 fidam
1066 4128 1251 4191 muscheam
1287 4124 1376 4187 licoat

214 4226 363 4296 intrare?
391 4233 436 4295 ut
464 4231 601 4316 violetur,
635 4233 721 4318 quod
754 4253 818 4295 uon
847 4233 1049 4318 aitlicitum,
1079 4235 1154 4318 quia
1182 4233 1232 4295 sic
1257 4232 1373 4293 lutrano
1453 4243 1454 4246 ’

215 4339 349 4420 exponit
367 4355 405 4402 so
426 4337 538 4402 mortis
563 4337 733 4422 periculis,
765 4339 841 4422 qnia
869 4339 1047 4402 secundum
1075 4339 1273 4402 Alcoranum
1307 4334 1374 4397 talia
