2948 4876
190 417 252 464 uae
279 397 485 462 Dominae
514 414 666 480 umquam
686 397 720 459 in
758 395 857 460 multo
884 403 1028 480 tempore
1048 396 1081 460 in
1105 413 1187 478 paca
1207 396 1379 460 babitare

190 503 336 588 permisit
357 509 562 584 peccatores,
582 502 669 563 sieut
693 509 783 582 patet
799 500 991 564 discurrenti
1018 521 1077 584 per
1103 501 1206 564 totius
1228 501 1381 565 sibliae

190 608 342 674 historias
369 614 402 669 et
423 623 482 688 per
502 605 672 668 chronicas
694 615 727 668 et
748 605 915 694 legendas.

274 713 496 776 Veruntamen
518 712 600 773 ratio
621 709 779 792 consulit,
801 712 889 796 quod
916 710 1013 772 otiam
1035 710 1234 792 temporibus
1263 710 1378 773 Adae

191 816 428 903 protoparentis
460 816 563 876 nostri
591 814 625 877 in
646 822 754 877 monte
780 817 921 879 civitatis
941 825 1077 879 sanctae
1109 815 1204 878 suerit
1227 813 1376 898 aliquod

192 924 364 987 oratorium
385 921 420 983 iu
442 917 614 982 Calvariae
634 918 723 1002 loeo,
748 922 823 1002 quia
843 922 927 984 sient
949 918 1043 982 Adae
1065 919 1229 982 revelatus
1252 919 1375 981 iuerat

190 1025 322 1094 humani
350 1025 482 1108 generis
512 1023 673 1086 redemtor
708 1034 741 1087 et
762 1024 877 1088 modus
909 1024 1116 1089 redemtionis
1150 1032 1183 1085 et
1211 1032 1372 1106 tempus:

191 1134 241 1196 sie
262 1141 295 1194 et
325 1130 428 1194 locus.
469 1127 511 1188 lut
533 1129 609 1212 quia
629 1128 840 1193 redemtorem
860 1131 978 1204 vivens
1003 1126 1114 1192 videre
1135 1147 1199 1190 nou
1220 1135 1373 1212 poterat,

192 1253 255 1300 nec
276 1243 402 1316 tempus
425 1229 548 1296 Christi
563 1241 759 1315 'exspectare
787 1235 933 1317 valebat,
963 1235 1068 1316 ipsum
1100 1232 1206 1294 locum
1227 1231 1372 1294 redem-

192 1340 290 1404 tionis
311 1335 482 1419 magnifice
503 1336 679 1400 honorabat
710 1357 848 1423 eumque
868 1340 1012 1403 crebrius
1032 1338 1369 1421 visitans—orationes

193 1442 364 1522 fundebat,
392 1450 424 1503 et
453 1440 509 1502 lilii
531 1441 613 1523 ejus.
655 1439 799 1507 Tandem
827 1463 900 1508 cum
930 1443 1047 1506 adesse
1084 1450 1210 1524 tempus
1235 1442 1367 1509 ,mortis

193 1565 273 1612 suae
295 1545 514 1628 conspiceret,
537 1548 769 1628 emigravit'ab
790 1552 942 1631 Hebron,
963 1549 1018 1612 ubi
1039 1547 1231 1610 domicilium
1253 1547 1367 1610 habe-

193 1653 265 1735 bat,
288 1659 320 1713 et
340 1650 373 1712 in
395 1649 499 1712 locum
519 1649 691 1716 Calvariae
720 1652 890 1717 adscendit
923 1655 1032 1738 ibique
1061 1639 1177 1714 'mortis
1211 1651 1364 1713 debitum

193 1754 308 1837 solvit,
330 1756 406 1839 quia
424 1753 599 1838 Christum,
625 1747 803 1824 secuudum
826 1759 944 1844 Adam,
965 1760 998 1821 in
1019 1777 1059 1821 eo
1080 1757 1151 1820 loco
1172 1763 1276 1818 morte
1298 1772 1366 1818 sua

193 1871 327 1924 mortem
349 1879 370 1922 a
389 1877 428 1922 se
448 1849 567 1944 illatam
590 1871 805 1943 peremturum
825 1864 971 1946 agnovit.
1000 1863 1081 1945 EJus
1105 1878 1224 1943 corpus
1244 1869 1364 1922 traus-

193 1966 337 2030 tulerunt
357 1965 416 2028 lilii
438 1965 490 2027 sui
519 1965 553 2029 in
574 1967 735 2052 Hebron,
759 1968 791 2030 iu
820 1969 1007 2049 speluncam
1036 1966 1210 2048 duplicem,
1248 1963 1361 2026 demto

194 2072 311 2155 capite,
328 2069 414 2155 quod
435 2072 468 2132 iu
490 2069 562 2133 loco
584 2069 756 2134 Calvariae
777 2075 910 2158 mansit,
932 2080 1126 2156 quapropter
1155 2087 1228 2134 oum
1249 2068 1360 2131 locum

115 2241 118 2248 Δ
193 2177 228 2240 in
247 2173 469 2253 ¹veneratione
500 2175 660 2238 habebant
690 2176 756 2258 filii
779 2176 860 2260 ejus.
889 2181 947 2246 ‚Et
980 2177 1134 2240 credibile
1166 2182 1235 2256 est,
1269 2171 1359 2256 quod

193 2279 279 2344 siout
303 2278 396 2360 Sem,
419 2277 506 2358 iilius
525 2279 730 2363 Noae,·post
751 2282 908 2346 dilnvium
927 2284 977 2348 ibi·
993 2276 1102 2346 fanum
1124 2280 1276 2344 babebat:
1304 2278 1358 2340 sic

186 2389 228 2445 ‘et
249 2389 325 2443 ante
343 2382 500 2445 diluvium
529 2386 700 2448 oratorium
722 2388 766 2450 ibi
788 2397 865 2450 erat.
909 2369 976 2450 lmo
998 2389 1094 2450 etiam
1113 2385 1291 2450 'Abrabam
1312 2383 1356 2446 ibi

195 2487 326 2550 arietem
349 2505 406 2568 pro
428 2485 493 2549 lilio
514 2488 708 2554 immolabat.
735 2491 786 2564 Da
806 2493 857 2556 bis
878 2493 1027 2561 hebraica
1047 2472 1145 2556 babet
1174 2490 1301 2553 traditio
1323 2496 1354 2552 et

194 2591 387 2654 Ambrosius
425 2598 458 2651 ot
490 2589 744 2673 chrysostomus
780 2605 815 2659 et
847 2598 1067 2680 Hieronymus
1101 2602 1135 2660 et
1167 2594 1352 2660 Chronicae.

194 2697 239 2760 Et
259 2695 333 2758 licet
356 2691 478 2758 Glosaa
497 2696 654 2762 Matthaei
675 2700 726 2778 2⁷·
748 2701 852 2778 dieat,
873 2702 1001 2766 mentiri
1022 2720 1094 2784 eos,
1115 2703 1170 2784 qni
1192 2708 1351 2779 asserunt,

195 2801 303 2866 Adam
326 2803 359 2862 in
394 2798 465 2864 loco
485 2801 659 2867 Calvariae
686 2806 865 2890 sepultum,
893 2827 958 2871 non
987 2813 1097 2870 minen
1119 2809 1225 2869 obstet
1258 2803 1352 2866 dictis

196 2908 332 2990 nostris,
356 2906 433 2990 quia
455 2907 678 2992 concedimus,
701 2929 821 2993 corpus
845 2911 917 2994 ejus
938 2912 1100 2995 sepultum
1133 2928 1209 2974 esse
1229 2910 1262 2971 iu
1283 2909 1353 2970 lle·

196 3014 294 3096 bron,
326 3021 361 3076 ut
396 3012 532 3077 habetur
561 3014 686 3078 Josuae
714 3016 824 3098 xlv,
855 3023 953 3099 caput
984 3026 1092 3081 tamen
1111 2996 1114 3002 ’
1133 3014 1204 3096 ejus
1238 3015 1351 3076 manmit

195 3120 230 3182 in
263 3119 335 3184 loeo
368 3117 560 3201 Calvariae,
592 3120 663 3184 Deo
690 3121 739 3184 sic
774 3120 943 3185 ordinante
980 3131 1012 3186 et
1044 3121 1119 3184 Ado
1146 3120 1198 3183 sic
1229 3137 1249 3181 a
1277 3117 1351 3179 liliis

196 3231 338 3305 potente,
353 3221 428 3284 dum
453 3233 638 3288 moreretur.
663 3227 716 3288 Ex
738 3225 854 3308 quibus
880 3226 1028 3288 omnibus
1050 3226 1111 3289 boc
1132 3224 1244 3304 iniero,
1266 3220 1350 3303 quod

164 3325 171 3339 ”
197 3327 295 3388 etiam
319 3332 397 3388 anto
417 3324 571 3388 diluvium
591 3328 623 3390 in
644 3329 716 3393 loco
742 3331 883 3394 civitatis
907 3329 1089 3395 Jerusalem
1116 3327 1239 3393 suited
1259 3343 1350 3388 omne

197 3427 495 3492 minusOratorium
517 3437 550 3490 el
569 3429 688 3514 fanum,
707 3455 771 3497 nou
793 3436 916 3518 absquo
929 3435 1092 3498 hominnm
1106 3431 1348 3498 cohabitatione.

197 3532 411 3617 singulariter
430 3540 537 3596 tamen
561 3533 652 3600 locus
670 3536 843 3605 Calvariae
854 3559 982 3624 semper
1003 3541 1062 3606 tuit
1079 3541 1207 3604 babitus
1222 3544 1348 3602 sanctus

196 3654 300 3719 usque
321 3636 362 3700 ad
383 3635 600 3703 Romanorum
621 3649 780 3726 tempora,
807 3646 914 3728 quiin
936 3646 1044 3711 odium
1063 3645 1260 3709 Judaeorum
1281 3659 1347 3702 enm

197 3743 431 3824 deputaverant
462 3742 505 3808 ad
533 3753 673 3810 torturas
699 3759 732 3812 et
763 3751 992 3833 perorationem
1019 3749 1245 3815 maleficorum.
1286 3744 1348 3808 Sed

197 3847 330 3912 Christo
352 3848 385 3912 in
406 3867 444 3911 eo
466 3850 577 3914 exciso
599 3855 702 3917 umrris
723 3855 879 3920 sanctitas
901 3863 952 3920 est
972 3855 1044 3920 loeo
1066 3855 1223 3934 restituta,
1232 3849 1298 3933 jam
1315 3850 1345 3912 in

195 3960 359 4018 aeteruum
379 3971 540 4019 mansura.
585 3953 641 4019 ue
657 3959 718 4022 boc
739 3959 809 4023 loco
827 3961 928 4024 babes
950 3961 1004 4025 fol.
1029 3959 1103 4029 tib.
1125 3967 1158 4021 et
1180 3957 1233 4022 iol.
1256 3954 1321 4020 lib.

271 4055 338 4122 Pro
367 4058 556 4122 diversitate
589 4081 667 4144 ergo
703 4082 911 4146 personarum
943 4074 976 4128 et
996 4074 1190 4147 ¹temporum
1229 4060 1345 4142 accepit

193 4166 275 4229 baec
303 4163 421 4228 civitas
452 4163 583 4228 diversa
614 4168 752 4233 nomina.
796 4169 921 4234 Dicitur
953 4169 1039 4234 euim
1068 4167 1197 4250 Salem,
1232 4163 1344 4230 Genea

191 4269 280 4336 XIV.
304 4281 337 4337 ot
357 4269 683 4355 qnarrdoqueSolima
701 4275 839 4355 apootis
859 4275 1050 4360 nominatur,
1066 4270 1345 4355 etJebuaJoanao
