2926 5050
205 611 444 676 Ducendi-ius
464 627 542 694 erge
562 625 668 694 paene
702 625 808 690 nque
827 606 871 672 ed
899 607 1021 690 tecm,
1052 607 1088 671 m
1105 623 1192 692 que
1217 609 1386 670 exorem

206 715 449 798 dimiseramus,
483 725 518 776 et
549 715 595 778 ibi
625 713 777 776 stetimus
809 721 841 774 et
873 711 1147 794 deliberavimus,
1196 729 1249 774 an
1286 729 1387 794 gyrare

207 829 347 882 muntem
370 829 403 882 et
424 817 605 884 uendere
624 816 803 898 vellemus,
825 834 890 878 ιιοιι
911 817 997 878 enirn
1017 817 1205 880 babuimus
1230 818 1387 880 nubismu

206 923 383 1005 ductorem,
400 923 456 1006 qui
474 922 567 984 nubis
585 940 698 984 verum
720 919 919 984 ascendendi
938 919 1043 984 tecum
1065 919 1293 986 estenderet.
1317 919 1388 982 Cum

206 1037 313 1090 autem
335 1029 488 1090 transivit
508 1027 541 1088 in
565 1023 651 1090 cliuo
671 1025 905 1105 lentissima
922 1024 1272 1106 megrmdtuseutue
1281 1024 1387 1086 Serra·

206 1149 327 1214 ceuua,
358 1150 455 1214 quem
476 1128 517 1194 ed
539 1147 601 1194 nea
627 1130 819 1196 mvimu
855 1136 888 1190 et
916 1147 1014 1190 unum
1045 1128 1225 1192 madiuum
1252 1131 1288 1190 ei
1310 1127 1388 1190 dudi·

208 1254 290 1320 mus,
305 1245 341 1299 ut
361 1253 423 1298 nos
442 1237 476 1298 in
504 1237 621 1297 montis
642 1251 799 1298 οιοιιιιοιι
820 1231 963 1294 duceret.
985 1233 1124 1296 Jnuenis
1142 1251 1241 1316 erga)
1265 1239 1388 1313 οοοοοιο

206 1351 343 1424 argente
364 1340 406 1402 ad
427 1339 533 1402 lecum
562 1337 768 1402 escensionis
789 1337 837 1398 ire
868 1337 993 1418 erepit,
1022 1345 1053 1398 et
1075 1355 1136 1400 nes
1165 1338 1387 1420 sequebamur
1426 1347 1427 1358 ¹

208 1463 299 1528 eam,
332 1443 417 1528 qued
457 1451 493 1506 ut
522 1442 674 1506 viderunt
705 1442 810 1504 nestri
838 1438 1006 1521 ductores,
1038 1444 1164 1524 egressi
1203 1439 1254 1504 de
1288 1438 1384 1502 umbra

209 1549 337 1630 magnis
358 1548 495 1610 vocibus
523 1546 702 1610 clamarunt
735 1544 943 1626 prohibentes
983 1527 1077 1608 uubis
1107 1563 1319 1624 ascensum,
1345 1541 1384 1604 di·

209 1659 332 1730 centes,
353 1668 392 1712 se
413 1651 477 1712 ism
499 1652 585 1714 velte
606 1651 718 1714 eloco
736 1647 895 1712 medere
920 1649 988 1714 Sed
1010 1661 1042 1713 et
1063 1651 1239 1732 peregrini
1264 1645 1379 1728 reticui,

209 1755 319 1838 quiin
339 1754 451 1816 umbra
473 1762 706 1835 remanserant,
727 1754 856 1816 stabant
884 1761 917 1814 et
938 1771 1000 1818 nes
1031 1771 1189 1818 mvucare
1215 1751 1380 1816 courum·

209 1869 261 1922 tur
290 1869 324 1922 et
344 1859 467 1922 instare
500 1879 665 1924 recessum
686 1857 894 1924 simulabant.
928 1856 995 1918 Sed
1016 1877 1075 1922 nus
1094 1858 1261 1940 juvenem
1284 1851 1378 1918 secuti
1426 1851 1427 1938 ,

209 1980 321 2026 snmus
351 1971 385 2024 et
414 1962 572 2024 clamores
601 1979 710 2024 earum
742 1981 807 2024 non
837 1959 1051 2044 advertimus,
1083 1965 1147 2026 ime
1176 1963 1274 2026 male
1305 1975 1377 2021 cun-
1426 2034 1427 2037 Ἴ

171 2136 175 2146 ,
208 2069 291 2132 tenti
322 2067 440 2130 fuimns
462 2064 503 2127 de
524 2065 718 2129 clamoribus
749 2065 881 2126 fratrum
910 2073 1091 2129 nostrerum
1124 2070 1373 2150 peregrinorum·

208 2172 331 2236 Audivi
358 2174 398 2236 ab
427 2189 492 2232 une
513 2168 555 2232 de
575 2167 747 2251 militibus,
780 2169 835 2250 qui
857 2169 1025 2236 uobiscum
1055 2180 1163 2254 erant,
1195 2173 1261 2256 qni
1286 2167 1373 2231 dixit:
1426 2180 1427 2208 ι

213 2289 262 2363 et,
290 2281 320 2342 si
352 2297 416 2342 uon
445 2293 577 2338 vererer
606 2273 824 2354 Sarracenos,
855 2290 991 2353 qnorum
1014 2274 1151 2337 furerem
1184 2277 1309 2354 timec,
1336 2265 1371 2330 xad
1424 2349 1425 2354 ἵ

208 2387 396 2467 peregrinos
413 2389 486 2463 pest
507 2397 568 2444 nes
588 2379 769 2442 clamantes
787 2396 840 2440 rne
850 2383 1012 2440 verterem
1028 2378 1140 2460 enque
1165 2381 1257 2444 mule
1279 2375 1371 2441 verbu

209 2489 365 2567 dicerem,
387 2485 474 2567 qnod
495 2486 526 2546 si
544 2483 649 2546 adbuc
670 2490 918 2565 perseverantes
940 2479 1129 2564 chererent,
1152 2483 1241 2548 unda
1264 2486 1368 2566 poste·

209 2591 293 2652 rieru
314 2593 363 2650 eis
384 2586 597 2651 ostenderem.
639 2591 714 2650 Huc
746 2585 861 2648 dicens
893 2603 1045 2668 magnum
1073 2587 1158 2650 inter
1185 2607 1248 2652 nes
1279 2588 1368 2650 risum

210 2691 396 2754 concitavit.
439 2690 567 2750 Interea
587 2689 730 2771 elongati
751 2707 863 2752 sunnis
884 2691 925 2753 nb
948 2690 1013 2771 cis,
1033 2691 1088 2772 ita,
1109 2691 1194 2774 qnod
1216 2693 1367 2756 clamores

211 2809 320 2852 eornm
349 2788 460 2852 andire
481 2809 545 2853 non
567 2799 762 2872 poteramus.
803 2792 953 2856 Vidimus
982 2801 1089 2857 tamen
1118 2814 1176 2858 ees
1198 2793 1368 2860 escendere

212 2911 316 2976 eques
343 2901 375 2954 et
397 2895 526 2978 esines,
556 2912 595 2957 ac
617 2897 647 2957 si
667 2897 821 2960 recedere
848 2897 971 2962 veilent
994 2900 1067 2960 sine
1094 2901 1204 2981 nubis,
1234 2900 1366 2964 vidimus

211 2999 309 3062 etiam
332 2998 488 3083 quendem
511 3001 701 3084 peregrines
721 3011 796 3082 pust
813 3019 874 3066 nes
895 3019 1035 3084 currere,
1057 3005 1111 3086 qni
1132 3003 1364 3068 obdurationem

210 3112 353 3168 nostram
373 3104 522 3170 videntes
536 3116 645 3190 spreto
660 3105 1062 3170 clamoreSerrucencrum
1085 3109 1253 3174 nobiseum
1275 3123 1362 3170 man-

209 3219 330 3274 serunt.
374 3209 599 3278 Processimus
625 3229 702 3295 ergo
738 3220 769 3274 et
798 3211 838 3273 ab
867 3220 1003 3293 aspectu
1032 3214 1193 3276 exercitus
1223 3213 1364 3274 verrimus

210 3315 251 3378 sd
269 3316 387 3399 lecum,
409 3319 464 3383 ubi
486 3337 646 3383 ascensus
669 3316 786 3379 montis
799 3315 983 3400 incipiebat,
995 3325 1026 3380 et
1039 3326 1214 3402 sequentes
1232 3329 1364 3399 exspec-

208 3420 361 3501 tavimus,
383 3429 418 3480 nt
439 3438 551 3483 omnes
572 3422 668 3486 simul
691 3437 848 3482 essemus.
892 3418 1074 3502 incepimus
1097 3441 1174 3504 ergo
1195 3421 1364 3486 escendere

209 3537 268 3602 per
289 3519 408 3581 clivum
430 3521 540 3584 eitum.
582 3524 681 3588 Porro
718 3541 802 3588 irnns
833 3521 874 3585 de
898 3527 1079 3607 peregrinis
1097 3538 1209 3591 centra
1231 3537 1364 3590 muntem

208 3639 317 3704 genua
344 3621 449 3704 flexit,
482 3633 515 3686 et
540 3626 612 3689 Dee
637 3630 788 3692 invocato
820 3625 935 3708 (2⁰9
952 3629 1005 3712 Α)
1036 3634 1087 3694 sic
1113 3632 1209 3696 flexis
1234 3633 1362 3715 genibus

209 3725 388 3790 escendere
401 3728 543 3812 incoepit
556 3740 664 3795 erecto
676 3750 810 3815 corpore
824 3741 856 3796 et
874 3737 1020 3802 extensis
1034 3735 1175 3801 brachiis
1197 3738 1229 3798 in
1242 3718 1362 3800 medum
1425 3723 1427 3787 't

208 3833 315 3898 erucis
350 3841 383 3894 et
415 3834 461 3896 ite
491 3856 549 3918 per
580 3845 681 3902 totum
716 3837 878 3902 borridum
922 3846 955 3900 et
1000 3841 1212 3922 asperrimum
1249 3840 1361 3904 etti-un

209 3938 369 4020 escendit,
387 3938 472 4023 quud
486 3958 549 4004 nec
563 3939 699 4022 pedibus
713 3959 775 4004 nec
788 3943 936 4007 menibus
949 3962 987 4007 se
994 3943 1140 4028 juvabat,
1163 3945 1222 4010 sed
1243 3943 1360 4027 quande

209 4045 391 4111 necessitas
412 4051 486 4108 eum
507 4045 625 4130 cuegit,
647 4046 764 4113 cubitis
784 4046 989 4129 innitebatur,
1009 4049 1065 4132 ite,
1087 4049 1172 4133 qued
1194 4067 1307 4112 munus
1326 4044 1359 4110 ad

208 4147 261 4210 sni
282 4149 600 4237 supertraututicnem
621 4167 687 4211 non
707 4153 866 4235 apposuit,
889 4153 953 4216 nisi
971 4153 1063 4217 aliter
1075 4172 1139 4217 nun
1154 4163 1246 4218 esset
1262 4154 1360 4236 pessi·

210 4247 275 4312 bile
305 4269 379 4315 enm
413 4253 496 4315 ultre
529 4252 725 4337 procedere,
756 4257 842 4322 sient
874 4256 1067 4339 quandoque
1098 4258 1132 4320 in
1165 4257 1357 4341 praecipitiis.

209 4351 373 4432 Quantum
396 4355 535 4420 laborem
557 4367 590 4422 et
608 4359 785 4425 eructatum
807 4359 860 4423 hic
881 4363 1075 4442 peregrinus
1094 4363 1241 4426 hebuerit
1265 4361 1356 4424 inille

210 4475 361 4538 ascensu,
391 4460 572 4522 testabatur
597 4469 705 4522 metue
733 4461 911 4524 vehemens
938 4459 979 4522 de
1006 4480 1069 4524 unc
1090 4463 1195 4526 lutere
1221 4464 1254 4526 in
1275 4461 1355 4546 aliud,
