2842 4882
40 441 146 506 nohis
169 439 336 522 placeret,
359 438 521 522 proticisci
541 438 642 504 vallet
665 436 835 505 nobiseum
857 447 890 502 et
909 455 972 504 uos
993 433 1170 505 deiendere
1188 437 1232 500 ab

40 546 254 610 incursibus.
297 543 370 606 Nos
390 549 500 606 autem
535 561 609 610 eum
642 543 879 608 licentiavimus
900 553 934 608 et
954 563 975 608 a
994 543 1068 608 laon
1090 542 1233 606 recessi-

41 671 124 718 mus
154 649 405 734 pmiioiseentes
440 665 514 712 cum
535 647 732 712 festinantia.
766 649 912 731 Ingressi
933 657 1039 712 eutem
1061 665 1174 712 sumus
1195 647 1230 710 ιιι

41 775 177 824 occasu
214 754 296 818 solis
329 751 501 816 terribilem
525 751 752 836 solitudinem,
784 751 901 816 dictam
933 753 1142 833 liiusohene,
1175 751 1232 816 nbi

42 872 122 928 erat
144 870 277 924 torrens
299 858 416 941 ingens
437 858 563 922 cinctus
581 857 717 940 rupibus
734 864 769 918 et
793 857 934 940 petrosis
950 857 1123 940 montibus,
1145 874 1231 940 quae
1305 883 1308 890 ·

42 968 163 1030 omnia
186 971 280 1027 eraut
301 962 467 1026 albissima
487 971 521 1024 et
543 971 629 1026 terra
649 971 718 1027 tote
737 969 806 1044 eret
827 970 863 1026 ut
882 961 957 1024 mlx
978 961 1151 1025 exstincta.
1187 961 1231 1024 ιιι
1271 1012 1275 1020 ,

41 1073 103 1138 illo
127 1076 277 1134 torrente
298 1067 434 1132 tentoria
450 1067 579 1130 fiximus
602 1067 643 1130 ed
662 1066 858 1132 menendum
879 1067 922 1130 ibi
944 1064 1023 1131 illa
1024 1073 1130 1148 nocte,
1149 1051 1231 1131 euru

44 1176 165 1242 multis
202 1180 312 1258 eutem
351 1171 553 1236 discursibus
583 1172 640 1236 vix
674 1171 843 1237 materiem
879 1190 937 1254 pro
968 1171 1046 1253 igue
1082 1167 1232 1234 iaciendo

44 1279 343 1362 comportavimus.
397 1277 498 1340 Porro
533 1284 609 1340 nno
641 1294 701 1340 nus
733 1277 829 1340 etiem
861 1276 1031 1359 quieverat
1059 1274 1104 1339 ibi
1143 1289 1229 1337 unua

44 1385 222 1450 exercitus
243 1381 447 1464 camelorum,
468 1381 544 1464 quia
564 1377 665 1446 multi
682 1389 826 1449 stercore
845 1381 963 1446 ibidem
984 1389 1086 1464 eraut,
1100 1389 1132 1444 et
1153 1381 1230 1463 qudo

43 1502 204 1558 stercore
222 1486 280 1550 illa
299 1487 423 1551 arentin
444 1496 546 1569 erant,
561 1505 605 1550 ea
624 1487 815 1570 collegimus
837 1495 872 1550 ot
888 1486 958 1551 ad
944 1503 1058 1570 iguem
1076 1504 1228 1568 compor-

33 1597 244 1686 lavimus,
242 1606 307 1682 nou
326 1593 412 1655 enim
433 1601 502 1656 erat
518 1607 599 1684 une
607 1592 782 1676 plantula
773 1613 807 1668 ιιι
827 1593 890 1672 illo
903 1593 985 1658 loon.
1151 1607 1155 1614 ·
1225 1602 1231 1613 '
1281 1605 1301 1676 :'

14 1728 19 1734 ·
88 1693 252 1780 Senta
264 1673 429 1792 deoirpn'¹
441 1672 558 1797 stetim
584 1685 768 1784 ιιιιιειιιι
787 1696 895 1762 media
935 1679 1032 1762 noete
1058 1661 1247 1760 edotavit
1295 1727 1315 1774 ·,

38 1769 113 1872 nos
130 1789 281 1868 culinus
302 1801 344 1864 ad
363 1792 531 1864 recessum
552 1810 584 1864 et
606 1819 679 1866 oum
696 1803 898 1886 impatientia
919 1810 951 1864 et
971 1805 1133 1866 murmure
1152 1817 1230 1862 sur·
1312 1849 1319 1860 .
1353 1791 1356 1798 ’
1405 1791 1419 1802 ”

47 1913 219 1988 reximus,
240 1906 429 1987 incipiebat
435 1905 520 1968 enim
542 1905 636 1969 urobis
658 1905 748 1969 labor
780 1907 905 1970 itineris
931 1906 1043 1989 gravis
1062 1912 1097 1966 et
1123 1903 1229 1968 mole-

47 2025 126 2080 stus
149 2011 223 2076 lieri
243 2017 275 2070 et
296 2009 470 2091 praecipue
490 2011 611 2098 nostris
632 2009 788 2094 infirmis,
812 2013 869 2094 qul
889 2011 1035 2092 graviter
1055 2009 1229 2091 gemebant

48 2138 114 2202 pre
139 2114 257 2178 labore
276 2113 419 2195 itineris3
451 2131 527 2176 nam
552 2122 621 2178 tola
641 2113 695 2177 dio
720 2114 861 2179 ineolis
892 2115 1022 2178 fervore
1050 2121 1083 2176 et
1103 2119 1228 2194 partem

48 2222 165 2288 noane
186 2219 221 2281 iu
242 2217 363 2299 frigore
385 2225 420 2280 et
440 2237 513 2282 rore
533 2217 702 2302 incedere,
724 2219 796 2282 sina
816 2220 920 2284 coctis
938 2228 972 2282 et
998 2216 1112 2282 calidis
1137 2214 1230 2279 eiha-

49 2329 130 2410 riis,
151 2309 228 2387 eum
248 2329 339 2384 tonte
358 2322 430 2404 siti,
452 2340 555 2405 grave
574 2331 625 2386 est
641 2324 761 2387 homiui
782 2343 881 2408 sano,
903 2334 996 2389 taceo
1015 2321 1059 2386 de
1079 2319 1226 2385 infirmia

1 2429 2 2448 i
50 2431 167 2514 Saepe
206 2429 340 2490 miratus
362 2427 409 2490 fui
434 2428 468 2491 in
490 2427 619 2494 deserto
646 2430 807 2513 existens,
839 2429 925 2514 quod
945 2446 1041 2492 sacre
1060 2426 1229 2508 Scriptura

50 2540 108 2602 ita·
125 2535 275 2620 gievitor
296 2533 503 2616 reprehendit
531 2553 673 2600 murmur
701 2535 838 2599 filiorum
871 2534 973 2599 lsrael
1006 2542 1039 2598 et
1068 2530 1153 2614 quod
1181 2530 1229 2594 ita

1 2641 2 2654 ³
51 2643 137 2704 dure
170 2639 307 2702 correcti
340 2638 458 2704 inerim
488 2659 545 2721 pro
577 2658 755 2724 murmure,
781 2644 867 2704 sicut
899 2647 988 2724 patet
1021 2639 1050 2703 1.
1072 2635 1147 2702 em.
1169 2635 1227 2717 X„

50 2741 218 2828 quemodo
240 2743 474 2806 murmurantes
497 2763 517 2806 a
536 2747 744 2828 serpentibus
765 2747 939 2830 perierunt.
982 2741 1227 2808 ummuraumn

1 2853 2 2870 ¹
51 2849 143 2910 euim
166 2844 221 2908 vel
250 2863 310 2925 pro
330 2843 456 2938 labore,
487 2854 524 2908 ut
544 2850 678 2913 habetur
697 2850 796 2914 Num.
818 2851 894 2932 xi,
937 2849 993 2912 vel
1028 2865 1086 2929 pro
1117 2844 1229 2907 sitiet

54 2949 188 3030 inedia,
209 2947 316 3010 Exodi
335 2949 448 3031 xvi,
490 2953 545 3014 vel
566 2973 625 3036 pro
645 2953 708 3015 loci
729 2955 901 3034 vastitate,
921 2952 1018 3034 Num.
1037 2951 1133 3030 XX„
1173 2945 1229 3010 vol

54 3075 117 3140 pro
148 3054 223 3116 eliis
243 3053 393 3116 humanis
425 3052 614 3120 defectibus.
657 3057 699 3118 Et
720 3074 850 3140 semper
876 3053 1004 3120 fuerunt
1035 3051 1230 3138 gravissime

55 3158 173 3242 puniti.
216 3154 383 3218 Confusus
404 3157 480 3220 steti
508 3157 543 3222 in
562 3168 670 3223 mente
692 3179 764 3225 mea
784 3171 818 3226 ot
844 3180 945 3245 saepe
972 3160 1062 3225 timui
1086 3156 1229 3220 divinam

56 3264 259 3346 punitionem
282 3279 340 3342 pro
363 3277 523 3324 murmure
550 3273 660 3328 nostro
682 3274 715 3328 et
735 3265 910 3348 haesitavi,
926 3259 980 3328 *an
1001 3265 1092 3328 labor
1117 3268 1229 3331 noster

57 3376 151 3430 esset
172 3365 352 3430 meritorius
373 3383 445 3430 oum
468 3375 557 3432 tanta
575 3369 785 3451 impatientia
808 3371 910 3455 igitur
929 3371 1071 3434 memus
1092 3364 1227 3432 camelis

58 3480 94 3534 et
116 3474 230 3535 stratis
262 3472 366 3534 asinis
396 3472 437 3535 tle
458 3471 587 3538 deserto
607 3475 800 3540 Minschene
830 3477 1025 3540 recessimus
1046 3485 1079 3540 et
1099 3475 1134 3538 in
1155 3479 1227 3536 artu

54 3577 138 3642 solis
158 3577 192 3640 ιιι
214 3575 420 3640 solitudinem
446 3581 654 3659 asperrimam
668 3589 700 3643 et
714 3583 878 3664 rogiomm
901 3582 1114 3647 ιιιιιιιιιιιιιιι
1136 3587 1180 3658 et,
1197 3577 1228 3642 ei

59 3681 112 3744 ias
134 3692 186 3746 est
206 3681 315 3746 dicere
338 3701 410 3747 cum
432 3683 508 3750 flliis
528 3685 630 3749 lsrael
652 3685 748 3748 Num.
761 3689 847 3772 XX„
869 3689 1029 3752 inlocum
1051 3685 1225 3770 pessimum

58 3785 147 3849 ducti
167 3803 298 3869 sumus,
320 3788 430 3872 quiin
447 3789 584 3852 veritate
605 3809 668 3854 uec
685 3794 753 3857 seri
781 3800 906 3878 potest,
938 3812 1000 3857 nec
1029 3788 1150 3874 aliquid
1181 3787 1226 3850 ibi

61 3905 212 3954 erescere
232 3900 340 3973 potest
360 3911 419 3974 pro
441 3894 509 3956 vita
525 3895 676 3966 hnmana.
696 3897 823 3962 Dicitur
840 3899 903 3962 hoc
926 3898 1089 3962 nmmum
1107 3890 1226 3958 harich

60 3998 95 4052 et
114 4001 191 4055 sunt
210 3994 244 4059 iu
264 3993 338 4076 ejus
359 3996 494 4060 dextera
511 4008 606 4082 ‚parte
626 4011 778 4065 montana
797 4003 963 4066 albissima
983 4009 1016 4064 et
1037 3997 1185 4062 similiter
1203 4011 1227 4056 a

59 4101 164 4176 tergo.
216 4097 284 4160 Sed
313 4109 428 4164 contra
465 4103 620 4178 οιιοιιιοιι
663 4105 833 4174 habuimus
869 4105 1047 4170 latissime!
1081 4114 1228 4182 omme

60 4215 194 4279 qnorum
232 4196 358 4283 lapides
390 4214 424 4267 et
444 4224 544 4270 areum
577 4209 672 4290 nigre
699 4217 733 4271 et
759 4207 875 4272 adsta
902 4216 988 4291 erat,
1016 4205 1112 4279 amsi
1137 4203 1226 4288 ignia

60 4319 175 4366 recolis
194 4315 255 4388 per
275 4313 408 4391 campos
428 4311 503 4374 illos
522 4312 760 4376 combustibilis
773 4313 1018 4397 eonmmsiesu,
1030 4311 1111 4380 odor
1127 4309 1225 4374 etiam
