2842 4882
751 291 816 356 m
942 371 947 382 .

202 480 282 546 Post
313 477 442 559 loegum
484 471 679 538 descensum
714 473 946 537 recurvabatur
980 472 1076 535 vatlis
1108 470 1231 535 iterun
1276 477 1376 534 conto

203 581 368 647 meridiem
389 577 430 640 ad
459 583 602 642 montem
634 588 780 642 sanmuro
816 589 849 642 et
878 579 953 640 tacti
975 579 1197 661 processimus
1219 577 1261 638 in
1285 575 1376 638 ocutis

202 689 269 770 (b)
290 685 395 768 Syriai
427 691 566 744 rnontcm
601 682 768 747 babentes.
811 682 891 746 Sole
918 691 1026 746 autem
1056 697 1216 742 occasum
1255 691 1376 762 petente

201 775 350 854 ierimus
372 789 405 850 in
427 805 526 850 urium
548 787 644 849 latum
667 803 835 870 campum,
865 787 1008 870 undique
1029 785 1104 846 altis
1125 786 1304 847 montibus
1326 787 1376 846 cir-

203 893 450 974 cumscriptum‚
484 901 518 954 et
549 911 682 974 campus
705 893 861 956 rotundus
882 894 916 954 in
945 889 1050 952 medic
1079 892 1243 952 montium
1270 899 1306 952 et
1326 891 1373 951 bu·

203 1017 276 1064 mus
308 998 448 1062 herbosa
468 1003 500 1058 et
528 996 660 1058 muitum
691 997 898 1060 delectabilia
930 996 1029 1076 (est).
1073 995 1110 1054 in
1132 994 1250 1057 medic
1282 997 1371 1073 campi

203 1113 294 1170 erent
324 1103 356 1164 in
387 1117 451 1162 nna
481 1101 743 1164 circumferentia
775 1101 865 1164 multi
898 1117 996 1183 rupes
1017 1108 1050 1162 et
1069 1100 1200 1181 scopuli
1235 1101 1369 1162 deterre

203 1207 399 1293 prodeuntes
420 1212 451 1266 et
475 1205 681 1267 monticulum
705 1206 863 1268 iacientes
885 1212 919 1267 et
939 1205 1000 1266 sub
1021 1205 1093 1266 istis
1127 1205 1289 1287 scopulis
1312 1215 1367 1265 teo·

203 1314 286 1377 toria
307 1311 436 1374 fiximus
458 1317 489 1370 et
508 1319 696 1391 pernoctare
711 1309 755 1372 ibi
775 1308 988 1372 decrevimus.
1011 1309 1138 1370 Dicitur
1157 1318 1274 1371 autem
1297 1309 1364 1389 regio

203 1417 260 1480 iiia
282 1427 313 1480 et
336 1431 469 1497 campus
491 1414 619 1475 arabice
645 1414 820 1476 Machares
848 1422 962 1495 estque
988 1431 1122 1494 campus
1144 1413 1195 1475 ita
1217 1415 1364 1476 montibus

203 1530 337 1604 septus,
353 1516 438 1601 quod
461 1537 525 1578 non
545 1525 730 1598 poteramus
756 1519 879 1580 exitum
908 1516 1020 1578 videre
1059 1533 1120 1577 nec
1149 1536 1311 1601 cernere,
1329 1515 1362 1578 ubi

204 1623 411 1702 intravimus,
433 1621 563 1682 rutubi
594 1622 711 1684 exituri
741 1639 899 1684 essemus.
943 1623 980 1681 in
1003 1619 1058 1682 itio
1080 1638 1203 1704 campo
1225 1624 1361 1704 pascebat

203 1729 341 1810 Moyses
361 1743 442 1788 oves
462 1725 594 1808 Jetbro,
612 1729 719 1788 soceri
740 1727 802 1806 sui,
824 1726 864 1789 de
884 1745 949 1809 quo
963 1725 1100 1788 babetur
1123 1725 1240 1789 Exodi
1257 1728 1325 1807 IV,
1343 1735 1361 1784 et

146 1833 151 1844 '
205 1833 322 1897 abhinc
342 1831 478 1894 minavit
499 1849 632 1913 gregem
652 1830 692 1892 ad
714 1831 866 1893 interiora
885 1829 1023 1910 deserti,
1044 1828 1085 1890 ad
1107 1830 1243 1894 radices
1265 1831 1363 1894 montis

205 1939 326 2024 Syuai,
358 1935 445 2021 qnod
471 1935 580 1999 nullus
608 1944 722 2019 pastor
751 1952 852 1996 ausus
867 1929 873 1960 ⁴
887 1934 995 1996 iacere
1025 1934 1145 2015 iuerat,
1180 1935 1248 1999 sed
1269 1949 1361 2001 omnen

208 2055 301 2110 extra
324 2044 378 2106 bic
399 2050 433 2104 et
453 2040 530 2103 alibi
550 2042 585 2102 in
606 2039 748 2104 vallibus
769 2039 958 2120 manebant,
981 2047 1016 2101 ut
1037 2040 1170 2121 patebit.

290 2150 329 2210 la
359 2141 454 2229 ipsis'
475 2145 624 2227 rupibus,
660 2161 744 2226 quae
768 2143 863 2224 juxta
891 2163 951 2206 nos
981 2145 1127 2225 stabant,
1165 2144 1360 2207 ostenderunt

206 2253 300 2316 nobis
332 2250 482 2314 ductores
508 2248 612 2313 locum
633 2248 717 2309 inter
739 2267 836 2329 rupes
867 2256 979 2331 aptum
1007 2249 1163 2328 sessioni,
1197 2267 1221 2310 a
1244 2269 1308 2332 quo
1326 2255 1359 2308 at

207 2363 376 2439 respectus
406 2373 465 2436 per
491 2352 579 2416 iliius
612 2352 717 2433 campi
749 2351 960 2416 latitudinem.
1002 2355 1039 2414 In
1070 2353 1125 2414 iilo
1157 2352 1236 2416 loco
1272 2353 1358 2417 dicad

206 2461 348 2540 Moysen
374 2457 518 2539 sedisse,
548 2455 623 2518 dnm
650 2465 800 2537 pasceret
832 2473 913 2519 oves
932 2457 1065 2537 Jetbro,
1096 2457 1285 2521 sacerdotis
1304 2460 1359 2518 btr-

208 2561 292 2624 dian.
336 2561 401 2622 Pro
423 2561 517 2642 cujus
536 2561 701 2624 intellectu
724 2559 914 2642 notandum,
947 2560 1033 2644 quod
1053 2561 1190 2624 Madian
1213 2563 1276 2626 init
1295 2560 1359 2624 cid-

207 2676 260 2729 tas
286 2665 318 2727 in
340 2665 447 2726 littore
468 2665 568 2726 maris
590 2666 677 2728 rubri
701 2666 781 2746 sita,
805 2684 824 2728 a
846 2684 912 2748 qua
931 2674 998 2728 tota
1019 2667 1106 2747 regio
1126 2684 1146 2726 a
1169 2668 1254 2730 mari
1277 2681 1359 2748 usqae

208 2773 242 2834 iu
263 2769 426 2846 desertum
456 2767 621 2832 dicebatur
651 2769 794 2832 Madian.
837 2773 874 2832 In
903 2771 1038 2832 civitae
1073 2777 1184 2832 antem
1217 2772 1358 2834 residem

207 2874 328 2959 primas
348 2875 483 2956 patriae,
500 2875 557 2956 qui
577 2873 743 2937 dicebatur
763 2874 917 2937 sacerdos
934 2874 1067 2937 Madian
1088 2883 1120 2935 at
1142 2885 1216 2937 erat
1234 2885 1359 2958 tempore

208 2981 336 3062 Moysis
356 2979 482 3063 Jetbro,
502 2981 557 3061 qni
579 2980 673 3042 etiam
696 2978 862 3042 dicebatur
881 2978 1009 3062 ibagnet
1031 2977 1204 3044 etCivaus
1226 2990 1263 3044 et
1277 2979 1358 3042 0bab

173 3142 178 3154 ,
209 3084 263 3146 Ad
285 3085 372 3146 bunc
392 3086 559 3168 primatem
581 3083 726 3165 confugit
755 3085 892 3166 Moyses
913 3085 953 3146 ab
975 3085 1128 3166 Aegypto
1135 3128 1146 3166 ,
1180 3094 1219 3147 nt
1240 3086 1358 3148 babetur

207 3188 313 3252 Exodi
334 3191 376 3252 11.
421 3187 569 3270 Cumque
590 3191 724 3270 Moyses
745 3190 830 3250 bene
850 3190 880 3251 ei
899 3190 1052 3269 serviret,
1075 3187 1208 3251 tradidit
1229 3191 1262 3252 ei
1284 3207 1356 3252 unta

208 3311 250 3354 ex
271 3291 399 3354 filiabus
418 3295 489 3355 suis
509 3310 641 3355 uxorem
662 3303 693 3354 et
716 3292 792 3356 fecit
822 3312 895 3362 eum
917 3303 1079 3377 pastorem
1106 3311 1247 3375 gregum
1270 3297 1356 3358 omna

207 3411 353 3475 suarum,
376 3396 461 3478 qnod
484 3405 553 3460 erat
575 3415 745 3480 magnum,
776 3399 851 3479 qnia
870 3405 940 3488 tota
960 3398 1143 3460 substantia
1169 3400 1355 3483 antiquom

208 3497 409 3581 dependebat
441 3502 642 3584 agregibus
674 3503 861 3571 bestiarum.
912 3504 1101 3566 Morabatnr
1128 3519 1211 3584 erge
1239 3505 1356 3586 Moyse·

207 3620 279 3666 cum
315 3605 471 3685 gregibus
501 3607 609 3669 ovium
632 3607 666 3666 in
688 3606 768 3670 locis
789 3607 909 3670 deserti
935 3607 1128 3689 graminosis
1159 3617 1194 3668 et
1217 3608 1355 3682 herbosis

207 3707 293 3770 sicut
317 3717 409 3770 erant
440 3709 544 3772 valles
576 3709 696 3772 deserti
725 3711 828 3794 Syaai
855 3719 888 3774 ot
916 3710 1122 3793 singulariter
1146 3711 1180 3772 ia
1210 3699 1280 3776 isto
1302 3713 1355 3774 too

143 3873 146 3880 .
206 3820 275 3876 erat
292 3829 367 3874 cnm
388 3810 460 3876 aliis
488 3795 686 3896 pastoribus,
708 3817 785 3898 quia
805 3815 874 3879 erat
898 3817 1063 3899 spatiosus
1083 3823 1116 3876 et
1132 3817 1355 3898 paseuatia,et

205 3915 316 3980 miritis
337 3916 431 3978 annis
450 3917 483 3978 in
504 3921 637 4000 puertia
656 3920 871 3982 exercebatur
888 3928 920 3980 et
937 3917 1131 4004 quandoque
1144 3919 1180 3981 in
1197 3923 1357 3985 civitaten.

206 4037 292 4102 quae
312 4019 409 4100 iunge
432 4023 553 4106 aberat,
575 4023 742 4088 descendit
762 4023 805 4086 ad
826 4042 969 4106 uxorem,
988 4022 1046 4085 sed
1068 4043 1126 4104 pro
1148 4024 1265 4106 majori
1286 4035 1359 4109 parte

206 4125 282 4188 atini
301 4124 359 4186 init
380 4125 413 4186 in
435 4125 563 4190 deserto
581 4145 656 4192 eam
679 4129 811 4210 ovibus,
841 4131 928 4191 sicut
948 4135 1098 4210 pastores
1119 4129 1216 4191 boum
1240 4139 1273 4193 et
1294 4147 1359 4192 vac·

206 4243 314 4290 omum
336 4229 370 4290 in
391 4229 518 4309 alpibus
549 4236 692 4294 cumeis
715 4241 844 4294 manent
874 4251 933 4314 per
955 4231 1088 4294 multam
1109 4233 1187 4296 anni
1222 4238 1359 4318 spatiun-

205 4325 287 4386 Erat
305 4337 411 4392 antem
429 4349 563 4414 eampis
583 4333 638 4396 ilie
656 4338 811 4398 temnimus
826 4353 1033 4422 marum,
1051 4353 1113 4400 nec
1130 4342 1360 4420 permittebatur
