2948 4876
743 255 804 336 ts'o

190 463 296 521 autem
316 437 457 518 vidimus
477 451 586 516 villam
610 452 749 537 Bezeth,
770 451 812 516 de
832 455 897 537 qua
912 403 1055 518 'habetur
1075 451 1229 537 seticum
1256 454 1300 536 1.‚
1325 455 1364 515 in

101 571 104 578 ⁴
190 565 256 646 qut
276 559 333 624 lilii
353 557 707 639 Isracl'percussorunt
734 558 767 620 X
788 558 889 640 millia
908 557 1048 620 virorum
1093 565 1134 622 οι
1148 559 1364 620 invenerunt
1471 545 1472 598 l

191 669 235 731 ibi
255 653 504 746 adeundam,
540 659 649 746 regam
668 655 945 744 Jerusalem-,aeui
966 661 1215 746 amputaverunt
1238 680 1363 728 manus
1455 697 1458 702 ·

99 813 101 818 -
191 779 227 834 et
246 769 374 853 pedes,
396 764 480 831 sicut
509 761 581 850 ipse
602 760 732 830 lecerat
751 767 846 829 hXX
879 767 1026 848 regibus,
1062 769 1119 852 qui
1152 767 1213 830 sub
1241 785 1363 829 mensa
1388 759 1407 840 J

186 885 252 940 'sua
265 856 445 958 ¹serpebant
461 859 464 865 ’
480 857 675 956 colligentes
696 891 754 935 ore
774 873 876 934 micas
895 870 1092 944 decidentes.¹
1129 871 1224 934 Hanc
1242 870 1364 965 villam

183 979 374 1047 desideravi
394 977 525 1062 lngredi
541 987 574 1040 ot
595 975 708 1040 videre
726 975 856 1059 locum,
880 995 945 1040 nou
966 975 1051 1037 enim
1071 959 1277 1058 praetermisi
1294 975 1363 1038 ali-

123 1094 126 1100 '
191 1089 290 1168 quem
316 1083 420 1154 locum
449 1084 556 1146 mihi
556 1103 598 1146 ex
632 1084 787 1152 cononica
793 1081 978 1170 Scriptura
1013 1081 1140 1168 notum,
1174 1081 1253 1162 quin
1281 1075 1387 1142 eum'

190 1191 410 1270 visitaverim,
440 1173 473 1250 iu
504 1196 657 1272 quantum
682 1187 758 1250 mihi
793 1165 951 1269 possibile
981 1193 1059 1248 erat.
1110 1185 1361 1250 Declinavimus

192 1312 270 1376 ergo
292 1312 312 1354 a
332 1297 388 1354 via
409 1295 570 1356 communi
599 1291 641 1354 ad
673 1291 856 1353 dextram
847 1309 880 1352 ιιι
914 1291 1023 1352 m‘llam
1051 1290 1175 1352 Beueth
1218 1305 1361 1370 eamque

191 1396 467 1480 pertransivimus.
511 1398 572 1470 Est
592 1399 682 1467 enim
698 1395 778 1458 villa
798 1413 917 1477 magua,
937 1403 969 1456 et
990 1375 1157 1479 populosa,
1177 1410 1239 1455 nec
1259 1391 1359 1454 hahi—
1399 1473 1403 1482 1

192 1505 293 1564 tant
283 1522 316 1563 ιιι
337 1519 376 1571 ea
396 1501 599 1583 sarraceni,
601 1501 660 1564 sed
682 1501 784 1590 solum
808 1488 983 1561 Christiani
1005 1497 1188 1596 orientales,
1211 1506 1244 1558 et
1258 1515 1365 1558 num-

194 1623 289 1690 quam
308 1605 368 1668 iuit
387 1624 407 1667 a
429 1604 621 1668 Sarracenis
642 1605 807 1686 possessa.
850 1605 888 1666 ln
907 1599 971 1666 ho'e'
991 1591 1098 1664 tamen
1119 1613 1203 1682 anno
1223 1599 1358 1683 quidam

194 1711 235 1775 de
257 1711 319 1774 hae
346 1709 425 1772 villa
456 1707 661 1790 Christianus
681 1708 777 1771 fidem
810 1706 933 1769 Christi
954 1707 1082 1792 publice
1104 1705 1297 1788 denegavit,
1320 1711 1356 1765 et

114 1799 128 1808 '¹
192 1801 473 1877 circumcisionem
501 1799 628 1896 accepit
665 1821 699 1876 et
722 1797 922 1875 Sarracenos
944 1809 1081 1872 effeetus
1113 1819 1164 1872 est
1198 1818 1230 1871 et
1257 1807 1356 1873 hodie
1471 1885 1472 1896 ἵ

85 1943 88 1950 ’
194 1921 281 1982 iuter
303 1912 509 1981 Christianos
531 1917 575 1982 ibi
601 1919 722 1990 habitat
754 1917 849 1999 lupus
869 1918 953 1977 inter
977 1927 1090 1999 agnos.
1132 1916 1170 1978 ln
1190 1907 1255 1976 hae
1274 1912 1355 1974 villa
1414 1964 1417 1970 .
1471 1925 1472 1984 ,

76 2089 80 2096 ,
114 2023 148 2088 ⁴.
194 2019 400 2106 optimumst
422 2024 629 2086 fortissimum
654 2023 924 2110 cresciturum,
951 2018 1037 2121 quod
1061 2019 1189 2102 quidem
1210 2025 1354 2101 potatum
1419 2041 1424 2050 ·

192 2148 273 2213 pure
291 2136 391 2211 caput
413 2147 476 2191 uon
498 2117 611 2210 laedit,
629 2105 688 2190 sed
709 2145 777 2216 sua
781 2121 919 2204 virtute
934 2125 1087 2203 intestina
1108 2123 1258 2205 corrodit,
1281 2121 1354 2184 ideo

170 2233 290 2324 ,debet
322 2234 455 2322 multum
487 2235 652 2314 imponere
679 2231 741 2294 'tle
753 2249 853 2317 aqua3
893 2249 956 2292 non
989 2229 1118 2348 memini
1153 2247 1204 2291 me
1239 2219 1360 2289 mellus

193 2339 304 2403 vinum
325 2337 457 2403 bibisse.
592 2338 604 2408 ᾗ
1263 2382 1266 2387 .

235 2436 310 2502 ll
330 2439 453 2500 Bezeth
478 2445 717 2521 cousequenter
741 2409 907 2523 progressi
929 2441 962 2502 in
983 2388 1171 2502 Bethlehem
1204 2430 1354 2499 uenimus

146 2594 149 2599 .
195 2551 321 2606 etcum
349 2559 466 2623 magna
488 2542 686 2606 charitates
715 2542 881 2613 Gordiano
911 2554 944 2607 et
971 2545 1128 2608 fratribus
1152 2541 1286 2622 recepti
1295 2557 1355 2600 su·-

99 2685 102 2690 -
163 2663 267 2708 -mus
295 2652 329 2708 et
350 2663 484 2709 coenam
513 2647 627 2709 bonam
650 2650 694 2712 ibi
720 2649 855 2731 fecimus
907 2649 1147 2712 l'ost'eoenam
1169 2643 1285 2712 duetus
1306 2643 1354 2705 fni
1471 2681 1472 2726 ι

194 2753 228 2820 in
255 2750 372 2848 cellam
400 2769 457 2834 pro
488 2753 613 2839 quiete,
642 2754 701 2816 sed
729 2754 803 2817 dnm
835 2754 1052 2836 reposuissem
1082 2771 1150 2832 me,
1188 2751 1270 2837 sugit
1302 2766 1355 2808 me

1 2829 2 2840 ἵ
73 2851 78 2860 ’
195 2873 328 2934 somnus
357 2841 395 2919 ab
427 2857 531 2934 perulis
565 2861 662 2943 meis,
686 2869 719 2921 et
751 2865 842 2924 totns
867 2847 949 2940 vigil
983 2857 1024 2920 ad
1056 2865 1185 2938 tempus
1208 2856 1244 2916 in
1270 2852 1355 2936 lecto
1471 2847 1472 2870 ¹

195 2963 314 3046 mansi,
336 2970 368 3025 et
388 2951 493 3050 taedio
512 2964 642 3050 jacendi
664 2965 771 3026 victus
793 2965 919 3037 surrexi
953 2969 987 3024 et
1009 2983 1061 3024 me
1085 2963 1118 3038 in
1139 2975 1239 3042 specu
1260 2974 1355 3039 sacro
1470 2971 1472 3012 t

122 3076 125 3083 '
195 3063 379 3134 nativitatis
397 3068 520 3132 Christi
548 3088 624 3133 esse
658 3051 784 3152 optavi,
816 3085 908 3149 spem
935 3075 1048 3148 tamen
1077 3084 1140 3128 non
1169 3065 1281 3144 habui,
1304 3078 1355 3122 me

195 3181 271 3236 aute
292 3174 398 3236 noctis
429 3172 567 3244 medium
591 3175 698 3256 'po'ss'e
726 3159 846 3234 habere
876 3171 1079 3253 ingressum,
1100 3171 1219 3250 sciens,
1249 3167 1354 3229 omnia
1471 3173 1472 3176 ’

195 3275 279 3337 ostia
300 3293 375 3336 esse
396 3285 520 3356 serata,
542 3294 653 3337 verum
676 3275 810 3336 silenter
831 3274 943 3336 cellam
968 3277 1073 3358 exivi,
1099 3283 1134 3336 et
1156 3265 1351 3355 capellatus.
1471 3311 1472 3326 ι

196 3375 334 3457 Nicolai,
355 3379 388 3437 in
411 3396 476 3459 qua
498 3378 614 3438 fratres
633 3379 729 3440 horas
751 3379 871 3461 dicunt,
887 3381 1059 3462 ingressus
1081 3380 1223 3447 sum..lu
1243 3373 1354 3460 eadem

196 3479 394 3562 capellaest
416 3480 562 3548 occultus
585 3483 734 3546 introitus
756 3503 814 3566 per
835 3477 984 3546 ostiolum
1002 3484 1036 3545 in
1056 3501 1189 3565 specum
1217 3497 1353 3561 sacrum,

139 3658 143 3665 Ι
196 3602 291 3667 quem
313 3585 462 3650 omnibns
486 3584 590 3648 modis
617 3587 734 3650 iratres
753 3587 915 3651 occultant
936 3598 1066 3670 propter
1101 3586 1299 3654 Sarracenos
1320 3591 1360 3653 ol

197 3687 369 3756 orientales
389 3687 612 3773 Christianos,
633 3693 688 3790 qni
710 3710 783 3762 eum
804 3712 868 3755 non
890 3702 1091 3790 paterentur,
1124 3700 1160 3755 nt
1181 3707 1279 3774 supra
1299 3689 1353 3752 iol.

113 3797 116 3806 ⁴
198 3790 270 3864 172
292 3789 381 3856 dixi.
411 3792 480 3858 Ad
486 3793 547 3858 hoe
569 3783 728 3860 ostiolum
740 3797 811 3860 sine
833 3815 894 3879 spe
917 3794 1044 3860 accessi
1073 3807 1211 3884 eumque
1228 3801 1354 3856 resera-
1431 3811 1433 3818 ·

196 3905 263 3963 tum
286 3897 389 3977 reperi
428 3907 553 3962 etcum
586 3917 703 3985 magno
726 3897 884 3982 gaudio
875 3918 1053 3982 ingressus·
1065 3918 1156 3983 sum,
1184 3899 1354 3982 penetrans
1416 3961 1418 3968 ,
1471 3915 1472 3926 *

172 4007 359 4082 petrosum
381 4005 565 4092 transitum,
588 4014 620 4067 et
639 4001 785 4072 ultimum
809 4005 925 4072 ostium
957 4007 1054 4074 etiam
1076 4015 1219 4088 apertum
1242 3999 1353 4084 reperi,

148 4131 153 4140 ·
197 4123 255 4192 per
281 4105 403 4190 quod
394 4128 425 4169 ιιι
460 4111 701 4182 sanctissimum
732 4127 866 4192 specum
894 4109 987 4190 veui,
1008 4099 1355 4201 ¹quemillt'unlna'ttum
1471 4113 1472 4118 ’

198 4210 308 4276 multis
326 4207 528 4295 lampadibus
550 4215 677 4298 inveni,
698 4219 730 4276 et
749 4214 811 4314 duo
834 4207 929 4296 ostia,
950 4233 1009 4297 per
1030 4200 1112 4296 quae
1133 4223 1183 4276 est
1203 4215 1355 4286 transitus

197 4322 229 4382 et
250 4332 406 4408 ascensus
433 4319 465 4380 hr
489 4318 676 4398 ecclesiam,
698 4316 830 4386 tirmiter
844 4317 962 4386 clauso
984 4319 1109 4399 repori—
1137 4316 1355 4384 considerans
