2948 4876
214 459 378 524 Salomoni
397 455 463 520 illio
486 471 547 518 suc
567 455 730 518 commisit
749 455 783 518 iu
804 453 918 518 eodem
936 453 1010 518 loco
1024 452 1197 534 aedificare
1218 447 1409 536 templum.

214 565 264 628 Dc
284 564 336 627 his
357 562 459 625 habos
478 560 512 625 2.
537 559 620 642 seg.
644 559 765 626 XXIV.
798 567 834 621 ct
857 559 885 622 l.
907 558 1042 643 paralip.
1062 560 1153 621 XXI.
1186 566 1223 620 et
1246 558 1408 620 manife-

213 673 299 736 stius
317 670 348 733 ᾖ
370 665 476 732 Paral.
499 666 556 729 ill.
797 689 801 697 ¹

298 772 364 837 Sed
385 771 439 833 hic
459 767 570 837 incidit
591 768 750 851 quaestio,
761 769 911 850 quamvis
928 777 1020 832 extra
1040 769 1239 852 propositam
1260 783 1405 849 evaga-

214 881 287 944 torii
317 875 434 958 nostri,
466 880 501 936 et
535 881 586 935 est
624 872 698 935 illa:
737 892 838 956 quara
866 874 1025 936 Dominus
1055 874 1161 936 locum
1193 872 1292 935 illum
1331 889 1403 935 non

215 981 400 1048 nominatim
424 980 602 1061 expressit,
635 986 687 1059 ut,
710 978 796 1040 aient
818 978 915 1041 dixit:
938 995 1056 1062 perges
1079 978 1120 1040 ad
1142 979 1267 1060 locum,
1295 995 1402 1060 quem

214 1089 373 1153 Dominus
392 1084 537 1166 elegerit,
551 1091 584 1144 et
604 1081 649 1144 ibi
670 1079 805 1166 offeres3
828 1083 980 1146 dixisset:
1010 1101 1128 1168 perges
1148 1084 1182 1144 in
1200 1081 1400 1143 Jerusalem

216 1192 258 1257 ad
280 1197 418 1254 montem
439 1187 558 1267 Moria,
577 1205 672 1269 quern
699 1187 798 1269 elegit
817 1186 860 1250 ad
880 1188 1048 1251 sacrificia
1091 1186 1308 1270 Respondes,
1334 1188 1400 1250 hoe

217 1297 336 1360 sactum
361 1300 412 1352 est
434 1299 563 1374 propter
584 1293 655 1354 tria.
699 1291 825 1374 Primo,
857 1303 1036 1376 negantes
1058 1295 1308 1375 approp'riarcnt
1332 1292 1398 1354 sibi
1457 1267 1459 1426 Ι

217 1402 331 1463 locum.
355 1396 439 1457 Nam
462 1396 492 1458 si
513 1394 632 1457 luisset
653 1395 794 1458 auditum
818 1397 857 1468 iu
867 1397 1020 1480 gentibus
1041 1415 1158 1459 nornen
1179 1396 1256 1477 loci,
1278 1397 1397 1458 statim
1458 1427 1459 1452 r

217 1505 261 1568 ibi
288 1499 460 1581 tempiset
484 1498 561 1560 loun
589 1501 865 1584 construxissent,
895 1518 956 1564 nec
974 1500 1122 1582 dubium,
1142 1501 1172 1562 si
1200 1500 1396 1562 Jebusaeus
1456 1551 1459 1606 ,

218 1624 324 1671 arcam
346 1621 438 1665 suam
460 1603 613 1665 scivisset
637 1622 711 1667 esse
733 1604 902 1669 aDomiuc
924 1605 1007 1669 coeli
1029 1605 1216 1669 nominatim
1238 1603 1395 1686 electam,
1457 1615 1459 1682 ζ

218 1732 289 1776 eam
312 1708 494 1771 nullatenus
515 1706 578 1790 ipsi
601 1707 706 1771 David
726 1708 947 1794 vendidisset,
969 1712 1024 1773 vel
1045 1689 1074 1773 si
1095 1709 1237 1773 vendere
1259 1708 1395 1771 voluis-
1455 1727 1459 1804 p

218 1824 281 1900 set,
300 1833 364 1878 non
385 1813 450 1875 uisi
471 1830 528 1894 pro
549 1813 690 1875 maxima
710 1815 780 1875 anri
800 1830 925 1876 summa
945 1833 1017 1877 earn
1039 1815 1195 1884 dedisset.
1220 1812 1393 1895 Secundo,
1458 1808 1459 1888 l

218 1941 261 1985 ue
281 1928 398 2004 gentes
428 1914 615 1979 incredulae
637 1926 669 1978 et
689 1916 837 1980 infideles
868 1917 971 1982 locum
998 1921 1085 1982 hunc
1113 1919 1217 2002 magis
1237 1915 1395 1978 dehone-

219 2036 342 2092 starent
380 2033 413 2086 ct
454 2022 487 2084 iu
518 2023 584 2083 Dei
617 2029 814 2085 contemtum
846 2022 1023 2086 foedarent.
1077 2025 1203 2106 Tertio,
1236 2029 1270 2084 et
1306 2021 1392 2083 ratio

219 2133 347 2214 melior,
375 2149 418 2191 ue
445 2126 504 2190 filii
534 2127 635 2189 Israel
667 2146 726 2209 pro
764 2127 836 2190 loco
866 2128 922 2190 illo
954 2125 1117 2191 certarent
1156 2137 1189 2190 et
1223 2125 1392 2209 quaelibet

220 2242 321 2302 tribus
344 2240 514 2298 conaretur
535 2240 653 2294 sortem
675 2231 795 2293 habere
814 2232 848 2292 in
870 2233 1007 2295 termino
1039 2233 1126 2298 illius
1148 2231 1210 2294 loci
1232 2237 1267 2293 et
1289 2249 1391 2313 prop-

220 2352 271 2405 ter
288 2341 351 2403 hoc
372 2337 593 2399 contentiones
616 2337 761 2406 facerent
782 2336 814 2397 iu
838 2343 944 2398 terrae
967 2336 1135 2400 divisione.
1164 2333 1270 2398 Josua
1291 2336 1390 2416 enim,

221 2444 407 2507 distributor
425 2447 532 2503 terrae
553 2450 704 2522 sauctae,
727 2443 757 2502 si
779 2441 884 2505 locum
905 2441 1043 2532 electum
1066 2441 1238 2523 scivisset,
1261 2457 1390 2522 nequa-

222 2564 316 2633 qnam
338 2545 580 2628 possessionem
598 2547 632 2605 in
654 2553 763 2608 monte
775 2547 928 2628 Ephraim
951 2545 1143 2628 accepisset,
1165 2545 1224 2608 sed
1246 2553 1390 2607 montem

222 2653 330 2736 Syon,
361 2648 414 2710 cni
445 2645 599 2717 adhaeret
634 2669 727 2712 mous
762 2651 889 2734 templi,
924 2671 982 2733 pro
1016 2669 1054 2714 se
1085 2650 1253 2732 elegisset.
1294 2648 1338 2709 lit
1358 2647 1389 2711 si

222 2758 292 2822 snis
312 2752 508 2836 temporibus
527 2761 655 2815 cautum
677 2754 766 2816 illum
782 2754 965 2818 audivisset
986 2755 1235 2837 psalmistioum:
1254 2752 1389 2834 Repulit

221 2862 378 2926 Dominus
396 2858 635 2922 tabernaculum
647 2857 750 2940 Sylon
773 2866 805 2920 et
825 2861 941 2936 tribum
951 2860 1104 2942 Ephraim
1126 2875 1190 2921 non
1209 2857 1317 2940 clegit,
1329 2855 1388 2920 scd

223 2969 319 3052 elegit
331 2968 444 3030 tribum
452 2963 549 3044 Juda,
559 2972 695 3025 montem
706 2961 808 3045 Syon,
816 2983 910 3047 quem
921 2964 1045 3045 dilexit,
1058 2983 1122 3026 nou
1132 2967 1243 3044 utique
1254 2963 1389 3025 iecisset

222 3084 346 3157 partem
355 3091 447 3136 snam
462 3069 650 3133 deteriorem
664 3067 823 3151 eligendo,
837 3087 931 3152 quem
940 3068 1096 3131 Dominus
1111 3066 1235 3151 repulit.
1257 3065 1295 3128 Si
1310 3084 1389 3148 ergo

224 3174 315 3241 locus
339 3192 514 3259 expressus
535 3175 664 3237 nomine
685 3173 801 3235 fnisset
812 3218 822 3256 ,
855 3173 1065 3264 intolerabilis
1087 3173 1250 3236 contentio
1270 3171 1305 3231 in
1326 3171 1388 3234 tri·

223 3282 328 3343 bubus
350 3284 464 3340 exorta
485 3276 619 3359 fuisset,
642 3286 676 3339 et
696 3279 726 3340 si
746 3297 811 3340 non
832 3297 890 3360 pro
912 3277 993 3359 loco,
1014 3286 1121 3340 tannen
1143 3293 1200 3358 pro
1220 3273 1389 3336 vicinitate

224 3382 303 3462 loci,
325 3382 410 3444 sicut
439 3379 602 3461 videmus,
624 3381 709 3463 quod
736 3383 884 3445 homines
912 3382 1067 3444 libentius
1090 3388 1251 3444 morantur
1270 3377 1306 3442 iu
1326 3376 1387 3442 do-

225 3487 330 3547 mibus
351 3502 451 3566 prope
473 3483 662 3568 eeclesiam,
694 3495 730 3547 ut
751 3488 823 3549 sine
853 3486 962 3549 labore
983 3494 1016 3549 et
1042 3486 1233 3568 fatigatione
1253 3483 1295 3546 ad
1315 3501 1385 3546 eam

224 3595 401 3650 transeant.
452 3588 526 3650 Nec
566 3590 667 3653 tribus
709 3589 842 3673 Rubcu,
878 3590 953 3654 Gad
997 3600 1030 3654 et
1058 3590 1189 3653 dimidia
1224 3589 1385 3651 Hanania

225 3691 403 3773 elegissent
423 3696 667 3775 possessionem
690 3706 782 3756 trans
802 3695 988 3779 Jordanem,
1010 3699 1039 3759 si
1061 3695 1245 3758 distantiam
1266 3699 1385 3756 tantam

225 3799 310 3860 inter
334 3815 373 3860 se
394 3805 427 3860 et
454 3799 605 3882 templum
644 3797 879 3863 aedificandum
918 3800 1102 3863 scivissent.
1145 3800 1188 3861 Dt
1221 3797 1294 3861 ideo
1322 3814 1385 3859 uon

226 3901 288 3964 luit
309 3901 401 3967 locus
422 3904 680 3986 demonstratus,
702 3921 765 3966 nec
792 3905 946 3988 ternplum
970 3905 1189 3986 aedificatum,
1221 3919 1385 3986 quousque
1456 3915 1457 3946 ³

225 4015 315 4070 esset
335 4027 393 4070 rex
414 4019 547 4093 potens,
569 4011 624 4090 qui
645 4018 757 4090 posset
778 4009 883 4092 litigia
904 4028 1128 4093 composcere,
1150 4017 1182 4070 et
1203 4005 1384 4070 remotiores

225 4110 267 4174 ad
287 4113 503 4177 visitationem
527 4112 639 4192 templi
660 4114 854 4196 compellere
874 4122 937 4178 etc.
984 4114 1082 4178 Aliud
1108 4113 1239 4176 dubium
1260 4109 1384 4174 incidit:

225 4236 325 4298 quara
353 4218 387 4286 in
409 4215 524 4279 Veteri
541 4215 750 4280 'l'cstanrcnto
783 4236 847 4281 noo
882 4219 942 4282 luit
982 4221 1045 4282 nisi
1065 4218 1120 4282 ille
1150 4219 1266 4282 unicus
1298 4213 1383 4278 locus

225 4319 416 4402 designatus
434 4339 493 4404 pro
514 4315 633 4400 templo
655 4330 687 4383 et
705 4325 891 4406 sacrificiis,
905 4330 940 4387 et
960 4326 995 4387 in
1007 4323 1104 4388 Novo
1116 4325 1151 4386 iu
1171 4321 1258 4385 omui
1272 4317 1383 4403 angulo
