<?xml version="1.0" encoding="UTF-8"?>
<!DOCTYPE html PUBLIC "-//W3C//DTD XHTML 1.0 Transitional//EN"
    "http://www.w3.org/TR/xhtml1/DTD/xhtml1-transitional.dtd">
<html xmlns="http://www.w3.org/1999/xhtml" xml:lang="en" lang="en">
 <head>
  <title>
</title>
<meta http-equiv="Content-Type" content="text/html;charset=utf-8" />
  <meta name='ocr-system' content='tesseract 3.04.00' />
  <meta name='ocr-capabilities' content='ocr_page ocr_carea ocr_par ocr_line ocrx_word'/>
</head>
<body>
  <div class='ocr_page' id='page_1' title='image "./fratrisfelicisf02fabrgoog_0399.png"; bbox 0 0 2842 4882; ppageno 0'>
   <div class='ocr_carea' id='block_1_1' title="bbox 160 443 1351 3045">
    <p class='ocr_par' dir='ltr' id='par_1_1' title="bbox 160 443 1351 1054">
     <span class='ocr_line' id='line_1_1' title="bbox 160 443 1351 530; baseline -0.001 -19"><span class='ocrx_word' id='word_1_1' title='bbox 160 445 250 512; x_wconf 90' lang='lat' dir='ltr'><strong>nulio</strong></span> <span class='ocrx_word' id='word_1_2' title='bbox 270 444 366 510; x_wconf 85' lang='lat' dir='ltr'><strong>ruodo</strong></span> <span class='ocrx_word' id='word_1_3' title='bbox 384 443 590 530; x_wconf 75' lang='lat' dir='ltr'><strong>progreditur</strong></span> <span class='ocrx_word' id='word_1_4' title='bbox 609 445 755 510; x_wconf 74' lang='lat' dir='ltr'><strong>eumelus</strong></span> <span class='ocrx_word' id='word_1_5' title='bbox 775 453 808 510; x_wconf 87' lang='lat' dir='ltr'><strong>et</strong></span> <span class='ocrx_word' id='word_1_6' title='bbox 832 453 899 510; x_wconf 77' lang='lat' dir='ltr'><strong>stet</strong></span> <span class='ocrx_word' id='word_1_7' title='bbox 934 453 969 509; x_wconf 89' lang='lat' dir='ltr'><strong>et</strong></span> <span class='ocrx_word' id='word_1_8' title='bbox 987 444 1196 530; x_wconf 79' lang='lat' dir='ltr'><strong>indignenter</strong></span> <span class='ocrx_word' id='word_1_9' title='bbox 1215 447 1351 530; x_wconf 77' lang='lat' dir='ltr'><strong>aspiuit</strong></span> 
     </span>
     <span class='ocr_line' id='line_1_2' title="bbox 161 548 1351 636; baseline 0 -22"><span class='ocrx_word' id='word_1_10' title='bbox 161 569 224 614; x_wconf 85' lang='lat' dir='ltr'><strong>nee</strong></span> <span class='ocrx_word' id='word_1_11' title='bbox 244 549 405 634; x_wconf 70' lang='lat' dir='ltr'><strong>prowdit,</strong></span> <span class='ocrx_word' id='word_1_12' title='bbox 430 554 494 616; x_wconf 83' lang='lat' dir='ltr'><strong>uisi</strong></span> <span class='ocrx_word' id='word_1_13' title='bbox 515 559 592 636; x_wconf 87' lang='lat' dir='ltr'><strong>post</strong></span> <span class='ocrx_word' id='word_1_14' title='bbox 622 569 661 614; x_wconf 84' lang='lat' dir='ltr'><strong>se</strong></span> <span class='ocrx_word' id='word_1_15' title='bbox 688 549 869 614; x_wconf 71' lang='lat' dir='ltr'><strong>reducetur.</strong></span> <span class='ocrx_word' id='word_1_16' title='bbox 911 548 980 613; x_wconf 80' lang='lat' dir='ltr'><strong>Sed</strong></span> <span class='ocrx_word' id='word_1_17' title='bbox 1000 551 1077 633; x_wconf 82' lang='lat' dir='ltr'><strong>quie</strong></span> <span class='ocrx_word' id='word_1_18' title='bbox 1095 551 1266 614; x_wconf 71' lang='lat' dir='ltr'><strong>asinorum</strong></span> <span class='ocrx_word' id='word_1_19' title='bbox 1289 553 1351 614; x_wconf 90' lang='lat' dir='ltr'><strong>iu-</strong></span> 
     </span>
     <span class='ocr_line' id='line_1_3' title="bbox 162 655 1349 740; baseline -0.001 -20"><span class='ocrx_word' id='word_1_20' title='bbox 162 672 281 720; x_wconf 68' lang='lat' dir='ltr'><strong>eeuus</strong></span> <span class='ocrx_word' id='word_1_21' title='bbox 301 655 446 720; x_wconf 88' lang='lat' dir='ltr'><strong>velooior</strong></span> <span class='ocrx_word' id='word_1_22' title='bbox 463 665 514 720; x_wconf 83' lang='lat' dir='ltr'><strong>est</strong></span> <span class='ocrx_word' id='word_1_23' title='bbox 535 657 742 739; x_wconf 83' lang='lat' dir='ltr'><strong>eeneiorum,</strong></span> <span class='ocrx_word' id='word_1_24' title='bbox 764 655 893 740; x_wconf 74' lang='lat' dir='ltr'><strong>quaudo</strong></span> <span class='ocrx_word' id='word_1_25' title='bbox 914 655 1043 738; x_wconf 78' lang='lat' dir='ltr'><strong>longius</strong></span> <span class='ocrx_word' id='word_1_26' title='bbox 1063 655 1349 738; x_wconf 78' lang='lat' dir='ltr'><strong>progrediendum</strong></span> 
     </span>
     <span class='ocr_line' id='line_1_4' title="bbox 162 760 1350 846; baseline 0 -22"><span class='ocrx_word' id='word_1_27' title='bbox 162 769 214 824; x_wconf 82' lang='lat' dir='ltr'><strong>ent</strong></span> <span class='ocrx_word' id='word_1_28' title='bbox 234 770 267 824; x_wconf 90' lang='lat' dir='ltr'><strong>et</strong></span> <span class='ocrx_word' id='word_1_29' title='bbox 287 761 518 846; x_wconf 70' lang='lat' dir='ltr'><strong>festinantius,</strong></span> <span class='ocrx_word' id='word_1_30' title='bbox 535 767 614 824; x_wconf 89' lang='lat' dir='ltr'><strong>tuno</strong></span> <span class='ocrx_word' id='word_1_31' title='bbox 639 761 727 826; x_wconf 80' lang='lat' dir='ltr'><strong>iunio</strong></span> <span class='ocrx_word' id='word_1_32' title='bbox 754 761 869 824; x_wconf 76' lang='lat' dir='ltr'><strong>ermeli</strong></span> <span class='ocrx_word' id='word_1_33' title='bbox 895 760 979 824; x_wconf 86' lang='lat' dir='ltr'><strong>notio</strong></span> <span class='ocrx_word' id='word_1_34' title='bbox 1003 760 1154 844; x_wconf 78' lang='lat' dir='ltr'><strong>nitigetur</strong></span> <span class='ocrx_word' id='word_1_35' title='bbox 1173 763 1264 824; x_wconf 78' lang='lat' dir='ltr'><strong>esini</strong></span> <span class='ocrx_word' id='word_1_36' title='bbox 1271 807 1282 844; x_wconf 90' lang='lat'>,</span> <span class='ocrx_word' id='word_1_37' title='bbox 1309 769 1350 824; x_wconf 86' lang='lat' dir='ltr'><strong>ut</strong></span> 
     </span>
     <span class='ocr_line' id='line_1_5' title="bbox 160 864 1348 950; baseline -0.001 -20"><span class='ocrx_word' id='word_1_38' title='bbox 160 864 377 930; x_wconf 77' lang='lat' dir='ltr'><strong>nuteoedente</strong></span> <span class='ocrx_word' id='word_1_39' title='bbox 399 865 492 930; x_wconf 81' lang='lat' dir='ltr'><strong>esino</strong></span> <span class='ocrx_word' id='word_1_40' title='bbox 517 864 662 930; x_wconf 78' lang='lat' dir='ltr'><strong>eruetur</strong></span> <span class='ocrx_word' id='word_1_41' title='bbox 682 867 775 930; x_wconf 80' lang='lat' dir='ltr'><strong>ooiur</strong></span> <span class='ocrx_word' id='word_1_42' title='bbox 794 874 966 950; x_wconf 71' lang='lat' dir='ltr'><strong>sequtur,</strong></span> <span class='ocrx_word' id='word_1_43' title='bbox 994 874 1031 928; x_wconf 91' lang='lat' dir='ltr'><strong>ut</strong></span> <span class='ocrx_word' id='word_1_44' title='bbox 1061 865 1221 930; x_wconf 87' lang='lat' dir='ltr'><strong>dieitur&#39;</strong></span> <span class='ocrx_word' id='word_1_45' title='bbox 1210 883 1248 929; x_wconf 91' lang='grc' dir='ltr'><strong>ιιι</strong></span> <span class='ocrx_word' id='word_1_46' title='bbox 1268 867 1348 929; x_wconf 68' lang='lat' dir='ltr'><strong>ise-</strong></span> 
     </span>
     <span class='ocr_line' id='line_1_6' title="bbox 160 970 578 1054; baseline 0 -21"><span class='ocrx_word' id='word_1_47' title='bbox 160 970 271 1054; x_wconf 73' lang='lat' dir='ltr'><strong>geude</strong></span> <span class='ocrx_word' id='word_1_48' title='bbox 289 971 375 1034; x_wconf 80' lang='lat' dir='ltr'><strong>besti</strong></span> <span class='ocrx_word' id='word_1_49' title='bbox 394 970 578 1054; x_wconf 81' lang='lat' dir='ltr'><strong>Jerouynri.</strong></span> 
     </span>
    </p>

    <p class='ocr_par' dir='ltr' id='par_1_2' title="bbox 160 1071 1344 1786">
     <span class='ocr_line' id='line_1_7' title="bbox 243 1071 1344 1158; baseline 0.001 -20"><span class='ocrx_word' id='word_1_50' title='bbox 243 1075 330 1138; x_wconf 82' lang='lat' dir='ltr'><strong>lium</strong></span> <span class='ocrx_word' id='word_1_51' title='bbox 352 1083 459 1138; x_wconf 80' lang='lat' dir='ltr'><strong>eurem</strong></span> <span class='ocrx_word' id='word_1_52' title='bbox 480 1071 625 1136; x_wconf 79' lang='lat' dir='ltr'><strong>eumelus</strong></span> <span class='ocrx_word' id='word_1_53' title='bbox 646 1074 774 1138; x_wconf 74' lang='lat' dir='ltr'><strong>onerari</strong></span> <span class='ocrx_word' id='word_1_54' title='bbox 794 1071 902 1157; x_wconf 83' lang='lat' dir='ltr'><strong>debet,</strong></span> <span class='ocrx_word' id='word_1_55' title='bbox 923 1073 1086 1158; x_wconf 76' lang='lat' dir='ltr'><strong>pontoium</strong></span> <span class='ocrx_word' id='word_1_56' title='bbox 1107 1091 1207 1158; x_wconf 85' lang='lat' dir='ltr'><strong>super</strong></span> <span class='ocrx_word' id='word_1_57' title='bbox 1226 1094 1344 1158; x_wconf 78' lang='lat' dir='ltr'><strong>genno</strong></span> 
     </span>
     <span class='ocr_line' id='line_1_8' title="bbox 162 1173 1343 1264; baseline 0 -21"><span class='ocrx_word' id='word_1_58' title='bbox 162 1180 385 1264; x_wconf 86' lang='lat' dir='ltr'><strong>perentiuntur</strong></span> <span class='ocrx_word' id='word_1_59' title='bbox 417 1186 451 1240; x_wconf 90' lang='lat' dir='ltr'><strong>et</strong></span> <span class='ocrx_word' id='word_1_60' title='bbox 479 1177 588 1248; x_wconf 75' lang='lat' dir='ltr'><strong>stetim</strong></span> <span class='ocrx_word' id='word_1_61' title='bbox 610 1173 651 1240; x_wconf 81' lang='lat' dir='ltr'><strong>nd</strong></span> <span class='ocrx_word' id='word_1_62' title='bbox 673 1197 773 1242; x_wconf 80' lang='lat' dir='ltr'><strong>onere</strong></span> <span class='ocrx_word' id='word_1_63' title='bbox 802 1177 898 1242; x_wconf 81' lang='lat' dir='ltr'><strong>flexis</strong></span> <span class='ocrx_word' id='word_1_64' title='bbox 925 1180 1107 1243; x_wconf 71' lang='lat' dir='ltr'><strong>corvinius</strong></span> <span class='ocrx_word' id='word_1_65' title='bbox 1140 1180 1343 1244; x_wconf 72' lang='lat' dir='ltr'><strong>inclinamur</strong></span> 
     </span>
     <span class='ocr_line' id='line_1_9' title="bbox 160 1282 1340 1368; baseline 0.001 -20"><span class='ocrx_word' id='word_1_66' title='bbox 160 1282 217 1348; x_wconf 83' lang='lat' dir='ltr'><strong>vei</strong></span> <span class='ocrx_word' id='word_1_67' title='bbox 237 1282 269 1346; x_wconf 87' lang='lat' dir='ltr'><strong>si</strong></span> <span class='ocrx_word' id='word_1_68' title='bbox 288 1283 383 1347; x_wconf 84' lang='lat' dir='ltr'><strong>honre</strong></span> <span class='ocrx_word' id='word_1_69' title='bbox 399 1299 527 1346; x_wconf 75' lang='lat' dir='ltr'><strong>menum</strong></span> <span class='ocrx_word' id='word_1_70' title='bbox 548 1299 647 1366; x_wconf 85' lang='lat' dir='ltr'><strong>super</strong></span> <span class='ocrx_word' id='word_1_71' title='bbox 660 1282 779 1347; x_wconf 86' lang='lat' dir='ltr'><strong>ooilurn</strong></span> <span class='ocrx_word' id='word_1_72' title='bbox 795 1284 924 1362; x_wconf 80' lang='lat' dir='ltr'><strong>bestiee</strong></span> <span class='ocrx_word' id='word_1_73' title='bbox 943 1286 1034 1368; x_wconf 84' lang='lat' dir='ltr'><strong>ponit</strong></span> <span class='ocrx_word' id='word_1_74' title='bbox 1054 1285 1227 1348; x_wconf 79' lang='lat' dir='ltr'><strong>etsibiiurn</strong></span> <span class='ocrx_word' id='word_1_75' title='bbox 1248 1287 1340 1368; x_wconf 77' lang='lat' dir='ltr'><strong>feeit,</strong></span> 
     </span>
     <span class='ocr_line' id='line_1_10' title="bbox 161 1387 1340 1473; baseline 0.002 -21"><span class='ocrx_word' id='word_1_76' title='bbox 161 1394 351 1452; x_wconf 71' lang='lat' dir='ltr'><strong>recurvatur</strong></span> <span class='ocrx_word' id='word_1_77' title='bbox 371 1387 405 1450; x_wconf 93' lang='lat' dir='ltr'><strong>in</strong></span> <span class='ocrx_word' id='word_1_78' title='bbox 426 1395 559 1471; x_wconf 79' lang='lat' dir='ltr'><strong>terrene,</strong></span> <span class='ocrx_word' id='word_1_79' title='bbox 584 1396 621 1450; x_wconf 90' lang='lat' dir='ltr'><strong>nt</strong></span> <span class='ocrx_word' id='word_1_80' title='bbox 649 1397 809 1473; x_wconf 88' lang='lat' dir='ltr'><strong>oneretur,</strong></span> <span class='ocrx_word' id='word_1_81' title='bbox 830 1397 865 1452; x_wconf 93' lang='lat' dir='ltr'><strong>et</strong></span> <span class='ocrx_word' id='word_1_82' title='bbox 885 1390 1028 1453; x_wconf 66' lang='lat' dir='ltr'><strong>totaliter</strong></span> <span class='ocrx_word' id='word_1_83' title='bbox 1046 1407 1085 1452; x_wconf 86' lang='lat' dir='ltr'><strong>se</strong></span> <span class='ocrx_word' id='word_1_84' title='bbox 1104 1392 1284 1471; x_wconf 76' lang='lat' dir='ltr'><strong>prosternit</strong></span> <span class='ocrx_word' id='word_1_85' title='bbox 1305 1401 1340 1454; x_wconf 90' lang='lat' dir='ltr'><strong>et</strong></span> 
     </span>
     <span class='ocr_line' id='line_1_11' title="bbox 161 1478 1340 1577; baseline 0 -19"><span class='ocrx_word' id='word_1_86' title='bbox 161 1510 262 1558; x_wconf 81' lang='lat' dir='ltr'><strong>onere</strong></span> <span class='ocrx_word' id='word_1_87' title='bbox 279 1495 398 1576; x_wconf 79' lang='lat' dir='ltr'><strong>grente</strong></span> <span class='ocrx_word' id='word_1_88' title='bbox 418 1493 483 1556; x_wconf 81' lang='lat' dir='ltr'><strong>sibi</strong></span> <span class='ocrx_word' id='word_1_89' title='bbox 502 1493 623 1576; x_wconf 85' lang='lat' dir='ltr'><strong>imponi</strong></span> <span class='ocrx_word' id='word_1_90' title='bbox 636 1478 808 1576; x_wconf 82' lang='lat' dir='ltr'><strong>permittit,</strong></span> <span class='ocrx_word' id='word_1_91' title='bbox 828 1512 891 1557; x_wconf 88' lang='lat' dir='ltr'><strong>nee</strong></span> <span class='ocrx_word' id='word_1_92' title='bbox 910 1512 1029 1577; x_wconf 86' lang='lat' dir='ltr'><strong>eorpus</strong></span> <span class='ocrx_word' id='word_1_93' title='bbox 1049 1501 1166 1576; x_wconf 79' lang='lat' dir='ltr'><strong>movet,</strong></span> <span class='ocrx_word' id='word_1_94' title='bbox 1194 1495 1257 1558; x_wconf 90' lang='lat' dir='ltr'><strong>sed</strong></span> <span class='ocrx_word' id='word_1_95' title='bbox 1278 1515 1340 1558; x_wconf 81' lang='lat' dir='ltr'><strong>en-</strong></span> 
     </span>
     <span class='ocr_line' id='line_1_12' title="bbox 160 1587 1339 1684; baseline 0 -20"><span class='ocrx_word' id='word_1_96' title='bbox 160 1587 219 1684; x_wconf 75' lang='lat' dir='ltr'><strong>pui</strong></span> <span class='ocrx_word' id='word_1_97' title='bbox 239 1617 313 1664; x_wconf 85' lang='lat' dir='ltr'><strong>oure</strong></span> <span class='ocrx_word' id='word_1_98' title='bbox 344 1595 483 1669; x_wconf 73' lang='lat' dir='ltr'><strong>stridore</strong></span> <span class='ocrx_word' id='word_1_99' title='bbox 502 1596 617 1680; x_wconf 77' lang='lat' dir='ltr'><strong>grrndi</strong></span> <span class='ocrx_word' id='word_1_100' title='bbox 639 1599 757 1680; x_wconf 73' lang='lat' dir='ltr'><strong>agitet,</strong></span> <span class='ocrx_word' id='word_1_101' title='bbox 786 1598 863 1662; x_wconf 85' lang='lat' dir='ltr'><strong>duur</strong></span> <span class='ocrx_word' id='word_1_102' title='bbox 889 1617 929 1662; x_wconf 89' lang='lat' dir='ltr'><strong>se</strong></span> <span class='ocrx_word' id='word_1_103' title='bbox 957 1599 1089 1682; x_wconf 82' lang='lat' dir='ltr'><strong>grevun&#39;</strong></span> <span class='ocrx_word' id='word_1_104' title='bbox 1107 1601 1217 1662; x_wconf 84' lang='lat' dir='ltr'><strong>sentit.</strong></span> <span class='ocrx_word' id='word_1_105' title='bbox 1263 1602 1339 1664; x_wconf 77' lang='lat' dir='ltr'><strong>fluo</strong></span> 
     </span>
     <span class='ocr_line' id='line_1_13' title="bbox 161 1701 975 1786; baseline -0.002 -18"><span class='ocrx_word' id='word_1_106' title='bbox 161 1703 284 1768; x_wconf 73' lang='lat' dir='ltr'><strong>tudun</strong></span> <span class='ocrx_word' id='word_1_107' title='bbox 305 1703 447 1768; x_wconf 85' lang='lat' dir='ltr'><strong>minores</strong></span> <span class='ocrx_word' id='word_1_108' title='bbox 469 1701 595 1785; x_wconf 81' lang='lat' dir='ltr'><strong>eeneii,</strong></span> <span class='ocrx_word' id='word_1_109' title='bbox 616 1701 677 1764; x_wconf 85' lang='lat' dir='ltr'><strong>sed</strong></span> <span class='ocrx_word' id='word_1_110' title='bbox 698 1720 762 1766; x_wconf 91' lang='lat' dir='ltr'><strong>uon</strong></span> <span class='ocrx_word' id='word_1_111' title='bbox 782 1705 975 1786; x_wconf 79' lang='lat' dir='ltr'><strong>grossiores.</strong></span> 
     </span>
    </p>

    <p class='ocr_par' dir='ltr' id='par_1_3' title="bbox 161 1806 1339 2939">
     <span class='ocr_line' id='line_1_14' title="bbox 243 1806 1337 1890; baseline -0.001 -20"><span class='ocrx_word' id='word_1_112' title='bbox 243 1808 328 1870; x_wconf 85' lang='lat' dir='ltr'><strong>Dum</strong></span> <span class='ocrx_word' id='word_1_113' title='bbox 352 1807 444 1870; x_wconf 72' lang='lat' dir='ltr'><strong>uuiti</strong></span> <span class='ocrx_word' id='word_1_114' title='bbox 475 1807 590 1870; x_wconf 73' lang='lat' dir='ltr'><strong>ermeli</strong></span> <span class='ocrx_word' id='word_1_115' title='bbox 616 1807 713 1872; x_wconf 78' lang='lat' dir='ltr'><strong>siurul</strong></span> <span class='ocrx_word' id='word_1_116' title='bbox 734 1817 925 1890; x_wconf 79' lang='lat' dir='ltr'><strong>onerentur,</strong></span> <span class='ocrx_word' id='word_1_117' title='bbox 945 1809 997 1873; x_wconf 83' lang='lat' dir='ltr'><strong>fit.</strong></span> <span class='ocrx_word' id='word_1_118' title='bbox 1014 1806 1174 1882; x_wconf 79' lang='lat' dir='ltr'><strong>horribilis</strong></span> <span class='ocrx_word' id='word_1_119' title='bbox 1197 1807 1337 1889; x_wconf 81' lang='lat' dir='ltr'><strong>rugitus,</strong></span> 
     </span>
     <span class='ocr_line' id='line_1_15' title="bbox 161 1907 1337 2000; baseline -0.003 -24"><span class='ocrx_word' id='word_1_120' title='bbox 161 1915 218 2000; x_wconf 86' lang='lat' dir='ltr'><strong>qui</strong></span> <span class='ocrx_word' id='word_1_121' title='bbox 239 1907 365 1976; x_wconf 83' lang='lat' dir='ltr'><strong>eminus</strong></span> <span class='ocrx_word' id='word_1_122' title='bbox 386 1909 514 1974; x_wconf 74' lang='lat' dir='ltr'><strong>auditur</strong></span> <span class='ocrx_word' id='word_1_123' title='bbox 533 1929 592 1994; x_wconf 89' lang='lat' dir='ltr'><strong>per</strong></span> <span class='ocrx_word' id='word_1_124' title='bbox 618 1911 780 1976; x_wconf 88' lang='lat' dir='ltr'><strong>desertum</strong></span> <span class='ocrx_word' id='word_1_125' title='bbox 807 1914 964 1977; x_wconf 83' lang='lat' dir='ltr'><strong>uentibus.</strong></span> <span class='ocrx_word' id='word_1_126' title='bbox 1009 1911 1117 1976; x_wconf 80' lang='lat' dir='ltr'><strong>Onera</strong></span> <span class='ocrx_word' id='word_1_127' title='bbox 1140 1920 1252 1975; x_wconf 84' lang='lat' dir='ltr'><strong>eutem</strong></span> <span class='ocrx_word' id='word_1_128' title='bbox 1274 1913 1337 1974; x_wconf 86' lang='lat' dir='ltr'><strong>iur-</strong></span> 
     </span>
     <span class='ocr_line' id='line_1_16' title="bbox 161 2017 1338 2102; baseline 0 -22"><span class='ocrx_word' id='word_1_129' title='bbox 161 2017 269 2102; x_wconf 86' lang='lat' dir='ltr'><strong>pusitn</strong></span> <span class='ocrx_word' id='word_1_130' title='bbox 300 2035 365 2080; x_wconf 89' lang='lat' dir='ltr'><strong>nou</strong></span> <span class='ocrx_word' id='word_1_131' title='bbox 397 2017 537 2100; x_wconf 83' lang='lat' dir='ltr'><strong>ligentur</strong></span> <span class='ocrx_word' id='word_1_132' title='bbox 567 2033 667 2100; x_wconf 86' lang='lat' dir='ltr'><strong>super</strong></span> <span class='ocrx_word' id='word_1_133' title='bbox 696 2017 828 2082; x_wconf 82' lang='lat' dir='ltr'><strong>dorsum</strong></span> <span class='ocrx_word' id='word_1_134' title='bbox 856 2018 973 2081; x_wconf 77' lang='lat' dir='ltr'><strong>nemeti</strong></span> <span class='ocrx_word' id='word_1_135' title='bbox 1000 2037 1060 2102; x_wconf 90' lang='lat' dir='ltr'><strong>per</strong></span> <span class='ocrx_word' id='word_1_136' title='bbox 1087 2026 1253 2099; x_wconf 87' lang='lat' dir='ltr'><strong>ventrem,</strong></span> <span class='ocrx_word' id='word_1_137' title='bbox 1276 2035 1338 2080; x_wconf 85' lang='lat' dir='ltr'><strong>nee</strong></span> 
     </span>
     <span class='ocr_line' id='line_1_17' title="bbox 161 2113 1337 2206; baseline 0.001 -22"><span class='ocrx_word' id='word_1_138' title='bbox 161 2121 264 2185; x_wconf 77' lang='lat' dir='ltr'><strong>sellae</strong></span> <span class='ocrx_word' id='word_1_139' title='bbox 285 2139 394 2186; x_wconf 88' lang='lat' dir='ltr'><strong>eurum</strong></span> <span class='ocrx_word' id='word_1_140' title='bbox 411 2113 532 2204; x_wconf 79' lang='lat' dir='ltr'><strong>ligeteo</strong></span> <span class='ocrx_word' id='word_1_141' title='bbox 552 2123 727 2186; x_wconf 75' lang='lat' dir='ltr'><strong>suntsie&#39;ut</strong></span> <span class='ocrx_word' id='word_1_142' title='bbox 738 2121 840 2194; x_wconf 80' lang='lat' dir='ltr'><strong>soline</strong></span> <span class='ocrx_word' id='word_1_143' title='bbox 860 2141 1022 2205; x_wconf 58' lang='lat' dir='ltr'><strong>equorum,</strong></span> <span class='ocrx_word' id='word_1_144' title='bbox 1035 2131 1069 2186; x_wconf 92' lang='lat' dir='ltr'><strong>et</strong></span> <span class='ocrx_word' id='word_1_145' title='bbox 1088 2123 1265 2206; x_wconf 75' lang='lat' dir='ltr'><strong>asinorum,</strong></span> <span class='ocrx_word' id='word_1_146' title='bbox 1278 2121 1337 2185; x_wconf 87' lang='lat' dir='ltr'><strong>sed</strong></span> 
     </span>
     <span class='ocr_line' id='line_1_18' title="bbox 162 2224 1337 2310; baseline -0.002 -18"><span class='ocrx_word' id='word_1_147' title='bbox 162 2227 352 2309; x_wconf 82' lang='lat' dir='ltr'><strong>simplieiter</strong></span> <span class='ocrx_word' id='word_1_148' title='bbox 373 2224 504 2308; x_wconf 66' lang='lat'>(21³)</span> <span class='ocrx_word' id='word_1_149' title='bbox 533 2244 632 2308; x_wconf 86' lang='lat' dir='ltr'><strong>super</strong></span> <span class='ocrx_word' id='word_1_150' title='bbox 663 2228 795 2310; x_wconf 76' lang='lat' dir='ltr'><strong>gibbum</strong></span> <span class='ocrx_word' id='word_1_151' title='bbox 822 2228 953 2310; x_wconf 89' lang='lat' dir='ltr'><strong>punitur</strong></span> <span class='ocrx_word' id='word_1_152' title='bbox 976 2226 1059 2290; x_wconf 83' lang='lat' dir='ltr'><strong>selle</strong></span> <span class='ocrx_word' id='word_1_153' title='bbox 1084 2229 1157 2290; x_wconf 83' lang='lat' dir='ltr'><strong>sine</strong></span> <span class='ocrx_word' id='word_1_154' title='bbox 1188 2227 1337 2310; x_wconf 74' lang='lat' dir='ltr'><strong>ligaturis</strong></span> 
     </span>
     <span class='ocr_line' id='line_1_19' title="bbox 163 2329 1338 2415; baseline -0.001 -22"><span class='ocrx_word' id='word_1_155' title='bbox 163 2339 198 2393; x_wconf 91' lang='lat' dir='ltr'><strong>et</strong></span> <span class='ocrx_word' id='word_1_156' title='bbox 218 2348 317 2412; x_wconf 87' lang='lat' dir='ltr'><strong>super</strong></span> <span class='ocrx_word' id='word_1_157' title='bbox 337 2331 450 2394; x_wconf 83' lang='lat' dir='ltr'><strong>sellem</strong></span> <span class='ocrx_word' id='word_1_158' title='bbox 466 2341 627 2414; x_wconf 89' lang='lat' dir='ltr'><strong>ponuntur</strong></span> <span class='ocrx_word' id='word_1_159' title='bbox 647 2350 746 2395; x_wconf 83' lang='lat' dir='ltr'><strong>onere</strong></span> <span class='ocrx_word' id='word_1_160' title='bbox 767 2331 809 2394; x_wconf 87' lang='lat' dir='ltr'><strong>ed</strong></span> <span class='ocrx_word' id='word_1_161' title='bbox 822 2329 992 2415; x_wconf 83' lang='lat' dir='ltr'><strong>utrumque</strong></span> <span class='ocrx_word' id='word_1_162' title='bbox 1013 2331 1097 2394; x_wconf 82' lang='lat' dir='ltr'><strong>letus</strong></span> <span class='ocrx_word' id='word_1_163' title='bbox 1119 2331 1338 2413; x_wconf 76' lang='lat' dir='ltr'><strong>dependentis</strong></span> 
     </span>
     <span class='ocr_line' id='line_1_20' title="bbox 165 2430 1337 2520; baseline -0.003 -20"><span class='ocrx_word' id='word_1_164' title='bbox 165 2434 293 2519; x_wconf 81' lang='lat' dir='ltr'><strong>sequuti</strong></span> <span class='ocrx_word' id='word_1_165' title='bbox 313 2435 471 2518; x_wconf 87' lang='lat' dir='ltr'><strong>pendere,</strong></span> <span class='ocrx_word' id='word_1_166' title='bbox 493 2455 555 2500; x_wconf 87' lang='lat' dir='ltr'><strong>nee</strong></span> <span class='ocrx_word' id='word_1_167' title='bbox 584 2437 690 2500; x_wconf 83' lang='lat' dir='ltr'><strong>bestie</strong></span> <span class='ocrx_word' id='word_1_168' title='bbox 716 2437 849 2519; x_wconf 72' lang='lat' dir='ltr'><strong>transit,</strong></span> <span class='ocrx_word' id='word_1_169' title='bbox 870 2438 901 2501; x_wconf 90' lang='lat' dir='ltr'><strong>si</strong></span> <span class='ocrx_word' id='word_1_170' title='bbox 920 2439 1022 2500; x_wconf 81' lang='lat' dir='ltr'><strong>sentit</strong></span> <span class='ocrx_word' id='word_1_171' title='bbox 1046 2437 1180 2520; x_wconf 71' lang='lat' dir='ltr'><strong>gravius</strong></span> <span class='ocrx_word' id='word_1_172' title='bbox 1208 2430 1337 2518; x_wconf 81' lang='lat' dir='ltr'><strong>pondus</strong></span> 
     </span>
     <span class='ocr_line' id='line_1_21' title="bbox 164 2525 1338 2625; baseline -0.002 -21"><span class='ocrx_word' id='word_1_173' title='bbox 164 2540 199 2604; x_wconf 91' lang='lat' dir='ltr'><strong>in</strong></span> <span class='ocrx_word' id='word_1_174' title='bbox 220 2557 284 2602; x_wconf 90' lang='lat' dir='ltr'><strong>uuo</strong></span> <span class='ocrx_word' id='word_1_175' title='bbox 312 2538 419 2619; x_wconf 73' lang='lat' dir='ltr'><strong>latere]</strong></span> <span class='ocrx_word' id='word_1_176' title='bbox 439 2558 535 2625; x_wconf 81' lang='lat' dir='ltr'><strong>quoru</strong></span> <span class='ocrx_word' id='word_1_177' title='bbox 563 2542 597 2604; x_wconf 90' lang='lat' dir='ltr'><strong>iu</strong></span> <span class='ocrx_word' id='word_1_178' title='bbox 624 2537 700 2625; x_wconf 83' lang='lat' dir='ltr'><strong>elio,</strong></span> <span class='ocrx_word' id='word_1_179' title='bbox 731 2525 765 2604; x_wconf 84' lang='lat' dir='ltr'><strong>et</strong></span> <span class='ocrx_word' id='word_1_180' title='bbox 792 2543 900 2624; x_wconf 75' lang='lat' dir='ltr'><strong>eapite</strong></span> <span class='ocrx_word' id='word_1_181' title='bbox 929 2550 1066 2605; x_wconf 84' lang='lat' dir='ltr'><strong>extenso</strong></span> <span class='ocrx_word' id='word_1_182' title='bbox 1092 2559 1166 2604; x_wconf 87' lang='lat' dir='ltr'><strong>enm</strong></span> <span class='ocrx_word' id='word_1_183' title='bbox 1197 2540 1338 2604; x_wconf 77' lang='lat' dir='ltr'><strong>stridore</strong></span> 
     </span>
     <span class='ocr_line' id='line_1_22' title="bbox 166 2643 1338 2735; baseline -0.003 -25"><span class='ocrx_word' id='word_1_184' title='bbox 166 2644 317 2728; x_wconf 78' lang='lat' dir='ltr'><strong>ostendit,</strong></span> <span class='ocrx_word' id='word_1_185' title='bbox 336 2644 371 2706; x_wconf 92' lang='lat' dir='ltr'><strong>in</strong></span> <span class='ocrx_word' id='word_1_186' title='bbox 392 2663 456 2728; x_wconf 88' lang='lat' dir='ltr'><strong>quo</strong></span> <span class='ocrx_word' id='word_1_187' title='bbox 482 2646 586 2726; x_wconf 76' lang='lat' dir='ltr'><strong>lutere</strong></span> <span class='ocrx_word' id='word_1_188' title='bbox 606 2643 734 2729; x_wconf 84' lang='lat' dir='ltr'><strong>pondus</strong></span> <span class='ocrx_word' id='word_1_189' title='bbox 755 2647 808 2735; x_wconf 71' lang='lat' dir='ltr'><strong>&#39;sit</strong></span> <span class='ocrx_word' id='word_1_190' title='bbox 825 2645 976 2730; x_wconf 42' lang='lat' dir='ltr'><strong>gravio&amp;</strong></span> <span class='ocrx_word' id='word_1_191' title='bbox 1004 2655 1037 2709; x_wconf 87' lang='lat' dir='ltr'><strong>et</strong></span> <span class='ocrx_word' id='word_1_192' title='bbox 1060 2647 1174 2708; x_wconf 84' lang='lat' dir='ltr'><strong>sinon</strong></span> <span class='ocrx_word' id='word_1_193' title='bbox 1200 2645 1338 2708; x_wconf 63' lang='lat' dir='ltr'><strong>hobdur</strong></span> 
     </span>
     <span class='ocr_line' id='line_1_23' title="bbox 166 2749 1339 2836; baseline -0.003 -20"><span class='ocrx_word' id='word_1_194' title='bbox 166 2750 313 2835; x_wconf 80' lang='lat' dir='ltr'><strong>materie,</strong></span> <span class='ocrx_word' id='word_1_195' title='bbox 327 2750 612 2835; x_wconf 82' lang='lat' dir='ltr'><strong>queeirupouetur‚</strong></span> <span class='ocrx_word' id='word_1_196' title='bbox 627 2759 664 2818; x_wconf 91' lang='lat' dir='ltr'><strong>nt</strong></span> <span class='ocrx_word' id='word_1_197' title='bbox 684 2766 767 2818; x_wconf 82' lang='lat' dir='ltr'><strong>onos</strong></span> <span class='ocrx_word' id='word_1_198' title='bbox 787 2749 925 2836; x_wconf 82' lang='lat' dir='ltr'><strong>eequnie</strong></span> <span class='ocrx_word' id='word_1_199' title='bbox 949 2750 1016 2834; x_wconf 80' lang='lat' dir='ltr'><strong>tint,</strong></span> <span class='ocrx_word' id='word_1_200' title='bbox 1028 2751 1191 2834; x_wconf 75' lang='lat' dir='ltr'><strong>uouipiunt</strong></span> <span class='ocrx_word' id='word_1_201' title='bbox 1212 2751 1339 2834; x_wconf 80' lang='lat' dir='ltr'><strong>lepidos</strong></span> 
     </span>
     <span class='ocr_line' id='line_1_24' title="bbox 166 2855 695 2939; baseline -0.008 -19"><span class='ocrx_word' id='word_1_202' title='bbox 166 2865 200 2922; x_wconf 92' lang='lat' dir='ltr'><strong>et</strong></span> <span class='ocrx_word' id='word_1_203' title='bbox 220 2855 382 2920; x_wconf 79' lang='lat' dir='ltr'><strong>detentum</strong></span> <span class='ocrx_word' id='word_1_204' title='bbox 404 2857 512 2920; x_wconf 89' lang='lat' dir='ltr'><strong>oneris</strong></span> <span class='ocrx_word' id='word_1_205' title='bbox 533 2855 695 2939; x_wconf 88' lang='lat' dir='ltr'><strong>supplent.</strong></span> 
     </span>
    </p>

    <p class='ocr_par' dir='ltr' id='par_1_4' title="bbox 174 2959 1338 3045">
     <span class='ocr_line' id='line_1_25' title="bbox 174 2959 1338 3045; baseline -0.001 -22"><span class='ocrx_word' id='word_1_206' title='bbox 174 3009 176 3016; x_wconf 58' lang='grc'>,</span> <span class='ocrx_word' id='word_1_207' title='bbox 250 2960 350 3025; x_wconf 88' lang='lat' dir='ltr'><strong>Porro</strong></span> <span class='ocrx_word' id='word_1_208' title='bbox 375 2961 530 3025; x_wconf 81' lang='lat' dir='ltr'><strong>sibestie</strong></span> <span class='ocrx_word' id='word_1_209' title='bbox 543 2962 643 3024; x_wconf 85' lang='lat' dir='ltr'><strong>sentit</strong></span> <span class='ocrx_word' id='word_1_210' title='bbox 667 2979 706 3024; x_wconf 91' lang='lat' dir='ltr'><strong>se</strong></span> <span class='ocrx_word' id='word_1_211' title='bbox 725 2959 800 3043; x_wconf 88' lang='lat' dir='ltr'><strong>pius</strong></span> <span class='ocrx_word' id='word_1_212' title='bbox 812 2969 980 3045; x_wconf 53' lang='lat' dir='ltr'><strong>neverum</strong></span> <span class='ocrx_word' id='word_1_213' title='bbox 1002 2977 1111 3038; x_wconf 89' lang='lat' dir='ltr'><strong>onere,</strong></span> <span class='ocrx_word' id='word_1_214' title='bbox 1127 2977 1226 3045; x_wconf 75' lang='lat' dir='ltr'><strong>quern</strong></span> <span class='ocrx_word' id='word_1_215' title='bbox 1240 2959 1338 3024; x_wconf 78' lang='lat' dir='ltr'><strong>solite</strong></span> 
     </span>
    </p>
   </div>
   <div class='ocr_carea' id='block_1_2' title="bbox 58 3063 1337 3150">
    <p class='ocr_par' dir='ltr' id='par_1_5' title="bbox 58 3063 1337 3150">
     <span class='ocr_line' id='line_1_26' title="bbox 58 3063 1337 3150; baseline -0.002 -22"><span class='ocrx_word' id='word_1_216' title='bbox 58 3063 65 3072; x_wconf 74' lang='lat'>‘</span> <span class='ocrx_word' id='word_1_217' title='bbox 166 3066 211 3130; x_wconf 84' lang='lat' dir='ltr'><strong>eit</strong></span> <span class='ocrx_word' id='word_1_218' title='bbox 231 3075 369 3148; x_wconf 73' lang='lat' dir='ltr'><strong>portare,</strong></span> <span class='ocrx_word' id='word_1_219' title='bbox 392 3065 508 3130; x_wconf 88' lang='lat' dir='ltr'><strong>iterum</strong></span> <span class='ocrx_word' id='word_1_220' title='bbox 530 3085 594 3130; x_wconf 91' lang='lat' dir='ltr'><strong>uon</strong></span> <span class='ocrx_word' id='word_1_221' title='bbox 615 3067 828 3150; x_wconf 80' lang='lat' dir='ltr'><strong>progreditur,</strong></span> <span class='ocrx_word' id='word_1_222' title='bbox 850 3066 914 3128; x_wconf 82' lang='lat' dir='ltr'><strong>ruisi</strong></span> <span class='ocrx_word' id='word_1_223' title='bbox 935 3083 1018 3129; x_wconf 89' lang='lat' dir='ltr'><strong>onus</strong></span> <span class='ocrx_word' id='word_1_224' title='bbox 1039 3064 1248 3147; x_wconf 81' lang='lat' dir='ltr'><strong>diminuetur,</strong></span> <span class='ocrx_word' id='word_1_225' title='bbox 1271 3083 1337 3128; x_wconf 88' lang='lat' dir='ltr'><strong>non</strong></span> 
     </span>
    </p>
   </div>
   <div class='ocr_carea' id='block_1_3' title="bbox 149 3170 1341 4408">
    <p class='ocr_par' dir='ltr' id='par_1_6' title="bbox 149 3170 1341 4408">
     <span class='ocr_line' id='line_1_27' title="bbox 167 3170 1337 3254; baseline -0.001 -22"><span class='ocrx_word' id='word_1_226' title='bbox 167 3171 253 3234; x_wconf 88' lang='lat' dir='ltr'><strong>enirn</strong></span> <span class='ocrx_word' id='word_1_227' title='bbox 284 3172 423 3252; x_wconf 85' lang='lat' dir='ltr'><strong>suseipit</strong></span> <span class='ocrx_word' id='word_1_228' title='bbox 443 3188 526 3234; x_wconf 88' lang='lat' dir='ltr'><strong>onus</strong></span> <span class='ocrx_word' id='word_1_229' title='bbox 558 3171 622 3234; x_wconf 92' lang='lat' dir='ltr'><strong>nisi</strong></span> <span class='ocrx_word' id='word_1_230' title='bbox 655 3172 726 3234; x_wconf 89' lang='lat' dir='ltr'><strong>suis</strong></span> <span class='ocrx_word' id='word_1_231' title='bbox 757 3171 882 3235; x_wconf 84' lang='lat' dir='ltr'><strong>viribus</strong></span> <span class='ocrx_word' id='word_1_232' title='bbox 916 3174 1201 3254; x_wconf 76' lang='lat' dir='ltr'><strong>proportionatum.</strong></span> <span class='ocrx_word' id='word_1_233' title='bbox 1246 3170 1337 3232; x_wconf 83' lang='lat' dir='ltr'><strong>Duru</strong></span> 
     </span>
     <span class='ocr_line' id='line_1_28' title="bbox 168 3275 1339 3363; baseline -0.001 -26"><span class='ocrx_word' id='word_1_234' title='bbox 168 3284 275 3363; x_wconf 75' lang='lat' dir='ltr'><strong>nutent</strong></span> <span class='ocrx_word' id='word_1_235' title='bbox 302 3294 401 3342; x_wconf 80' lang='lat' dir='ltr'><strong>onere</strong></span> <span class='ocrx_word' id='word_1_236' title='bbox 425 3276 639 3359; x_wconf 87' lang='lat' dir='ltr'><strong>imponuntur,</strong></span> <span class='ocrx_word' id='word_1_237' title='bbox 659 3283 836 3340; x_wconf 51' lang='lat' dir='ltr'><strong>¹ouernutes</strong></span> <span class='ocrx_word' id='word_1_238' title='bbox 860 3282 994 3338; x_wconf 82' lang='lat' dir='ltr'><strong>eoutout</strong></span> <span class='ocrx_word' id='word_1_239' title='bbox 1025 3275 1170 3340; x_wconf 83' lang='lat' dir='ltr'><strong>dimissis</strong></span> <span class='ocrx_word' id='word_1_240' title='bbox 1197 3275 1339 3337; x_wconf 81' lang='lat' dir='ltr'><strong>voeibus</strong></span> 
     </span>
     <span class='ocr_line' id='line_1_29' title="bbox 167 3378 1339 3464; baseline -0.001 -20"><span class='ocrx_word' id='word_1_241' title='bbox 167 3378 210 3444; x_wconf 80' lang='lat' dir='ltr'><strong>td</strong></span> <span class='ocrx_word' id='word_1_242' title='bbox 244 3378 487 3445; x_wconf 88' lang='lat' dir='ltr'><strong>demuloendunr</strong></span> <span class='ocrx_word' id='word_1_243' title='bbox 515 3381 656 3463; x_wconf 78' lang='lat' dir='ltr'><strong>bestius,</strong></span> <span class='ocrx_word' id='word_1_244' title='bbox 680 3388 713 3443; x_wconf 92' lang='lat' dir='ltr'><strong>et</strong></span> <span class='ocrx_word' id='word_1_245' title='bbox 734 3381 885 3448; x_wconf 78' lang='lat' dir='ltr'><strong>oneribus</strong></span> <span class='ocrx_word' id='word_1_246' title='bbox 904 3381 1064 3464; x_wconf 85' lang='lat' dir='ltr'><strong>impositis</strong></span> <span class='ocrx_word' id='word_1_247' title='bbox 1093 3383 1198 3464; x_wconf 86' lang='lat' dir='ltr'><strong>surgit</strong></span> <span class='ocrx_word' id='word_1_248' title='bbox 1230 3381 1339 3444; x_wconf 85' lang='lat' dir='ltr'><strong>bestie</strong></span> 
     </span>
     <span class='ocr_line' id='line_1_30' title="bbox 168 3483 1339 3570; baseline 0 -22"><span class='ocrx_word' id='word_1_249' title='bbox 168 3492 302 3568; x_wconf 88' lang='lat' dir='ltr'><strong>repente</strong></span> <span class='ocrx_word' id='word_1_250' title='bbox 317 3495 366 3550; x_wconf 21' lang='lat' dir='ltr'><strong>ret</strong></span> <span class='ocrx_word' id='word_1_251' title='bbox 386 3486 480 3570; x_wconf 79' lang='lat' dir='ltr'><strong>qussi</strong></span> <span class='ocrx_word' id='word_1_252' title='bbox 511 3483 660 3548; x_wconf 82' lang='lat' dir='ltr'><strong>exuiteus</strong></span> <span class='ocrx_word' id='word_1_253' title='bbox 681 3504 740 3568; x_wconf 88' lang='lat' dir='ltr'><strong>per</strong></span> <span class='ocrx_word' id='word_1_254' title='bbox 770 3486 857 3550; x_wconf 80' lang='lat' dir='ltr'><strong>vien</strong></span> <span class='ocrx_word' id='word_1_255' title='bbox 888 3504 981 3550; x_wconf 83' lang='lat' dir='ltr'><strong>suern</strong></span> <span class='ocrx_word' id='word_1_256' title='bbox 1002 3505 1133 3550; x_wconf 87' lang='lat' dir='ltr'><strong>enrrere</strong></span> <span class='ocrx_word' id='word_1_257' title='bbox 1163 3485 1279 3568; x_wconf 86' lang='lat' dir='ltr'><strong>iuoipit</strong></span> <span class='ocrx_word' id='word_1_258' title='bbox 1307 3494 1339 3547; x_wconf 86' lang='lat' dir='ltr'><strong>et</strong></span> 
     </span>
     <span class='ocr_line' id='line_1_31' title="bbox 167 3590 1340 3674; baseline -0.001 -21"><span class='ocrx_word' id='word_1_259' title='bbox 167 3590 230 3654; x_wconf 90' lang='lat' dir='ltr'><strong>iter</strong></span> <span class='ocrx_word' id='word_1_260' title='bbox 250 3591 323 3654; x_wconf 89' lang='lat' dir='ltr'><strong>siue</strong></span> <span class='ocrx_word' id='word_1_261' title='bbox 344 3593 535 3674; x_wconf 81' lang='lat' dir='ltr'><strong>pensatione</strong></span> <span class='ocrx_word' id='word_1_262' title='bbox 555 3593 723 3655; x_wconf 82' lang='lat' dir='ltr'><strong>continuet</strong></span> <span class='ocrx_word' id='word_1_263' title='bbox 749 3608 854 3674; x_wconf 86' lang='lat' dir='ltr'><strong>usque</strong></span> <span class='ocrx_word' id='word_1_264' title='bbox 881 3590 923 3654; x_wconf 88' lang='lat' dir='ltr'><strong>ed</strong></span> <span class='ocrx_word' id='word_1_265' title='bbox 944 3592 1113 3655; x_wconf 83' lang='lat' dir='ltr'><strong>terminum</strong></span> <span class='ocrx_word' id='word_1_266' title='bbox 1141 3607 1236 3653; x_wconf 88' lang='lat' dir='ltr'><strong>suum</strong></span> <span class='ocrx_word' id='word_1_267' title='bbox 1257 3608 1340 3654; x_wconf 87' lang='lat' dir='ltr'><strong>euu-</strong></span> 
     </span>
     <span class='ocr_line' id='line_1_32' title="bbox 166 3695 1337 3780; baseline 0.001 -21"><span class='ocrx_word' id='word_1_268' title='bbox 166 3703 312 3778; x_wconf 83' lang='lat' dir='ltr'><strong>euetum3</strong></span> <span class='ocrx_word' id='word_1_269' title='bbox 334 3695 376 3759; x_wconf 85' lang='lat' dir='ltr'><strong>ed</strong></span> <span class='ocrx_word' id='word_1_270' title='bbox 407 3715 503 3780; x_wconf 86' lang='lat' dir='ltr'><strong>quem</strong></span> <span class='ocrx_word' id='word_1_271' title='bbox 524 3695 598 3759; x_wconf 88' lang='lat' dir='ltr'><strong>dum</strong></span> <span class='ocrx_word' id='word_1_272' title='bbox 619 3697 820 3779; x_wconf 87' lang='lat' dir='ltr'><strong>pervenerit,</strong></span> <span class='ocrx_word' id='word_1_273' title='bbox 846 3713 909 3760; x_wconf 91' lang='lat' dir='ltr'><strong>non</strong></span> <span class='ocrx_word' id='word_1_274' title='bbox 931 3696 1069 3780; x_wconf 82' lang='lat' dir='ltr'><strong>emplius</strong></span> <span class='ocrx_word' id='word_1_275' title='bbox 1090 3695 1251 3780; x_wconf 76' lang='lat' dir='ltr'><strong>procedit,</strong></span> <span class='ocrx_word' id='word_1_276' title='bbox 1275 3695 1337 3760; x_wconf 87' lang='lat' dir='ltr'><strong>sed</strong></span> 
     </span>
     <span class='ocr_line' id='line_1_33' title="bbox 168 3800 1340 3884; baseline 0.001 -23"><span class='ocrx_word' id='word_1_277' title='bbox 168 3815 266 3862; x_wconf 85' lang='lat' dir='ltr'><strong>onere</strong></span> <span class='ocrx_word' id='word_1_278' title='bbox 287 3800 349 3863; x_wconf 83' lang='lat' dir='ltr'><strong>sihi</strong></span> <span class='ocrx_word' id='word_1_279' title='bbox 366 3800 485 3882; x_wconf 86' lang='lat' dir='ltr'><strong>deponi</strong></span> <span class='ocrx_word' id='word_1_280' title='bbox 506 3809 605 3883; x_wconf 87' lang='lat' dir='ltr'><strong>optet.</strong></span> <span class='ocrx_word' id='word_1_281' title='bbox 647 3801 685 3862; x_wconf 85' lang='lat' dir='ltr'><strong>lu</strong></span> <span class='ocrx_word' id='word_1_282' title='bbox 705 3803 762 3870; x_wconf 80' lang='lat' dir='ltr'><strong>vin</strong></span> <span class='ocrx_word' id='word_1_283' title='bbox 788 3819 850 3864; x_wconf 86' lang='lat' dir='ltr'><strong>nee</strong></span> <span class='ocrx_word' id='word_1_284' title='bbox 877 3801 1002 3865; x_wconf 80' lang='lat' dir='ltr'><strong>beorriis</strong></span> <span class='ocrx_word' id='word_1_285' title='bbox 1022 3819 1085 3864; x_wconf 89' lang='lat' dir='ltr'><strong>nee</strong></span> <span class='ocrx_word' id='word_1_286' title='bbox 1105 3801 1244 3884; x_wconf 76' lang='lat' dir='ltr'><strong>tinguitis</strong></span> <span class='ocrx_word' id='word_1_287' title='bbox 1264 3801 1340 3884; x_wconf 86' lang='lat' dir='ltr'><strong>pei·</strong></span> 
     </span>
     <span class='ocr_line' id='line_1_34' title="bbox 168 3904 1340 3990; baseline 0.003 -24"><span class='ocrx_word' id='word_1_288' title='bbox 168 3911 275 3988; x_wconf 87' lang='lat' dir='ltr'><strong>untur,</strong></span> <span class='ocrx_word' id='word_1_289' title='bbox 296 3904 357 3968; x_wconf 88' lang='lat' dir='ltr'><strong>sed</strong></span> <span class='ocrx_word' id='word_1_290' title='bbox 377 3905 539 3969; x_wconf 82' lang='lat' dir='ltr'><strong>oemelarii</strong></span> <span class='ocrx_word' id='word_1_291' title='bbox 561 3915 737 3989; x_wconf 86' lang='lat' dir='ltr'><strong>sequentes</strong></span> <span class='ocrx_word' id='word_1_292' title='bbox 753 3913 886 3970; x_wconf 84' lang='lat' dir='ltr'><strong>enntnnt</strong></span> <span class='ocrx_word' id='word_1_293' title='bbox 907 3905 969 3970; x_wconf 88' lang='lat' dir='ltr'><strong>hoe</strong></span> <span class='ocrx_word' id='word_1_294' title='bbox 989 3905 1101 3970; x_wconf 87' lang='lat' dir='ltr'><strong>modo:</strong></span> <span class='ocrx_word' id='word_1_295' title='bbox 1125 3907 1202 3970; x_wconf 80' lang='lat' dir='ltr'><strong>Heu</strong></span> <span class='ocrx_word' id='word_1_296' title='bbox 1224 3924 1269 3971; x_wconf 79' lang='lat' dir='ltr'><strong>ue</strong></span> <span class='ocrx_word' id='word_1_297' title='bbox 1295 3926 1340 3990; x_wconf 83' lang='lat' dir='ltr'><strong>yn</strong></span> 
     </span>
     <span class='ocr_line' id='line_1_35' title="bbox 167 3997 1340 4093; baseline 0 -21"><span class='ocrx_word' id='word_1_298' title='bbox 167 4028 211 4090; x_wconf 85' lang='lat' dir='ltr'><strong>yo</strong></span> <span class='ocrx_word' id='word_1_299' title='bbox 233 4027 275 4072; x_wconf 82' lang='lat' dir='ltr'><strong>en</strong></span> <span class='ocrx_word' id='word_1_300' title='bbox 295 4029 338 4072; x_wconf 89' lang='lat' dir='ltr'><strong>uo</strong></span> <span class='ocrx_word' id='word_1_301' title='bbox 358 4009 401 4072; x_wconf 90' lang='lat' dir='ltr'><strong>ho</strong></span> <span class='ocrx_word' id='word_1_302' title='bbox 421 4009 464 4072; x_wconf 89' lang='lat' dir='ltr'><strong>ho</strong></span> <span class='ocrx_word' id='word_1_303' title='bbox 486 4027 590 4091; x_wconf 91' lang='lat' dir='ltr'><strong>oyoo</strong></span> <span class='ocrx_word' id='word_1_304' title='bbox 620 4010 663 4072; x_wconf 87' lang='lat' dir='ltr'><strong>ho</strong></span> <span class='ocrx_word' id='word_1_305' title='bbox 684 4016 747 4072; x_wconf 88' lang='lat' dir='ltr'><strong>eto.</strong></span> <span class='ocrx_word' id='word_1_306' title='bbox 778 4009 859 4073; x_wconf 88' lang='lat' dir='ltr'><strong>Curu</strong></span> <span class='ocrx_word' id='word_1_307' title='bbox 883 4011 987 4075; x_wconf 83' lang='lat' dir='ltr'><strong>bestie</strong></span> <span class='ocrx_word' id='word_1_308' title='bbox 1004 4021 1097 4075; x_wconf 83' lang='lat' dir='ltr'><strong>extre</strong></span> <span class='ocrx_word' id='word_1_309' title='bbox 1120 3997 1207 4076; x_wconf 71' lang='lat' dir='ltr'><strong>rinno</strong></span> <span class='ocrx_word' id='word_1_310' title='bbox 1236 4011 1340 4093; x_wconf 78' lang='lat' dir='ltr'><strong>redit,</strong></span> 
     </span>
     <span class='ocr_line' id='line_1_36' title="bbox 170 4111 1340 4196; baseline 0.003 -22"><span class='ocrx_word' id='word_1_311' title='bbox 170 4112 263 4174; x_wconf 80' lang='lat' dir='ltr'><strong>torvo</strong></span> <span class='ocrx_word' id='word_1_312' title='bbox 290 4113 385 4192; x_wconf 74' lang='lat' dir='ltr'><strong>siguo</strong></span> <span class='ocrx_word' id='word_1_313' title='bbox 412 4111 474 4171; x_wconf 83' lang='lat' dir='ltr'><strong>sibi</strong></span> <span class='ocrx_word' id='word_1_314' title='bbox 490 4129 592 4173; x_wconf 80' lang='lat' dir='ltr'><strong>nunuu</strong></span> <span class='ocrx_word' id='word_1_315' title='bbox 612 4111 688 4175; x_wconf 83' lang='lat' dir='ltr'><strong>doto</strong></span> <span class='ocrx_word' id='word_1_316' title='bbox 709 4113 806 4196; x_wconf 86' lang='lat' dir='ltr'><strong>redit,</strong></span> <span class='ocrx_word' id='word_1_317' title='bbox 828 4133 890 4178; x_wconf 86' lang='lat' dir='ltr'><strong>neo</strong></span> <span class='ocrx_word' id='word_1_318' title='bbox 917 4117 1118 4180; x_wconf 80' lang='lat' dir='ltr'><strong>invasionem</strong></span> <span class='ocrx_word' id='word_1_319' title='bbox 1141 4115 1255 4179; x_wconf 82' lang='lat' dir='ltr'><strong>durem</strong></span> <span class='ocrx_word' id='word_1_320' title='bbox 1280 4123 1340 4178; x_wconf 77' lang='lat' dir='ltr'><strong>rut</strong></span> 
     </span>
     <span class='ocr_line' id='line_1_37' title="bbox 149 4212 1341 4302; baseline 0.011 -33"><span class='ocrx_word' id='word_1_321' title='bbox 149 4212 408 4287; x_wconf 77' lang='lat' dir='ltr'><strong>&#39;peronesiunem</strong></span> <span class='ocrx_word' id='word_1_322' title='bbox 437 4215 566 4291; x_wconf 82' lang='lat' dir='ltr'><strong>petitur.</strong></span> <span class='ocrx_word' id='word_1_323' title='bbox 610 4213 763 4302; x_wconf 78' lang='lat' dir='ltr'><strong>Cornetus</strong></span> <span class='ocrx_word' id='word_1_324' title='bbox 784 4221 931 4284; x_wconf 82' lang='lat' dir='ltr'><strong>turbetur</strong></span> <span class='ocrx_word' id='word_1_325' title='bbox 961 4220 1130 4284; x_wconf 82' lang='lat' dir='ltr'><strong>stridorem</strong></span> <span class='ocrx_word' id='word_1_326' title='bbox 1159 4219 1341 4282; x_wconf 70' lang='lat' dir='ltr'><strong>mirabilem</strong></span> 
     </span>
     <span class='ocr_line' id='line_1_38' title="bbox 170 4306 1341 4408; baseline 0.019 -42"><span class='ocrx_word' id='word_1_327' title='bbox 170 4306 250 4367; x_wconf 80' lang='lat' dir='ltr'><strong>tsoit</strong></span> <span class='ocrx_word' id='word_1_328' title='bbox 281 4319 313 4371; x_wconf 89' lang='lat' dir='ltr'><strong>et</strong></span> <span class='ocrx_word' id='word_1_329' title='bbox 335 4309 538 4394; x_wconf 73' lang='lat' dir='ltr'><strong>quaudoque,</strong></span> <span class='ocrx_word' id='word_1_330' title='bbox 560 4314 619 4376; x_wconf 89' lang='lat' dir='ltr'><strong>sed</strong></span> <span class='ocrx_word' id='word_1_331' title='bbox 641 4317 738 4382; x_wconf 80' lang='lat' dir='ltr'><strong>velde</strong></span> <span class='ocrx_word' id='word_1_332' title='bbox 755 4337 841 4406; x_wconf 80' lang='lat' dir='ltr'><strong>roro,</strong></span> <span class='ocrx_word' id='word_1_333' title='bbox 864 4323 1044 4388; x_wconf 80' lang='lat' dir='ltr'><strong>intentum</strong></span> <span class='ocrx_word' id='word_1_334' title='bbox 1066 4325 1226 4406; x_wconf 82' lang='lat' dir='ltr'><strong>ireseitur,</strong></span> <span class='ocrx_word' id='word_1_335' title='bbox 1249 4323 1341 4408; x_wconf 86' lang='lat' dir='ltr'><strong>qnod</strong></span> 
     </span>
    </p>
   </div>
   <div class='ocr_carea' id='block_1_4' title="bbox 0 0 1432 4882">
    <p class='ocr_par' dir='ltr' id='par_1_7' title="bbox 0 0 1432 4882">
     <span class='ocr_line' id='line_1_39' title="bbox 0 0 1432 4882; baseline 0 0"><span class='ocrx_word' id='word_1_336' title='bbox 0 0 1432 4882; x_wconf 95' lang='lat' dir='ltr'><strong> </strong></span> 
     </span>
    </p>
   </div>
  </div>
 </body>
</html>
