2926 5050
206 608 477 692 ememus
508 625 698 672 mm
737 609 880 690 nvait,
911 570 1411 676 nummum

207 717 311 778 virum
346 713 461 777 iorterr
481 731 580 778 unu·
600 731 643 776 ex
663 713 751 776 mille
771 717 888 796 reperi,
908 715 1129 780 mulierem
1153 715 1370 779 omuibusuou
1414 714 1415 752 l

207 819 329 882 iuveni
371 817 411 882 st
431 825 539 881 rutra
569 817 686 880 inisset
707 819 740 879 iu
762 827 874 882 nostro
902 822 1064 900 mereim,
1098 839 1176 882 uon
1203 819 1371 882 invenisset

206 941 306 986 unum
328 923 433 986 viru
455 922 581 1002 ionem,
602 939 716 984 omnes
740 932 831 985 errut
854 923 949 987 faeti
968 924 1147 1006 mmmm,
1172 922 1373 1008 etexterrmti

206 1025 325 1110 inedie,
357 1025 447 1090 nulle
470 1043 551 1088 vero
568 1025 686 1088 nuder
705 1035 774 1088 errt
795 1027 932 1109 luitur,
952 1028 1044 1090 null·
1061 1031 1276 1111 suspirabat,
1303 1023 1374 1086 uullr

205 1151 284 1219 urse
302 1133 413 1196 lrioro
431 1133 595 1216 remcort.
635 1128 704 1192 Sed
717 1130 804 1193 unde
818 1131 988 1212 fragilibus
1001 1132 1172 1214 fortitude,
1197 1130 1373 1194 mulieribus

205 1239 321 1322 robur,
352 1237 416 1300 nisi
448 1238 489 1302 rb
511 1254 569 1318 eo,
601 1237 659 1318 qui
690 1235 818 1298 memo
852 1235 964 1298 nundi
990 1236 1099 1317 eligit,
1128 1247 1171 1299 ut
1208 1231 1372 1300 erulimdrt

207 1343 315 1426 tumn,
336 1342 392 1426 qni
412 1339 564 1423 praetulit
586 1357 645 1402 ers
679 1340 777 1419 viris,
797 1357 840 1400 ue
860 1340 933 1420 quis
959 1339 1116 1422 glorietur
1141 1341 1193 1402 de
1221 1357 1324 1417 sexu,
1341 1335 1372 1396 de

205 1447 405 1528 fortitudine,
425 1441 673 1526 putenritudine,
703 1443 876 1524 juventute
909 1453 942 1506 el
973 1443 1016 1506 de
1035 1444 1222 1508 nobilitate.
1276 1439 1371 1520 siqu

209 1550 284 1614 den
305 1567 368 1612 nee
388 1551 481 1631 ipsse
501 1556 594 1610 erunt
604 1547 678 1628 viri,
696 1564 759 1608 noe
777 1548 889 1630 fortes,
910 1549 1146 1631 neruululnre,
1164 1543 1370 1620 ueeuolrilrs,

207 1663 372 1718 ettamen
404 1669 518 1716 omues
546 1652 674 1715 lobores
702 1661 899 1734 peregerunt
924 1654 999 1715 siue
1030 1653 1182 1734 defertu,
1213 1670 1279 1734 per
1301 1660 1368 1730 quet

205 1759 320 1823 militie
340 1757 527 1840 requiritur.
570 1757 613 1818 Et
633 1757 667 1818 in
690 1756 752 1819 hur
772 1755 1019 1820 eoninditllenr
1040 1758 1235 1839 minerbium
1256 1753 1367 1818 illorum

206 1863 351 1944 millium,
372 1861 429 1944 qui
449 1878 507 1924 ors
527 1858 783 1941 dedigurbrntur
803 1861 923 1923 hebere
943 1863 1063 1943 surius,
1084 1872 1117 1924 rt
1138 1863 1199 1943 qui
1221 1855 1365 1943 perditio-

207 1985 281 2031 nem
302 1967 400 2030 unlus
420 1964 546 2028 illerum
565 1965 658 2046 putri
679 1963 789 2046 pendit
805 1966 841 2027 iu
861 1964 1036 2028 solitudine
1045 1965 1218 2049 Jorduuis,
1241 1963 1367 2044 utputet
1419 1965 1420 1972 ’

168 2137 171 2144 ,
209 2089 309 2154 supro
331 2070 384 2135 iol.
406 2069 469 2134 ent
492 2068 535 2137 A.
583 2069 626 2130 lm
656 2069 702 2130 ibi
731 2087 852 2150 quaere
873 2069 967 2150 pluro
994 2069 1036 2132 de
1062 2071 1122 2132 his.
1166 2069 1241 2132 Sed
1270 2064 1364 2128 ridens

208 2177 337 2260 sorren,
367 2182 402 2238 et
430 2173 687 2238 muliercularum
720 2171 929 2236 deliramenta
960 2175 1159 2238 subsannes!
1205 2171 1264 2235 Ad
1295 2170 1365 2231 lum

205 2283 404 2366 Jeronymus
433 2289 546 2342 eontra
575 2278 804 2358 Vigilrntinm:
842 2297 917 2358 non,
947 2279 1061 2361 inquit,
1083 2279 1246 2340 erubeseo
1266 2287 1362 2336 rernm
1416 2294 1417 2326 ι

206 2388 314 2468 iidem,
333 2403 417 2470 queo
438 2387 562 2466 primae
579 2382 730 2445 viderunt
746 2379 918 2444 Dominum
935 2391 1169 2464 resurgentem,
1192 2399 1281 2466 quse
1299 2375 1363 2439 mil·

207 2497 318 2550 tmrtnr
339 2486 377 2548 rd
393 2487 580 2566 Apostolos,
602 2504 686 2567 quoe
708 2487 740 2548 in
769 2494 869 2548 matre
890 2487 1022 2550 Domini
1037 2487 1221 2550 Selvrteris
1251 2478 1361 2546 smnio

208 2586 378 2670 Apostolis
412 2587 685 2652 commendantur.
734 2591 780 2654 Ut
807 2589 884 2673 qnid
906 2597 1015 2652 sutem
1043 2593 1218 2672 praeeunte
1248 2587 1362 2651 illerum

208 2691 392 2757 vetulorum
414 2698 537 2754 tentum
560 2693 728 2757 immoror!
748 2693 902 2760 Snffieirt
920 2712 1001 2776 ergo
1021 2693 1064 2757 od
1084 2711 1252 2776 praesens.

171 2969 181 2991 ,
291 2899 393 2982 Igitur
424 2897 510 2962 eirea
538 2897 677 2964 medinm
698 2904 803 2966 noetis
831 2912 906 2986 post
926 2903 1048 2986 tanges
1068 2904 1245 2968 multaret
1273 2899 1360 2968 rltnm

209 3019 380 3068 neensnm
396 3005 545 3068 venimus
560 3004 601 3070 rd
612 3005 734 3068 fontem
748 3006 882 3070 deseltu
894 3019 1106 3093 emanantem,
1124 3012 1191 3093 qui,
1206 3019 1244 3072 nt
1259 3008 1360 3090 opinor

207 3109 331 3176 Josnes
343 3111 403 3196 ts,
426 3111 500 3176 iens
511 3112 591 3176 solis
612 3110 805 3193 nominetur,
825 3131 867 3176 ex
886 3131 925 3176 eo
942 3114 1035 3197 forte,
1060 3098 1145 3196 qnod
1161 3123 1274 3177 eontra
1290 3107 1358 3174 solis
1419 3127 1420 3136 ¹

208 3225 311 3284 onum
329 3223 395 3281 stet
417 3228 449 3282 et
473 3217 555 3284 solis
573 3216 673 3282 radiis
688 3233 864 3297 pereussos
885 3218 1032 3305 ealeseit.
1074 3219 1140 3281 Vel
1153 3215 1358 3302 tortospiritn
1419 3215 1420 3262 ἲ

211 3320 590 3405 Senetoprreordinrnte
611 3318 779 3387 siedietus
792 3328 842 3382 est
864 3320 937 3384 lons
959 3322 1032 3403 ille,
1054 3324 1130 3405 quis
1146 3324 1196 3387 sol
1214 3321 1359 3406 justifies,

209 3421 383 3505 Christus,
405 3425 496 3488 Dour
521 3434 641 3506 noster,
673 3442 716 3486 ex
744 3441 784 3486 eo
815 3426 959 3510 erebrius
980 3427 1104 3493 bibisse
1123 3426 1274 3510 ereditur,
1293 3422 1359 3506 quis
1419 3419 1420 3468 l

209 3525 394 3589 multotiens
415 3544 474 3606 per
493 3524 580 3588 illam
600 3528 686 3590 viem
718 3527 887 3592 deseendit
910 3540 944 3593 et
965 3531 1121 3595 aseendit.
1163 3531 1266 3594 Juxtr
1285 3531 1368 3606 ΙιιιιιῦΔ

210 3623 328 3690 sontem
336 3625 504 3707 jusserunt
517 3628 734 3696 uosdnetores
752 3635 854 3696 nostri
872 3633 1081 3718 descendere,
1096 3655 1160 3718 qno
1171 3635 1280 3700 ruditu
1291 3647 1358 3718 prro

208 3729 326 3813 grndlo
348 3745 412 3792 non
433 3729 670 3817 descendimus,
692 3735 752 3798 sed
768 3735 809 3798 de
830 3738 946 3800 bestiis
965 3738 1153 3804 eeeidimus.
1197 3741 1260 3804 Est
1273 3740 1359 3804 etism

209 3832 296 3898 eirea
328 3831 451 3898 lentem
481 3833 593 3900 domus
625 3838 756 3922 entique
785 3847 818 3902 et
847 3840 1029 3924 destructe,
1062 3843 1104 3906 de
1134 3861 1201 3927 qne
1234 3853 1358 3928 quatuor

209 3935 290 4000 mnrl
313 3945 435 4002 tentum
464 3949 673 4022 manserunt,
712 3962 796 4027 quse
827 3943 903 4008 olim
941 3944 1158 4026 diversorium
1187 3957 1256 4012 eret
1295 3949 1359 4012 sive

207 4039 395 4127 hospitium,
425 4053 457 4106 et
484 4043 600 4108 dieltnr
631 4045 745 4110 domus
767 4047 899 4130 Rubes‚
933 4049 1030 4111 etium
1053 4068 1073 4110 a
1095 4049 1214 4116 deserti
1241 4052 1358 4134 nornine

206 4139 398 4232 Adummim.
440 4144 536 4212 lituo
563 4148 691 4214 domum
711 4152 855 4233 ingressi
882 4169 994 4214 snmus
1018 4162 1050 4215 et
1071 4157 1219 4218 reeensis
1240 4155 1357 4219 lumini·

208 4245 269 4312 but
290 4245 394 4312 lorum
417 4252 599 4334 aptavimus
621 4264 826 4318 removentes
847 4256 1011 4318 hominnm
1033 4266 1065 4320 et
1086 4258 1260 4322 bestiarum
1281 4268 1356 4322 ster·

205 4367 291 4438 tore,
308 4351 423 4436 qulbus
441 4361 511 4418 erat
533 4355 665 4438 repleta,
686 4366 718 4420 et
736 4355 862 4440 lapides
884 4360 1067 4439 aptavimus
1087 4380 1147 4442 pro
1167 4364 1312 4426 sessione
1329 4368 1355 4424 et

205 4451 404 4520 dormitione.
