2896 4872
71 407 121 462 ‘et
146 398 356 482 Jernselenr,
390 395 518 480 Sibylla
538 397 653 478 regine
682 404 716 461 et
734 395 850 459 haeres
883 395 975 479 requi
1004 391 1271 478 Jerosotymitaui

1 553 2 588 ,
77 502 176 566 obiit
213 502 301 566 nullo
340 500 493 572 derelicto
536 520 577 564 ex
602 518 641 562 se
672 498 715 565 do
746 497 896 564 Gnidouc
928 499 1077 568 haerede.
1121 495 1270 564 Audiens

1 655 2 668 ,
82 615 211 670 eutem
230 607 401 670 Eliuabetb
426 623 517 669 soror
544 605 691 687 Sibyllae
711 610 845 666 mortem
866 601 950 686 ejus,
967 605 1111 686 reginam
1132 609 1165 666 at
1184 602 1267 665 bae·

1 767 2 770 ,
85 711 212 775 redem
234 709 598 795 regniJerosolymitani
618 727 657 790 qe
678 725 755 772 esse
783 704 970 788 divulgabat
996 715 1027 770 et
1047 710 1152 778 mum
1173 725 1268 780 suum

86 813 285 880 Euireduna‘
302 831 382 886 esse
399 831 511 896 regem
526 814 604 876 vloco
625 812 694 893 sui,
720 811 807 876 sicut
828 810 939 889 fuerat¹
951 809 1063 878 -Guido
1082 811 1155 876 loeo
1174 829 1270 876 soro-

33 909 36 914 *
88 922 163 1005 ris,
188 921 306 1002 ubique
325 919 558 1002 prqsuntiebat.

184 1020 347 1087 Eutredns
369 1040 447 1106 ergo
471 1021 556 1106 apud
582 1021 677 1084 Aeon
700 1019 877 1084 occidentis
893 1020 1072 1101 ,prbrcipes
1100 1017 1272 1082 invocabat

91 1139 131 1194 et
166 1129 296 1212 aliquos
326 1127 379 1198 adt
401 1145 445 1204 ,se
467 1126 653 1209 ,inclinabat
691 1123 848 1206 diceus,
877 1119 970 1189 uxori
1008 1141 1090 1186 suae
1135 1138 1271 1204 regnum

93 1233 230 1316 deberi,
251 1241 318 1296 tum
340 1250 380 1295 ex
398 1239 570 1315 praecepto
591 1231 693 1312 patris
714 1227 870 1292 Almarioi
891 1229 998 1311 regis,
1021 1238 1094 1292 tum,
1111 1229 1208 1294 etiam
1229 1244 1272 1292 ex

95 1346 299 1402 testamento
330 1335 437 1398 fratris
467 1335 619 1398 Balduini
649 1333 770 1417 leprosi
803 1335 899 1416 regis.
951 1335 981 1394 Ε
1020 1334 1181 1396 contrario
1214 1347 1272 1394 rex

12 1495 15 1499 .
96 1442 215 1507 Gnido
236 1421 282 1504 sc*
293 1441 383 1524 juste
401 1446 433 1501 et
447 1439 622 1503 solenniter
642 1449 773 1502 unctum
794 1438 1010 1521 Jerosolymis
1032 1447 1065 1502 et
1085 1443 1272 1500 coronatum

97 1548 293 1628 asserebat,
314 1553 347 1607 et
368 1562 407 1606 se
426 1562 596 1627 numquam
618 1562 639 1605 a
660 1545 754 1624 regni
784 1543 866 1606 solio
900 1542 1018 1606 debere
1039 1542 1173 1624 deponi,
1196 1538 1272 1605 dnm

99 1646 183 1715 nibil
207 1645 407 1733 depositione
435 1649 563 1732 dignum
585 1649 619 1709 in
649 1666 749 1731 regno
771 1646 978 1712 commiserit.
1020 1648 1162 1740 nonne
1192 1662 1272 1726 ergo
1325 1723 1328 1730 .

100 1758 236 1839 negotio
256 1753 485 1817 concertabant
506 1754 553 1816 illi
574 1751 657 1834 duo,
677 1750 784 1815 Guido
809 1769 849 1814 ac
869 1750 1050 1834 litafredus,
1079 1759 1115 1824 ,et
1137 1751 1272 1833 quilibet

101 1861 284 1944 aliquorum
305 1859 484 1940 principum
504 1859 651 1942 favorem
670 1857 732 1918 sibi
763 1855 930 1938 acquirere
950 1854 1115 1939 studebat,
1146 1865 1180 1938 et
1200 1863 1269 1920 erat

103 1966 189 2027 inter
204 1963 373 2046 principes
384 1961 490 2042 major
511 1961 660 2044 quaestio
682 1969 713 2022 et
734 1977 827 2042 cura,
849 1961 923 2043 quis
944 1969 1034 2022 esset
1055 1980 1114 2024 rex
1132 1961 1273 2024 Jerusa-

105 2069 188 2150 lem,
208 2083 304 2148 qnam
327 2064 486 2147 quomodo
502 2063 730 2155 recuperanda
742 2064 934 2134 ¹Jerusalem
952 2073 1067 2134 esset„
1158 2070 1166 2078 ‘

189 2170 288 2233 Porro
314 2167 462 2231 dominus
487 2170 660 2232 Heinricus
692 2187 801 2256 comes
829 2169 1027 2253 Campaniae
1046 2177 1081 2232 et
1110 2166 1201 2230 multi
1221 2164 1276 2230 alii

108 2275 301 2355 sentiebant,
341 2291 475 2356 regnum
508 2274 551 2336 ad
582 2275 805 2339 Elizabetham
841 2275 1014 2337 transiisse
1048 2293 1106 2356 per
1138 2277 1274 2335 mortem

107 2383 242 2462 sororis,
268 2377 399 2441 et-ideo
427 2379 540 2442 t'avore
565 2379 719 2462 praedicti
745 2380 872 2443 comitis
895 2379 1013 2442 factum
1038 2379 1118 2460 snit,
1148 2385 1184 2442 ut
1203 2377 1274 2442 Eu·

109 2484 216 2549 fredus
237 2491 348 2567 portus
369 2485 542 2568 vectigalia
569 2494 602 2546 et
626 2484 879 2567 delinquentium
909 2485 1083 2561 commisse
1112 2484 1272 2564 reciperet

108 2598 140 2652 et
161 2589 236 2671 alic,
259 2607 343 2671 qnae
363 2591 433 2672 regi
452 2589 637 2653 Jerusalem
658 2589 873 2671 debebantur,
899 2591 963 2672 ita,
986 2595 1021 2653 ut
1047 2587 1118 2650 solo
1142 2583 1272 2652 nomine

111 2693 215 2758 Guido
234 2703 414 2760 remaneret
445 2714 519 2776 rex,
548 2696 634 2758 omni
667 2695 865 2778 exspoliatus
893 2692 1136 2774 jufisdic'tione,
1173 2710 1273 2775 quare

112 2817 168 2862 rex
187 2797 297 2859 merito
319 2781 530 2881 querebatur,
562 2797 649 2881 quod
670 2806 782 2860 contra
803 2816 931 2861 ornnem
962 2779 1121 2878 justitiam
1144 2795 1270 2861 ⁴bonore

113 2900 298 2982 spoliaretur
320 2903 421 2981 regni.
464 2901 507 2964 Et
528 2903 568 2965 ob
590 2902 674 2972 banc
707 2907 871 2978 (causam)
906 2900 1095 2970 convocatis
1119 2899 1186 2980 bis,
1218 2899 1280 2980 qni»

114 3024 183 3067 eum
207 3021 229 3064 a
247 3005 400 3100 pqincipio
420 3006 523 3068 secuti
545 3006 686 3086 fuerant,
715 3007 891 3068 exercitum
913 3004 1124 3086 congregavit
1151 3013 1185 3065 et
1204 3002 1274 3066 for-

116 3119 208 3171 tunae
229 3101 356 3170 ensibus
377 3125 416 3170 se
436 3110 634 3172 committere
655 3109 777 3191 statuit,
796 3117 828 3170 ct
847 3125 912 3170 una
931 3111 1004 3170 cnm
1027 3106 1271 3194 eis.confligero

117 3230 182 3274 cum
210 3207 397 3275 sarrecenis
418 3211 617 3276 deliberavit.
660 3215 734 3277 Hoc
759 3213 908 3275 videntes
942 3213 1105 3300 principes
1136 3211 1274 3294 majores

117 3315 283 3400 timebant,
309 3317 339 3380 si
360 3331 433 3380 cunr
456 3324 523 3381 tam
543 3319 657 3400 paucis
678 3326 788 3381 contra
809 3317 1008 3382 Sarracenos
1028 3315 1218 3400 procederet
1238 3326 1271 3380 et

115 3422 325 3504 occumberet,
358 3421 444 3505 quod
476 3428 544 3486 tota
565 3411 743 3511 multitudo
760 3406 959 3506 congregata
989 3425 1023 3486 in
1045 3423 1109 3484 Dei
1139 3422 1272 3487 servitio

116 3527 344 3591 dissolveretur.
387 3516 480 3590 Unde
512 3527 722 3610 factumest,
753 3536 791 3590 ut
812 3525 853 3589 ad
876 3528 981 3590 omnia
1013 3548 1071 3592 rex
1105 3526 1213 3592 Guido
1234 3538 1272 3592 ut

116 3633 226 3714 prinus
246 3633 479 3696 restitueretur.
507 3630 575 3694 Sed
594 3632 734 3696 marchio
755 3632 997 3714 Montisierrati,
1018 3630 1200 3716 Conredus,
1220 3633 1272 3697 cui

117 3735 289 3819 videbatur,
311 3736 397 3820 qnod
417 3745 552 3821 regnum
573 3736 615 3804 ad
636 3737 756 3801 dietam
776 3736 936 3800 dominam
957 3737 1179 3821 Elizabetbam
1198 3737 1271 3820 jure

118 3839 315 3904 haereditario
346 3841 534 3906 devolutum
566 3845 704 3924 (esset),
736 3842 829 3924 regni
859 3841 1036 3926 cupiditate
1064 3842 1182 3906 ductus
1202 3861 1271 3904 rem

17 3987 21 3995 .
120 3944 260 4020 netarium
282 3956 432 4027 operatus
453 3954 516 4030 est,
537 3957 639 4010 matre
659 3933 721 4010 sna
736 3944 929 4029 Calomarie,
950 3965 1051 4009 uxore
1071 3964 1175 4028 supra.
1191 3945 1271 4008 dicti

121 4046 275 4129 Almanei,
306 4050 361 4134 qei
382 4049 488 4116 adbuc
509 4053 658 4133 vivebot,
690 4052 929 4116 consentiente:
962 4049 1163 4134 praedictam
1183 4047 1270 4110 eninr

122 4149 327 4214 blinabetbanr
349 4175 368 4215 a
388 4154 458 4220 viro
478 4145 539 4220 suo
567 4155 708 4219 Eutredo
740 4156 847 4238 rapuit
888 4163 922 4218 et
949 4153 991 4242 de
1018 4154 1107 4216 iacto
1138 4167 1270 4214 uxorem

124 4253 209 4322 omn
242 4255 338 4338 Quod
365 4275 495 4338 enorme
516 4267 551 4324 et
571 4260 762 4353 detestabile
783 4260 904 4323 factum
926 4256 1073 4322 omnibus
1091 4255 1270 4338 peregrinis

163 4553 177 4596 t
