2842 4882
682 197 688 224 ''
753 219 819 288 orl

199 405 331 472 diversa
350 403 446 470 uobis
465 405 653 468 nmmria
683 404 938 486 procuravimus
980 402 1139 488 Maiorem
1165 406 1258 468 euim
1288 407 1403 470 solii-

199 509 371 576 citudiuem
384 519 419 572 et
439 508 590 592 majorem
612 509 831 592 provisionem
846 489 1216 595 requiritperegriuatic
1238 511 1399 591 deserti,

200 634 295 700 quarn
325 615 491 697 navigatio
511 634 571 697 per
601 633 698 677 mara.
741 616 793 677 Ea
813 615 918 698 euim,
938 634 1024 700 quae
1049 617 1144 679 boma
1166 634 1233 679 nou
1257 617 1397 698 accipit

199 721 347 788 Venetiis
368 721 571 803 necessaria,
593 720 628 783 in
648 721 806 802 portubus
828 728 861 784 et
880 721 998 784 insulis
1024 721 1172 784 invenire
1204 727 1332 802 potest
1364 729 1394 782 et

199 827 263 890 nbi
283 823 470 909 providere,
493 823 556 888 sed
583 825 617 887 in
638 823 768 888 deserto
788 844 854 888 non
886 834 963 888 suut
993 835 1107 908 portus
1133 835 1190 888 aut
1221 825 1391 907 hospitis,

200 930 261 995 sed
275 931 463 994 vastissima
476 927 627 1012 solitudo,
641 929 675 991 in
695 948 760 1014 qua
782 949 844 992 nec
857 930 983 994 bestiae
1002 949 1096 993 suurn
1111 931 1217 993 erbum
1232 933 1390 1012 reperire

198 1043 354 1120 possunt,
374 1044 410 1098 ut
431 1034 561 1118 patebit.
604 1034 681 1097 Non
713 1037 797 1099 enim
820 1036 959 1098 babituri
991 1053 1120 1098 emmus
1147 1037 1235 1097 sicut
1266 1046 1388 1117 patres

200 1142 323 1225 antiqui
343 1129 461 1204 manna
481 1137 522 1201 da
543 1139 652 1222 coelo,
673 1133 736 1203 nec
764 1158 881 1224 aquam
910 1139 951 1202 de
971 1150 1082 1223 petra,
1113 1137 1175 1202 u'ec
1199 1137 1320 1203 oleum
1346 1141 1387 1202 de

199 1263 281 1310 saxo
302 1244 482 1328 durissimo,
504 1261 566 1308 uec
585 1245 767 1308 commines
787 1243 829 1308 de
849 1245 1020 1329 Aegypto,
1043 1262 1107 1307 nec
1128 1245 1383 1327 praeservatio-

200 1369 273 1413 nem
295 1369 315 1413 a
335 1356 501 1414 vetustate
521 1355 554 1410 et
572 1365 592 1410 a
612 1349 817 1432 corruptione
829 1347 1117 1413 calceamentorum
1134 1356 1168 1411 et
1188 1352 1381 1412 vestimen-

200 1463 315 1538 lomm,
330 1473 391 1517 nec
411 1451 591 1518 columnam
611 1454 698 1535 iguis
719 1454 933 1517 illustrantem
955 1463 1094 1536 noctem,
1111 1461 1145 1517 et
1164 1453 1241 1516 ideo
1263 1462 1380 1516 eontra

201 1559 309 1624 omnia
328 1559 411 1622 baec
430 1557 596 1641 oportebat
614 1557 685 1620 lieri
707 1559 925 1640 provisionem
945 1559 986 1622 ad
1007 1556 1268 1642 plurimosdios,
1285 1560 1378 1641 quasi

201 1663 244 1728 ud
265 1664 374 1727 Xerl
395 1681 500 1747 usque
521 1664 554 1730 iu
567 1662 807 1747 Alexandriam,
829 1647 1023 1746 computatis
1042 1663 1118 1746 illis,
1139 1659 1260 1745 quibus
1283 1663 1376 1746 degi-

202 1773 264 1836 turi
286 1786 414 1833 cramus
435 1771 468 1833 in
489 1769 662 1852 Aegypto,
683 1768 760 1851 quia
788 1787 852 1830 uon
877 1769 941 1832 nisi
963 1767 1061 1830 XXV
1082 1766 1198 1830 diebus
1230 1769 1375 1831 mansuri

202 1894 330 1940 eramus
347 1875 388 1938 'in
410 1873 547 1936 deserto.
591 1872 738 1935 Eruimus
771 1891 849 1955 ergo
869 1891 971 1955 panea
992 1871 1109 1935 multos
1130 1881 1164 1934 et
1185 1889 1323 1954 saccos,
1344 1879 1374 1932 et

202 2001 261 2067 pro
290 1999 355 2043 uuo
383 1978 554 2062 peregrino
579 1984 704 2040 tantum
726 1976 768 2040 de
800 1996 885 2060 pane
906 1981 1058 2060 emimus,
1079 1984 1237 2062 quantum
1272 1979 1372 2046 tribus

202 2085 399 2166 suffecisset,
420 2092 453 2146 et
474 2083 538 2146 boc
562 2079 647 2166 ideo,
668 2090 704 2146 ut
723 2080 887 2146 Arabibus
915 2085 1009 2147 nobis
1034 2085 1068 2146 in
1101 2081 1236 2145 deserto
1257 2101 1372 2146 ocmr·

203 2193 349 2257 rentibus
375 2205 546 2273 possemus
566 2186 644 2251 dare
670 2194 705 2249 et
726 2189 917 2251 vexationes
938 2187 1104 2268 redimere.
1132 2186 1256 2270 Aliqua
1276 2188 1370 2248 etiam

202 2297 270 2360 vini
283 2294 419 2359 vascula
431 2293 475 2355 ibi
496 2295 755 2375 comparavimus
778 2301 811 2354 et
829 2302 920 2356 utres
940 2311 1045 2356 novas
1057 2312 1115 2375 pro
1128 2309 1213 2373 aqua
1226 2289 1368 2353 ferenda

202 2399 339 2482 sportas
359 2399 454 2462 etiarn
477 2415 612 2480 magnas
633 2416 692 2479 pro
722 2398 927 2480 impositione
949 2397 1104 2480 ollarum,
1124 2393 1312 2478 patellarum
1338 2404 1370 2458 et

201 2503 342 2572 omnium
365 2501 403 2564 ad
432 2504 602 2585 coquinam
624 2504 862 2585 pertinentium,
883 2502 1051 2585 tripodem,
1086 2510 1197 2565 cratem
1220 2505 1252 2558 et
1272 2517 1366 2561 veru.

204 2607 335 2672 Caveas
367 2608 461 2670 etiam
484 2618 551 2671 tres
572 2608 686 2691 plenas
718 2606 816 2689 pullis
844 2617 878 2670 et
901 2607 1034 2691 gallinis
1063 2624 1134 2668 cum
1157 2619 1220 2694 uno
1246 2621 1368 2684 magno

208 2713 283 2778 albo
303 2709 392 2796 gallo
419 2729 517 2795 super
534 2731 668 2776 caveam
694 2721 812 2794 stante,
840 2713 896 2795 qui
916 2731 975 2794 per
998 2705 1164 2773 desertum
1180 2708 1244 2785 (b)
1265 2709 1365 2770 noctis

203 2819 300 2885 horas
321 2818 414 2882 uobis
445 2817 610 2882 indiceret.
653 2818 799 2881 Emimus
835 2817 930 2879 etiam
961 2816 1043 2878 alias
1063 2815 1222 2897 oblongas
1242 2822 1363 2895 sportas
1412 2879 1413 2900 ,

202 2945 260 3011 pro
282 2925 386 3007 vitris,
407 2924 566 3007 scutellis,
587 2923 688 2986 discis
707 2921 914 3006 mensalibus,
933 2939 1030 2984 caseo
1052 2928 1087 2982 et
1106 2919 1181 2982 aliis
1199 2921 1361 3000 impanen-
1412 2905 1413 2908 '

203 3033 265 3116 dis,
287 3040 321 3095 et
334 3048 453 3114 purvas
474 3037 603 3113 sportas
619 3047 693 3091 cum
714 3027 818 3110 uncis,
839 3029 872 3089 in
895 3027 1011 3110 quibus
1032 3043 1147 3108 panem
1170 3033 1203 3086 et
1224 3024 1287 3086 alia
1304 3039 1358 3084 non
1412 3069 1413 3152 p

203 3133 324 3219 liquida
344 3135 471 3198 esibilia
489 3133 680 3197 haberemus
702 3132 796 3195 nobis
823 3130 864 3194 ad
885 3140 1020 3194 stratum
1041 3129 1125 3192 asini
1144 3147 1313 3212 suspensa,
1332 3134 1358 3186 et
1412 3185 1413 3202 ,

203 3240 372 3323 amphoras
385 3239 552 3324 aquaticas
573 3246 605 3299 et
627 3238 787 3300 flascones
809 3255 882 3300 cum
900 3237 972 3298 suis
989 3235 1095 3303 uncis.
1127 3233 1253 3296 Saccus
1275 3233 1355 3294 etiam
1412 3271 1413 3288 2

203 3361 275 3406 oum
299 3344 473 3406 exsiccatis
495 3342 657 3423 carnibus,
677 3359 785 3423 caseo,
805 3342 930 3426 butyro,
952 3339 1035 3423 olco,
1050 3347 1153 3422 aceto,
1175 3338 1278 3401 fracto
1298 3337 1354 3397 irn-

202 3453 308 3509 mcnto
331 3466 387 3529 pro
399 3448 573 3530 pulmento,
597 3449 718 3530 caepis,
737 3448 814 3529 riso,
834 3447 1027 3529 amygdalis,
1050 3443 1268 3522 salsamentis,
1287 3457 1351 3503 con·

203 3549 296 3616 iactis
318 3550 466 3635 diversis,
478 3552 624 3615 dulcibus
646 3557 680 3624 et
694 3551 811 3614 omaus
824 3571 881 3634 pro
902 3551 1048 3632 infirmis,
1061 3556 1092 3610 ct
1114 3545 1352 3622 medicinalibus,

201 3655 373 3721 luminibus
394 3657 508 3740 etiam,
531 3656 775 3736 calceamentis,
803 3665 835 3718 ct
856 3657 975 3738 sportis
1001 3653 1124 3718 duabus
1144 3649 1270 3734 repletis
1288 3645 1349 3707 ovis

201 3767 234 3824 et
253 3759 324 3824 aliis
345 3760 537 3843 hujusmodi,
558 3762 674 3843 quibus
695 3741 790 3824 bomo
812 3761 972 3824 communi
993 3777 1090 3822 cursu
1109 3755 1255 3839 indigere
1269 3749 1352 3815 solet·

199 3861 356 3930 buerunt
386 3865 449 3948 ipsi
486 3865 649 3928 camelarii
677 3882 793 3930 saccas
827 3884 901 3928 cum
939 3863 1059 3927 hordeo
1085 3881 1144 3946 pro
1176 3858 1357 3924 camelorum

200 3967 336 4054 pabulo,
365 3977 398 4031 et
425 3967 573 4051 siliqua‘m
604 3990 663 4052 pro
691 3972 883 4034 nutrimento
909 3970 1083 4036 asinorum.
1123 3967 1166 4029 ln
1186 3965 1231 4026 ita
1254 3963 1359 4041 omnia,

200 4089 285 4154 quae
307 4072 338 4132 iu
366 4073 549 4135 Jerusalem
571 4074 723 4139 oblivioni
750 4054 955 4156 tradidirmis,
977 4077 1010 4136 in
1032 4070 1126 4136 Gaza
1146 4067 1360 4150 supplevimus

198 4169 261 4234 boc
292 4173 353 4234 tlie.
396 4175 445 4235 lia
466 4173 527 4235 ‘die
550 4176 647 4257 aliqui
675 4181 837 4258 peregrini
858 4176 1047 4240 decidemnt
1067 4180 1100 4238 in
1130 4172 1357 4254 aegritudinem

200 4283 343 4349 gravem,
371 4275 417 4337 ita
438 4273 523 4355 quod
545 4275 587 4337 da
608 4279 676 4341 vita
697 4299 806 4344 eorum
829 4301 893 4344 uon
913 4290 1002 4344 esset
1022 4281 1116 4344 nobis
1134 4291 1254 4358 magua
1281 4293 1361 4360 spes.
