2896 4872
637 283 815 390 85⁷,

85 477 140 532 est
168 465 314 532 monada
330 463 574 531 Pbilistinornm
596 467 715 530 civitae
738 444 892 530 Acbarou
917 445 1078 548 quine-m
1111 441 1258 550 &nediu

15 653 22 664 ⁸
80 572 120 635 in
142 589 208 658 qne
228 588 378 663 magnum
401 578 471 632 erat
491 570 643 652 templum
665 571 745 634 Baol
767 573 840 634 sive
860 570 1062 646 Beelzebub,
1084 573 1142 654 qui
1163 569 1257 634 dicei·

1 3369 3 3408 l

85 671 182 738 batur
204 675 297 737 Dens
318 674 481 758 Acheron,
504 673 590 738 unde
603 673 766 739 Oobouias
787 694 844 740 rex
864 674 964 738 lsrael
985 691 1061 738 oum
1080 673 1256 740 occidisset

1 815 3 834 ι
86 797 145 862 per
183 779 348 842 caucellos
381 778 551 866 coenaculi
581 780 651 860 sni,
694 781 781 842 misit
808 779 850 844 ad
884 779 1116 845 consulendum
1149 779 1255 844 neom

84 885 257 965 Acbarcn,
279 883 475 966 Beelzebub,
496 891 530 946 ut
552 882 689 947 babetur
708 886 741 948 4.
762 884 845 968 Beg.
869 887 898 948 1.
940 885 985 948 lllt
1006 882 1126 948 Judael
1150 879 1256 947 domi-

82 1007 161 1051 uum
193 988 309 1050 Jesnm
341 986 557 1068 infamabant,
594 987 681 1070 qnod
711 989 846 1052 baberet
863 998 1007 1075 *paetum
1037 1001 1112 1050 enm
1143 984 1257 1050 eodem

82 1091 258 1173 daemone,
280 1090 444 1160 dieentesz
477 1093 520 1154 in·
533 1091 718 1154 Beelzebub
740 1093 886 1176 principe
907 1093 1147 1158 daemoniorum
1170 1090 1258 1172 epidi

79 1195 268 1276 daemonis,
288 1196 369 1260 Irus.
392 1197 452 1265 xl.
492 1198 585 1260 Haec
608 1197 806 1260 civiles-fuit
834 1197 912 1260 data
938 1198 1034 1260 tribui
1060 1197 1164 1278 Juda,
1195 1193 1255 1258 sed

81 1316 259 1382 numquam
280 1312 454 1383 possesse,
485 1304 561 1384 quia
581 1313 660 1364 non·
676 1300 908 1384 praevalebunt
932 1311 1044 1366 contra
1066 1301 1139 1384 ejus
1160 1301 1256 1370 bebi,-

78 1414 207 1479 tatores
219 1407 379 1487 gigantes.
410 1405 552 1470 Ulterius
574 1405 801 1470 descendendo
821 1424 881 1489 per
899 1407 998 1469 maris
1016 1406 1105 1470 littus
1125 1405 1254 1475 venitur

82 1508 126 1572 ed
156 1509 318 1592 Azotum,
358 1529 443 1593 qnae
482 1510 658 1590 tertiaeet
688 1509 926 1574 Philistinornm
953 1511 1090 1594 civitas,
1120 1509 1254 1574 decreta

1 1675 2 1686 ,
81 1611 213 1696 quidem
227 1632 293 1695 per
311 1607 446 1677 desuem
469 1615 567 1678 tribui
588 1613 706 1698 dudae,
728 1613 788 1676 sed
810 1633 875 1721 non
895 1621 1004 1697 tenta,
1026 1617 1102 1700 qnia
1123 1615 1253 1680 habito·

1 1779 3 1804 ,
78 1726 169 1780 tores
189 1719 342 1799 pristinos
363 1720 512 1801 nequivit
544 1719 722 1801 expelleres
759 1721 797 1780 ln
818 1721 881 1783 boc
901 1721 1035 1784 civitate
1055 1728 1125 1782 erat
1144 1727 1252 1800 temp,-

45 1824 47 1826 ’
77 1822 285 1906 lum-Dagon
314 1841 485 1905 magunum,
511 1823 545 1885 in
572 1822 659 1906 quod
685 1822 827 1886 tulerunt
854 1821 1027 1888 Philistaei
1053 1841 1161 1887 arcam
1189 1821 1252 1884 Dei

76 1927 196 2008 isreel,
218 1945 292 1990 cum
313 1945 384 1989 mm
406 1927 588 2009 cepissent,
615 1925 676 1988 sed
696 1927 814 2008 Dagon
845 1925 963 1990 idolum
986 1931 1106 1992 corruit
1135 1936 1169 1991 et
1189 1943 1252 2010 pe-

77 2030 178 2112 pulns
196 2029 493 2113 pereussnsfplage
514 2047 633 2112 megae
654 2031 734 2112 luit,
763 2039 800 2095 ut
826 2039 916 2113 patet
943 2033 972 2094 l.
1007 2031 1089 2114 Beg.
1114 2031 1158 2094 V.
1201 2031 1253 2092 De

77 2135 143 2196 lrao
167 2133 302 2195 civitate
323 2131 550 2197 descendendo
571 2151 670 2218 super
685 2135 784 2196 maria
815 2135 908 2198 littus
933 2137 1063 2199 venitur
1091 2134 1133 2196 ad
1154 2151 1254 2216 qner-

79 2247 147 2300 tam
162 2236 407 2312 Pbilisssnorunr
427 2239 548 2321 urbem,
570 2237 612 2300 od
625 2238 834 2322 Ascalonem,
858 2239 899 2302 de
915 2257 980 2322 prro
992 2239 1191 2321 Jero'nymns
1212 2236 1254 2300 de

80 2341 243 2408 distantiis
264 2342 407 2406 locorum
420 2342 513 2405 dicit:
534 2341 680 2409 Ascalon
702 2343 778 2405 nrbs
800 2332 917 2408 nobilis
930 2344 1253 2427 Palaestinoe‚'qnae

78 2447 258 2531 antiquitus
279 2447 339 2510 fuit
353 2465 418 2510 uno
440 2447 482 2510 de
502 2449 645 2530 quinque
666 2442 807 2531 subrepis
823 2448 1079 2530 Pbilistinurum,
1100 2455 1250 2530 separate

77 2553 173 2617 tribui
181 2552 272 2615 ¹ludu
282 2571 341 2634 per
351 2562 482 2636 sortem,
505 2561 612 2616 tamen
632 2559 837 2620 nonretenta
849 2553 916 2634 (b)
934 2554 975 2616 eb
988 2571 1045 2635 ea,
1058 2533 1142 2635 'quia
1153 2553 1249 2615 babi-

79 2666 203 2720 latores
221 2642 293 2739 ejus
305 2676 459 2740 superare
479 2677 544 2722 non
565 2660 677 2741 potuit.
705 2661 798 2721 Haec
820 2658 938 2721 civitas
954 2659 1140 2722 novissimo
1162 2665 1248 2719 tem·

78 2780 162 2844 pore
182 2767 322 2844 magnae
347 2755 550 2826 ‚fortitudinis
578 2765 648 2826 fuit.
692 2763 778 2826 Nam
808 2757 983 2826 Saladinbs
1010 2781 1068 2825 rex
1093 2763 1247 2844 Aegypti,

76 2863 333 2932 Christianorum
355 2865 514 2946 stimulus,
534 2869 587 2930 vir
605 2869 719 2948 ntique
734 2865 1015 2950 bellicosissimus,
1037 2884 1111 2930 eum
1124 2868 1247 2949 passim

76 2965 283 3030 Christianos
305 2967 491 3032 devinceret
510 2979 543 3042 et
564 2969 605 3032 de
627 2971 710 3032 locis
732 2969 865 3054 ejiceret
900 2969 1030 3055 iamque
1051 2987 1162 3052 regam
1184 2969 1247 3030 Je-

77 3071 220 3140 rusalem
248 3071 427 3134 Gnidonem
450 3081 484 3134 et
505 3075 694 3155 magistrum
724 3074 836 3156 templi
862 3090 934 3137 enm
958 3074 1117 3140 nobilibus
1141 3073 1247 3154 capti-

0 3183 2 3190 ’
74 3184 208 3258 vassei,
239 3176 393 3258 applicuit
426 3178 620 3240 Ascalonem
643 3196 715 3240 enm
737 3178 859 3260 ingenti
886 3181 1028 3242 exercitu
1051 3191 1246 3262 oppugnans

74 3280 261 3362 civitatem,
284 3279 344 3343 sed
366 3282 442 3346 nibil
469 3281 612 3365 profecit.
658 3281 765 3345 Solvit
798 3301 876 3366 ergo
906 3283 1106 3348 obsidionem
1138 3290 1172 3344 et
1204 3280 1246 3344 ad

75 3383 262 3448 Jerusalem
283 3386 446 3450 civitatem
466 3394 613 3450 sanctem
634 3387 784 3450 ascendit
798 3389 1042 3472 eumqueoepit,
1065 3396 1100 3450 ut
1122 3387 1246 3452 dictum

72 3497 126 3552 est
137 3487 175 3557 Ρ.
199 3490 226 3552 l.
249 3489 321 3552 Bul.
343 3491 416 3554 268.
461 3491 567 3576 Copta
586 3494 693 3556 eutem
712 3473 1056 3576 ierosolymitanum
1079 3493 1245 3557 descendit

70 3604 105 3656 et
122 3594 319 3659 Ascalonem
342 3593 481 3679 obsedit,
504 3592 566 3661 n'eo
587 3593 657 3660 eam
681 3616 798 3681 cepere
819 3599 923 3682 potuit
950 3599 1014 3661 nial
1045 3599 1107 3662 buc
1128 3597 1245 3660 coodi-

67 3700 175 3780 tione,
207 3702 236 3763 si
263 3720 373 3786 regem
400 3702 582 3766 Jerusalem
611 3713 643 3765 et
670 3705 858 3787 magistrum
894 3702 1004 3785 templi
1033 3720 1106 3766 cnm
1133 3721 1244 3767 eornm
1334 3778 1338 3786 1

69 3805 231 3868 rrobillbus
252 3804 372 3872 liberos
392 3808 481 3872 abire
501 3811 711 3892 permitteret,
723 3827 771 3871 ,se
791 3815 909 3891 sponte
930 3809 1095 3872 civitatem
1118 3808 1244 3872 trudere

1 3993 3 4030 Ι
65 3908 203 3990 vellent,
225 3911 310 3992 qnod
328 3914 472 3994 promisit
494 3922 528 3976 et
553 3915 666 3995 terruit,
689 3913 804 3996 sicque
823 3913 1020 3978 Ascalonem
1043 3915 1179 3995 accepit.

53 4107 56 4112 ι
155 4011 207 4074 De
228 4015 289 4078 bac
301 4017 433 4080 civitate
447 4026 684 4099 consequenter
697 4017 924 4081 descendendo
947 4037 1006 4099 per
1031 4017 1121 4080 littus
1141 4007 1243 4080 maris

63 4119 201 4182 venitur
221 4117 262 4182 ed
283 4119 436 4202 quintam·
449 4121 612 4185 unitatem
625 4120 876 4204 Philistinorum,
898 4137 984 4206 qnae
1003 4120 1119 4183 dicitur
1137 4118 1243 4187 Bane>

1 4233 3 4303 ζ
59 4222 122 4286 vel
144 4223 290 4308 Gazara,
307 4223 348 4286 ud
370 4242 465 4306 qnam
490 4235 522 4288 et
542 4243 602 4288 nos
623 4225 687 4307 ipsi
709 4225 743 4286 in
761 4225 830 4286 bac·
843 4225 898 4287 via
916 4223 1142 4286 festinavimus
1164 4219 1247 4285 des-

1 4305 4 4344 ¹
61 4327 219 4409 condere,
232 4317 370 4410 quotuor
389 4311 452 4391 iam
474 4328 581 4393 dietas
597 4326 753 4412 'oivltutes
775 4325 1035 4408 derelinquentes
1055 4324 1098 4416 ad
1118 4331 1248 4406 portem*
