2954 4914
647 360 668 381 .·
697 311 760 378 tns

135 501 225 585 ignis
246 499 280 565 in
304 515 345 560 ea
376 493 477 565 ardet.
520 494 565 573 Et
594 493 805 590 nauitafxtadia
825 491 867 556 de
887 509 927 558 ao
954 492 1109 564 dicuutur
1131 491 1236 578 ’ψει-1,
1265 493 1308 560 de

70 621 75 628 ·
134 607 255 696 quibus
278 603 357 674 dicit
379 601 562 684 tusculano,
583 597 801 684 quod-fabula
822 598 927 670 maris
946 600 1062 672 mortui
1083 597 1178 672 fldem
1200 600 1305 664 babet.

14 703 18 784 ζ
220 710 351 774 Dicitur
378 707 475 789 etiam
505 705 570 794 hoc
595 722 685 767 mare
706 705 738 766 in
761 703 938 785 Scriptura·
966 722 1055 767 mare
1081 703 1306 788 aalsbsimrn,
1396 747 1402 754 -

15 793 16 798 ἵ
136 817 308 880 Numeror.
341 813 405 894 34,
428 820 461 872 et
492 810 618 890 Juguae
646 809 722 874 ΧΗ.
773 806 851 870 Ideo
883 815 992 872 autem
1025 810 1059 872 iu
1078 808 1247 892 Scriptura
1272 809 1307 874 iu

136 920 338 1004 superlativo
365 916 547 979 nominatur
576 896 808 997 salsissimum,
839 914 920 1000 quia·
936 912 1057 976 nullum
1087 933 1175 976 mare
1197 913 1306 978 mundi

137 1031 190 1088 est
212 1043 251 1087 eo
274 1021 412 1103 salsius,
448 1037 510 1082 uec
537 1017 645 1102 aliqua
675 1023 760 1102 'aqua
774 1018 891 1081 'dulcis
922 1025 1032 1100 potest
1063 1023 1184 1096 titutum·
1216 1019 1306 1083 saliri

136 1129 208 1192 saie
229 1136 350 1208 nostru,
369 1123 455 1209 quod
476 1122 516 1188 ad
534 1141 716 1188 mensuram
735 1121 1015 1187 illius'salsediuis
1033 1131 1067 1188 ct
1085 1123 1306 1194 amaritudinis

135 1234 317 1318 perveniat.
420 1204 434 1227 ⁶
804 1235 808 1242 '
1377 1319 1379 1326 Ι

220 1338 345 1408 Dicitur
368 1335 465 1396 etiam
487 1351 577 1395 mare
604 1318 694 1397 sutis'
719 1331 997 1416 Geu'14.,quia
1026 1329 1080 1395 sal'
1107 1333 1153 1395 ibi
1171 1332 1305 1416 'copiose

135 1443 289 1525 habetur,
319 1449 353 1500 et
373 1457 458 1520 aqua
494 1439 618 1513 hausta
638 1457 693 1499 ex·
713 1438 776 1501 hoc
806 1440 886 1528 mari
925 1447 967 1527 et¹
988 1435 1030 1500 ad
1052 1437 1167 1502 solem.
1196 1438 1304 1520 posita
1388 1454 1391 1460 ·

113 1547 244 1609 ¹statim
266 1544 315 1607 sal
338 1543 486 1608 efficitur.
517 1542 767 1626 Nonnumquam
790 1525 887 1632 etiam
908 1555 998 1605 mare
1017 1527 1204 1626 salinarum,
1227 1543 1304 1626 quia
1351 1536 1355 1544 '

15 1679 16 1688 ¹
77 1694 83 1701 -
137 1648 401 1713 multae-saliuae
421 1649 465 1710 rbi
488 1647 647 1739 qnondam
667 1653 771 1728 'crant,
785 1655 822 1708 et
842 1655 976 1729 possent
998 1648 1195 1711 essehodie.
1219 1637 1304 1712 Sunt

137 1755 232 1828 etiam
251 1754 346 1836 juxta
364 1753 426 1816 hoc
448 1771 536 1816 mare
561 1751 804 1834 mutassetis,
827 1761 859 1814 et
880 1770 962 1843 saxa
984 1754 1121 1846 coutrita
1135 1753 1191 1846 *sal
1215 1761 1301 1816 sunt.

100 1935 102 1940 Ι
136 1860 174 1922 lu
196 1860 344 1942 opposita
361 1859 502 1943 ‘regione
533 1855 709 1948 Moabitide
738 1855 877 1918 vidimus
905 1863 1047 1942 montem
1073 1857 1180 1920 album
1201 1874 1318 1920 saxu*
1368 1897 1371 1903 -

115 1981 225 2048 sum,
247 1962 341 2051 cujus
362 1971 431 2025 tota
449 1963 623 2045 corigeries
645 1960 693 2022 cal
709 1958 844 2042 'est„et
865 1960 990 2044 lapides
1012 1960 1084 2042 ejus
1104 1963 1233 2032 enutriti
1253 1961 1304 2026 sal
1364 1981 1377 2004 ¹
1410 1975 1414 1984 '
1448 1975 1452 1982 '

136 2071 291 2152 optimum
312 2077 379 2150 est,
401 2068 488 2129 sicut
519 2074 555 2134 ct
573 2063 644 2146 ejus
673 2082 780 2126 arena.
824 2064 866 2128 Et
887 2067 951 2130 hoc
980 2067 1049 2150 sal,
1081 2067 1130 2129 sic
1156 2066 1197 2128 de
1219 2075 1306 2129 terra

129 2166 295 2254 -sumt'aria,
325 2170 440 2235 dicitur
470 2167 600 2253 propria
628 2168 681 2232 sal
714 2179 838 2251 terrae,
870 2172 922 2232 cui
954 2165 1115 2254 ccacduat
1144 2171 1314 2233 Dominus.
1435 2219 1438 2226 ,

136 2295 215 2366 suos
238 2276 426 2365 discipulo&
445 2272 564 2365 Mattb.
586 2274 628 2337 V.
651 2273 780 2336 diceus:
803 2275 875 2338 Vos
897 2279 979 2338 estis
1000 2276 1051 2342 sal
1068 2284 1183 2338 terrae.
1208 2272 1311 2350 Quod·

135 2382 248 2465 utique
269 2381 320 2444 sal
341 2383 494 2464 optimum
510 2389 567 2445 est
593 2389 627 2442 ct
646 2381 751 2463 magis
781 2379 954 2464 pretiosum
982 2400 1079 2466 quam
1114 2380 1307 2463 salaqnam·
1357 2405 1360 2411 ·

37 2561 38 2566 γ
135 2486 223 2570 quod
252 2505 295 2549 ex
326 2475 519 2565 decoctione
552 2495 619 2568 est,
652 2487 737 2548 siout
773 2495 823 2548 est
845 2487 905 2549 sal
941 2497 1102 2570 nostrum,
1133 2495 1168 2550 et
1198 2486 1251 2548 sat·
1269 2487 1304 2547 in
1338 2503 1341 2508 ·

134 2592 247 2655 saliuis
274 2585 394 2656 iactum
424 2571 465 2655 ad
493 2591 574 2658 colis
607 2589 762 2672 calorem,
796 2592 881 2655 siout
909 2611 1009 2676 saepe
1031 2593 1109 2656 'vidi
1141 2581 1238 2656 etiam
1268 2593 1305 2654 iu

134 2696 293 2760 littoribus
320 2698 427 2760 maris
456 2699 568 2760 nostri.
611 2697 754 2762 Diuersa
786 2700 870 2778 euim
903 2716 1026 2782 genera
1056 2698 1136 2762 salis
1163 2697 1197 2760 iu
1214 2697 1306 2787 „orbe

53 2882 57 2888 Α
135 2802 347 2884 reperiuntur.
390 2801 478 2862 Nam
513 2802 552 2884 iu
579 2799 692 2867 Sicilie
725 2787 775 2866 est
799 2803 867 2885 sal,
900 2803 987 2886 quod
1016 2822 1121 2886 aquus
1152 2801 1305 2885 injenium

134 2905 316 2989 induratur,
333 2915 373 2968 vet
393 2905 462 2988 igni
483 2905 679 2987 applicatum
702 2905 898 2971 dissolvitur.

217 3012 255 3073 ln
292 3008 437 3092 Cyrenis
464 3011 628 3072 invenitur
644 3012 723 3073 *sub
755 3013 932 3073 arccana!
964 3014 1173 3076 aromaticam
1208 3013 1306 3078 valde

135 3116 324 3198 pretiosum.
366 3113 406 3174 lu
429 3115 653 3177 excrescentia
672 3115 727 3178 vel
750 3115 972 3190 decrescentia
999 3115 1096 3178 tunae
1117 3117 1306 3200 plerumque
1402 3096 1406 3108 ⁶

133 3222 167 3282 iu
200 3214 387 3299 regionibus
418 3225 495 3279 suut
525 3226 652 3282 montes
682 3218 766 3290 salis,
796 3217 980 3302 durissimi,
1013 3218 1192 3302 dequibus
1220 3219 1305 3282 ferro

133 3323 186 3388 sai
208 3321 346 3405 raditur,
376 3330 408 3384 et
430 3320 472 3384 de
492 3323 583 3386 saxis
616 3323 696 3386 salis
724 3323 868 3407 mandes
899 3325 981 3386 muri
1010 3333 1043 3386 et
1063 3323 1212 3387 aedificia
1241 3324 1308 3386 eri·

133 3436 271 3510 guntur,
303 3433 341 3488 ut
370 3427 404 3489 iu
438 3428 615 3491 Pauneuia.
665 3428 843 3513 Reponitur
874 3430 972 3492 etiam
1004 3429 1053 3492 sal
1085 3431 1226 3512 nigrum,
1256 3429 1306 3492 sai

132 3551 336 3616 purpureum,
357 3533 406 3594 sal
427 3534 562 3616 gilinum
583 3534 656 3599 sive
677 3551 837 3616 croceum,
859 3536 938 3598 item
956 3533 1005 3597 sal
1027 3535 1303 3600 candidissimum.

216 3638 411 3702 Nominatur
432 3639 528 3702 etiam
563 3656 652 3708 mare
684 3639 820 3724 ascelti,
853 3641 940 3702 sicut
960 3648 1036 3702 autc
1060 3640 1305 3705 conversionum

134 3742 307 3812 dicebatur
326 3743 424 3808 vallis
456 3744 573 3826 aspalti
613 3745 685 3808 sive
719 3745 904 3826 bituminis,
937 3746 1014 3830 quie
1044 3745 1151 3809 adhuc
1177 3746 1210 3809 iu
1232 3746 1305 3828 ejus

133 3829 240 3918 littore
261 3855 340 3910 suut
362 3851 452 3930 putei
473 3849 656 3932 bituminis,
679 3849 764 3933 quod
788 3849 944 3913 effossum
965 3851 1133 3934 venditur,
1156 3852 1233 3934 quia
1254 3858 1305 3914 cst

132 3952 266 4016 materia
292 3952 489 4018 solidissima
524 3973 582 4036 pru
617 3957 735 4038 muris,
772 3961 806 4034 et
834 3955 929 4046 juxta
963 3965 1079 4038 puteos
1111 3958 1185 4019 iilos
1217 3963 1305 4019 staut

132 4055 316 4138 pyramides
338 4064 487 4120 muratae
513 4057 610 4125 uitae.
653 4059 701 4120 ibi
724 4063 820 4122 etiam
844 4055 945 4136 (241
958 4061 1011 4144 Δ)
1033 4063 1196 4125 iuvenitur
1216 4063 1305 4125 bitu·

131 4161 396 4242 meu,11uodde
419 4163 499 4224 mari
522 4180 581 4245 per
605 4174 722 4227 ventos
742 4163 872 4246 ejicitur
897 4163 939 4227 ad
960 4165 1065 4248 littus,
1099 4176 1132 4230 et
1152 4167 1305 4230 cohaeret

132 4264 195 4340 sibi
217 4272 329 4330 mutuo
357 4265 553 4350 tortisctme,
581 4286 643 4332 uec
671 4269 757 4346 solui
779 4276 907 4352 potest,
940 4271 1004 4332 uisi
1031 4273 1191 4354 sarrguiue
1211 4287 1306 4331 meu-

132 4375 232 4451 struo,
245 4376 280 4432 et
302 4372 484 4453 appellatur
498 4372 611 4455 gluten
631 4372 815 4456 Judaicum,
833 4383 866 4436 et
887 4375 1062 4438 assumitur
1082 4378 1115 4436 iu
1137 4373 1305 4437 medicinis
1328 4455 1337 4474 1
