2926 5050
748 295 754 304 ⁸
781 297 790 308 ἱ

478 396 483 405 -
661 361 706 430 bd

605 461 608 468 ,

77 546 151 610 sed
177 555 313 612 nonest
334 549 387 608 ite.
442 545 506 608 Ubi
527 553 634 608 antem
659 542 721 608 duo
742 546 797 608 isti
818 552 945 610 montes
966 544 1187 629 sinoponbtt
1208 541 1263 606 iot.

77 651 170 714 205.
193 652 229 714 B.
284 653 321 712 in
349 668 506 731 processu
540 659 646 726 autem
669 651 819 713 venimus
848 649 889 713 ad
919 652 1111 733 campestria
1132 647 1265 714 Jerieho

5 823 6 834 χ
81 755 216 820 adusta
237 755 316 818 solis
339 753 524 835 ardoribus,
544 755 577 816 in
598 753 704 817 locum
727 751 882 836 Galgale,
904 755 945 818 de
966 773 1029 836 quo
1052 755 1124 818 ioco
1147 754 1266 819 multo·

5 839 6 864 ¹
83 861 161 920 ties
183 877 277 921 sacre
297 857 467 939 Scriptura
488 859 568 920 saeit
596 859 801 920 mentionem.
845 860 883 922 In
905 859 968 922 hoc
990 859 1060 922 loco
1081 858 1138 922 filii
1163 855 1265 920 lsrael

5 1037 6 1040 Ἴ
84 965 334 1026 castrametati
354 973 430 1026 sunt
462 965 597 1028 transito
618 961 762 1024 Jordane
785 969 817 1022 et
844 963 980 1044 primam
1002 959 1200 1026 mansionem
1220 961 1266 1024 ibi

88 1181 127 1232 et
164 1171 410 1234 celebraverunt
442 1173 486 1234 ibi
522 1172 645 1254 paseha
686 1168 782 1232 etde
811 1170 967 1234 fructibus
996 1178 1102 1232 terrae
1132 1177 1267 1232 sanctae

91 1277 295 1339 manducare
325 1285 518 1358 coeperunt,
556 1295 618 1339 rrec
640 1275 778 1357 amplios
800 1293 917 1340 manna
939 1274 980 1338 de
1001 1275 1093 1339 eoelo
1116 1276 1164 1336 eis
1185 1273 1266 1355 ptuit

6 1399 7 1409 ¹
88 1384 238 1462 gustatis
260 1382 417 1444 fructibus
445 1389 549 1442 terrae
572 1389 722 1462 sanetae,
752 1389 787 1442 nt
815 1381 950 1443 habetur
979 1377 1263 1444 sostratae.

91 1486 248 1548 Aestima
283 1494 408 1568 entem,
441 1485 602 1568 quoditie
625 1487 658 1548 in
681 1495 840 1568 tempore,
877 1503 941 1569 quo
969 1485 1074 1548 Josua
1095 1503 1168 1546 cum
1189 1481 1266 1546 filiis

92 1590 201 1652 lsrael
223 1592 256 1652 in
269 1590 424 1672 Getgalas
446 1591 545 1672 venit,
564 1591 685 1654 nullum
704 1592 748 1654 ibi
770 1591 867 1652 suerit
886 1589 1078 1671 aediticium,
1099 1607 1160 1652 nec
1177 1587 1266 1668 villa,

5 1777 6 1780 Ἴ
92 1710 160 1755 nec
182 1695 316 1777 civitas,
340 1695 400 1758 sed
421 1714 520 1778 snper
541 1695 658 1760 nudam
680 1697 809 1760 humum
832 1697 995 1759 exereitus
1017 1712 1056 1759 se
1083 1691 1210 1756 diffudit
1231 1693 1265 1756 in

5 1783 6 1798 ³
92 1800 334 1878 campestribus
368 1800 509 1862 Jcrieho.
553 1799 621 1863 Sed
648 1809 818 1883 postquam
840 1800 897 1862 tilii
918 1800 1021 1863 lsrael
1052 1799 1191 1861 tentorio
1221 1797 1267 1858 ihi

5 1881 6 1920 ³
93 1901 256 1986 fixerunt,
278 1903 427 1967 aedificia
448 1906 557 1988 aliqua
577 1905 622 1969 ibi
641 1911 871 1968 exstruxemnt
892 1923 949 1986 pro
970 1902 1176 1968 tabernaculo
1195 1902 1267 1964 Do-

94 2008 176 2068 mini
209 2014 242 2068 et
273 2025 349 2069 arca
375 2013 577 2092 testamenti,
610 2028 694 2094 quae
716 2009 825 2073 multis
848 2009 1044 2090 temporibus
1067 2009 1110 2070 ibi
1138 2007 1266 2088 marisii,

96 2120 133 2172 et
164 2131 221 2192 pro
253 2111 317 2172 xli
350 2112 527 2196 lapidibus,
560 2135 642 2199 qnos
669 2115 775 2178 Josna
798 2113 945 2195 jusserat
974 2112 1060 2175 filios
1092 2111 1194 2174 Israel
1224 2109 1266 2176 de

5 2199 6 2234 ³
95 2215 245 2278 Jordane
270 2215 398 2296 toliere,
426 2219 634 2303 quandoper
659 2218 798 2280 medium
830 2201 913 2278 alvei
935 2216 1156 2278 transiverunt
1168 2217 1267 2282 ‘sicco

5 2391 7 2404 7
97 2318 199 2400 pede,
234 2337 316 2402 quos
350 2320 443 2382 etiam
472 2325 580 2403 posuit
615 2325 649 2385 in
682 2321 847 2404 Gargaris,
877 2328 912 2382 ut
941 2319 1058 2382 dieitur
1088 2319 1213 2384 Josoae
1235 2322 1266 2383 d.
1303 2363 1308 2370 -

176 2423 260 2505 [regi
280 2425 313 2486 in
335 2442 398 2486 ιιιιο
420 2429 645 2491 vetustissimo
667 2425 874 2509 peregrinali‚
897 2422 983 2506 quod
1005 2425 1038 2486 in
1063 2423 1211 2507 Golgalis
1233 2427 1265 2488 in

6 2607 7 2610 Ἴ
99 2547 138 2592 eo
159 2528 247 2611 ioco,
280 2529 334 2590 nbi
356 2545 432 2592 arca
451 2530 580 2596 Domini
607 2541 741 2597 steterat
779 2541 811 2593 et
833 2531 866 2594 in
888 2511 953 2612 qno
976 2528 1023 2590 ilii
1044 2529 1108 2591 XII
1138 2527 1266 2613 lapidei

96 2632 264 2716 jacebant,
287 2633 462 2698 Christiani
484 2638 646 2720 quondam
674 2638 840 2701 solennem
864 2634 1035 2697 eeclesiam
1068 2633 1267 2698 aedificave-

100 2747 183 2819 runt,
209 2740 243 2800 in
264 2758 328 2822 qua
349 2742 481 2820 repositi
502 2753 593 2805 erant
615 2742 771 2825 praedicti
793 2740 931 2822 lapides,
953 2749 986 2802 et
1010 2749 1100 2802 erant
1122 2741 1266 2824 impoliti,

103 2851 134 2904 et
162 2850 226 2904 tarn
252 2844 376 2925 magni,
409 2855 448 2910 ut
477 2847 539 2910 duo
569 2849 632 2911 viri
660 2867 725 2910 non
756 2854 904 2928 poterant
935 2844 1076 2907 feciliter
1105 2864 1204 2909 unum
1226 2845 1267 2908 de

103 2956 187 3008 terre
216 2946 334 3010 levare.
384 2950 435 3012 De
469 2952 587 3034 quibus
617 2969 703 3014 unns
734 2950 842 3030 atiquo
874 2969 954 3012 casn
981 2951 1016 3012 in
1044 2948 1125 3012 dues
1158 2958 1267 3031 partes

105 3049 289 3111 confractus
311 3060 380 3134 est,
411 3062 445 3114 et
465 3055 580 3118 iterum
608 3055 693 3117 ferro
715 3053 925 3116 artificialiter
945 3052 1088 3134 junctus.
1131 3053 1183 3113 De
1202 3055 1268 3116 ista

5 3145 6 3180 ³
105 3159 212 3214 tamen
243 3152 382 3216 ccclesia
409 3173 469 3220 nos
491 3157 601 3220 ruinas
628 3176 692 3219 non
714 3164 899 3238 poteramus
921 3155 1139 3237 considerare,
1161 3157 1267 3219 locum

5 3263 6 3276 ¹
106 3263 218 3352 tamen
240 3257 450 3322 libentissime
471 3259 630 3336 vidimus,
662 3268 694 3322 ct
728 3258 932 3343 procidentes
960 3261 1090 3321 humum
1118 3265 1267 3326 sanetum

106 3361 283 3425 deosculati
309 3361 423 3444 (2⁰8
433 3365 486 3442 Α)
509 3382 640 3448 snmus,
665 3367 721 3450 qni
737 3363 885 3447 proiecto
902 3347 1124 3446 sanctus-est,
1147 3365 1180 3426 in
1203 3383 1267 3449 quo

104 3467 209 3529 Josua
232 3465 347 3548 jussus
369 3476 421 3530 est
451 3469 671 3533 calceamenta
691 3469 811 3552 pedum
833 3487 960 3532 exuere.
976 3529 984 3540 ,
1001 3468 1089 3532 Nam
1111 3487 1184 3532 curn
1217 3471 1268 3535 vir

105 3579 236 3659 sanetus
258 3578 292 3634 et
310 3572 419 3655 fortis,
445 3574 567 3654 Jmna,
589 3576 635 3638 ibi
655 3581 745 3638 esset
765 3575 799 3636 in
822 3591 919 3656 ogre,
940 3572 1023 3636 vidit
1041 3573 1146 3636 vimm
1172 3583 1266 3638 stan·

107 3683 170 3737 tem
193 3693 265 3739 cnm
288 3673 461 3759 evaginato
481 3679 591 3762 gladio
614 3689 689 3742 ante
711 3697 767 3760 se,
790 3677 831 3740 ad
856 3697 952 3760 quern
980 3677 1143 3742 accedens
1161 3682 1267 3744 intre·

105 3779 177 3862 pide
202 3780 307 3844 desua
329 3781 424 3845 dixit:
461 3791 582 3847 noster·
603 3801 652 3868 es,
684 3796 727 3846 an
755 3779 1040 3852 terminarunt
1067 3782 1265 3866 Respondit:

106 3903 322 3969 nequaquam,
367 3887 427 3950 sed
464 3907 536 3952 snm
573 3889 699 3952 scitica
728 3889 870 3952 Michael
911 3890 1063 3971 princeps
1104 3890 1267 3954 exercitus

106 3989 231 4054 Domini
238 4000 303 4074 ,et
325 4009 410 4054 nnnc
431 3995 528 4056 verrio
551 3995 608 4057 tibi
628 3995 661 4056 in
694 3991 906 4076 adiutorium,
926 3993 1052 4056 Josnee
1071 3993 1113 4056 V.
1156 3993 1267 4057 Locus

106 4093 158 4156 ilie
176 4096 215 4156 ab
237 4097 372 4181 antiqno
394 4106 528 4160 sanetus
550 4097 611 4161 init
637 4101 838 4180 reputatnss
853 4106 886 4159 et
907 4105 1039 4180 propter
1060 4099 1267 4161 sanctitatem

107 4198 173 4279 ejus
195 4215 318 4262 cuneus
340 4201 568 4284 prophetarum
589 4202 643 4265 hic
674 4202 854 4284 habitavit,
893 4209 1056 4284 tamqnam
1085 4211 1267 4266 conventus

107 4302 340 4386 religiosorum,
362 4314 398 4368 nt
416 4307 554 4374 habant
574 4308 596 4370 4
617 4305 700 4388 Reg.
723 4309 753 4370 4.
797 4306 840 4368 nt
872 4305 932 4368 fnit
953 4305 1075 4387 primns
1098 4305 1210 4388 iocus,
1231 4307 1266 4368 in

107 4423 173 4490 quc
188 4407 297 4473 devoti
317 4410 465 4476 hemines
485 4407 582 4474 simui
605 4409 792 4475 constitere
813 4417 991 4491 coeperant
1010 4409 1097 4474 sicat
1123 4409 1266 4490 religiosi
