<?xml version="1.0" encoding="UTF-8"?>
<!DOCTYPE html PUBLIC "-//W3C//DTD XHTML 1.0 Transitional//EN"
    "http://www.w3.org/TR/xhtml1/DTD/xhtml1-transitional.dtd">
<html xmlns="http://www.w3.org/1999/xhtml" xml:lang="en" lang="en">
 <head>
  <title>
</title>
<meta http-equiv="Content-Type" content="text/html;charset=utf-8" />
  <meta name='ocr-system' content='tesseract 3.04.00' />
  <meta name='ocr-capabilities' content='ocr_page ocr_carea ocr_par ocr_line ocrx_word'/>
</head>
<body>
  <div class='ocr_page' id='page_1' title='image "./fratrisfelicisf02fabrgoog_0269.png"; bbox 0 0 2948 4876; ppageno 0'>
   <div class='ocr_carea' id='block_1_1' title="bbox 783 253 848 318">
    <p class='ocr_par' dir='ltr' id='par_1_1' title="bbox 783 253 848 318">
     <span class='ocr_line' id='line_1_1' title="bbox 783 253 848 318; baseline 0 0"><span class='ocrx_word' id='word_1_1' title='bbox 783 253 848 318; x_wconf 71' lang='lat'>254</span> 
     </span>
    </p>
   </div>
   <div class='ocr_carea' id='block_1_2' title="bbox 145 433 1450 4388">
    <p class='ocr_par' dir='ltr' id='par_1_2' title="bbox 145 433 1450 4388">
     <span class='ocr_line' id='line_1_2' title="bbox 213 433 1428 522; baseline -0.005 -14"><span class='ocrx_word' id='word_1_2' title='bbox 213 451 347 508; x_wconf 72' lang='lat' dir='ltr'>metm</span> <span class='ocrx_word' id='word_1_3' title='bbox 385 445 611 522; x_wconf 86' lang='lat' dir='ltr'>properarent·</span> <span class='ocrx_word' id='word_1_4' title='bbox 639 436 735 518; x_wconf 77' lang='lat' dir='ltr'>juxta</span> <span class='ocrx_word' id='word_1_5' title='bbox 793 433 979 502; x_wconf 85' lang='lat' dir='ltr'>mandatum</span> <span class='ocrx_word' id='word_1_6' title='bbox 1019 436 1150 500; x_wconf 83' lang='lat' dir='ltr'>Domini</span> <span class='ocrx_word' id='word_1_7' title='bbox 1184 436 1253 502; x_wconf 84' lang='lat' dir='ltr'>Dei</span> <span class='ocrx_word' id='word_1_8' title='bbox 1304 437 1428 502; x_wconf 81' lang='lat' dir='ltr'>Petro</span> 
     </span>
     <span class='ocr_line' id='line_1_3' title="bbox 214 546 775 612; baseline -0.011 0"><span class='ocrx_word' id='word_1_9' title='bbox 214 546 402 612; x_wconf 86' lang='lat' dir='ltr'>revelatum.</span> <span class='ocrx_word' id='word_1_10' title='bbox 771 560 775 564; x_wconf 84' lang='lat'><em>·</em></span> 
     </span>
     <span class='ocr_line' id='line_1_4' title="bbox 297 643 1419 732; baseline -0.005 -18"><span class='ocrx_word' id='word_1_11' title='bbox 297 651 497 732; x_wconf 74' lang='lat' dir='ltr'>Progressus</span> <span class='ocrx_word' id='word_1_12' title='bbox 518 643 630 724; x_wconf 66' lang='grc' dir='ltr'>(ΞΜ</span> <span class='ocrx_word' id='word_1_13' title='bbox 651 644 704 722; x_wconf 74' lang='grc' dir='ltr'>Δ)</span> <span class='ocrx_word' id='word_1_14' title='bbox 726 663 804 728; x_wconf 85' lang='lat' dir='ltr'>ergo</span> <span class='ocrx_word' id='word_1_15' title='bbox 825 644 942 709; x_wconf 89' lang='lat' dir='ltr'>Petrus</span> <span class='ocrx_word' id='word_1_16' title='bbox 964 646 1007 711; x_wconf 92' lang='lat' dir='ltr'>ad</span> <span class='ocrx_word' id='word_1_17' title='bbox 1030 665 1125 729; x_wconf 81' lang='lat' dir='ltr'>reges</span> <span class='ocrx_word' id='word_1_18' title='bbox 1153 654 1186 708; x_wconf 90' lang='lat' dir='ltr'>et</span> <span class='ocrx_word' id='word_1_19' title='bbox 1212 646 1419 729; x_wconf 84' lang='lat' dir='ltr'>principes,</span> 
     </span>
     <span class='ocr_line' id='line_1_5' title="bbox 214 750 1418 835; baseline -0.008 -13"><span class='ocrx_word' id='word_1_20' title='bbox 214 767 248 822; x_wconf 88' lang='lat' dir='ltr'>et</span> <span class='ocrx_word' id='word_1_21' title='bbox 279 765 435 819; x_wconf 87' lang='lat' dir='ltr'>terrarum</span> <span class='ocrx_word' id='word_1_22' title='bbox 465 753 658 833; x_wconf 72' lang='lat' dir='ltr'>capitaneos</span> <span class='ocrx_word' id='word_1_23' title='bbox 690 759 724 812; x_wconf 88' lang='lat' dir='ltr'>ct</span> <span class='ocrx_word' id='word_1_24' title='bbox 765 750 949 833; x_wconf 77' lang='lat' dir='ltr'>praefectos</span> <span class='ocrx_word' id='word_1_25' title='bbox 990 760 1024 814; x_wconf 89' lang='lat' dir='ltr'>ct</span> <span class='ocrx_word' id='word_1_26' title='bbox 1048 761 1217 835; x_wconf 86' lang='lat' dir='ltr'>tamquam</span> <span class='ocrx_word' id='word_1_27' title='bbox 1255 753 1418 834; x_wconf 84' lang='lat' dir='ltr'>augelus</span> 
     </span>
     <span class='ocr_line' id='line_1_6' title="bbox 214 855 1416 940; baseline -0.007 -14"><span class='ocrx_word' id='word_1_28' title='bbox 214 861 344 926; x_wconf 82' lang='lat' dir='ltr'>Domini</span> <span class='ocrx_word' id='word_1_29' title='bbox 365 859 406 922; x_wconf 89' lang='lat' dir='ltr'>ab</span> <span class='ocrx_word' id='word_1_30' title='bbox 427 857 576 922; x_wconf 84' lang='lat' dir='ltr'>omuibus</span> <span class='ocrx_word' id='word_1_31' title='bbox 598 863 772 937; x_wconf 78' lang='lat' dir='ltr'>susceptus</span> <span class='ocrx_word' id='word_1_32' title='bbox 794 855 855 918; x_wconf 84' lang='lat' dir='ltr'>init</span> <span class='ocrx_word' id='word_1_33' title='bbox 877 862 911 916; x_wconf 89' lang='lat' dir='ltr'>et</span> <span class='ocrx_word' id='word_1_34' title='bbox 934 857 1168 940; x_wconf 84' lang='lat' dir='ltr'>benignissime</span> <span class='ocrx_word' id='word_1_35' title='bbox 1188 855 1359 932; x_wconf 74' lang='lat' dir='ltr'>auditore,</span> <span class='ocrx_word' id='word_1_36' title='bbox 1385 867 1416 918; x_wconf 86' lang='lat' dir='ltr'>et</span> 
     </span>
     <span class='ocr_line' id='line_1_7' title="bbox 215 958 1415 1044; baseline -0.008 -12"><span class='ocrx_word' id='word_1_37' title='bbox 215 967 367 1032; x_wconf 90' lang='lat' dir='ltr'>continuo</span> <span class='ocrx_word' id='word_1_38' title='bbox 388 963 496 1026; x_wconf 75' lang='lat' dir='ltr'>cunni</span> <span class='ocrx_word' id='word_1_39' title='bbox 518 963 677 1042; x_wconf 83' lang='lat' dir='ltr'>parabant</span> <span class='ocrx_word' id='word_1_40' title='bbox 697 978 736 1022; x_wconf 90' lang='lat' dir='ltr'>se</span> <span class='ocrx_word' id='word_1_41' title='bbox 756 959 798 1021; x_wconf 92' lang='lat' dir='ltr'>ad</span> <span class='ocrx_word' id='word_1_42' title='bbox 821 958 1034 1024; x_wconf 62' lang='lat' dir='ltr'>obediendum</span> <span class='ocrx_word' id='word_1_43' title='bbox 1059 968 1236 1044; x_wconf 86' lang='lat' dir='ltr'>praecepto</span> <span class='ocrx_word' id='word_1_44' title='bbox 1260 961 1415 1024; x_wconf 82' lang='lat' dir='ltr'>Domini</span> 
     </span>
     <span class='ocr_line' id='line_1_8' title="bbox 216 1064 1414 1152; baseline -0.007 -16"><span class='ocrx_word' id='word_1_45' title='bbox 216 1081 251 1136; x_wconf 87' lang='lat' dir='ltr'>et</span> <span class='ocrx_word' id='word_1_46' title='bbox 270 1071 390 1152; x_wconf 86' lang='lat' dir='ltr'>Papae.</span> <span class='ocrx_word' id='word_1_47' title='bbox 433 1065 589 1147; x_wconf 81' lang='lat' dir='ltr'>Magnum</span> <span class='ocrx_word' id='word_1_48' title='bbox 610 1065 757 1148; x_wconf 83' lang='lat' dir='ltr'>prolecto</span> <span class='ocrx_word' id='word_1_49' title='bbox 779 1065 844 1128; x_wconf 81' lang='lat' dir='ltr'>lioc</span> <span class='ocrx_word' id='word_1_50' title='bbox 870 1072 941 1127; x_wconf 89' lang='lat' dir='ltr'>erat</span> <span class='ocrx_word' id='word_1_51' title='bbox 963 1065 1164 1149; x_wconf 77' lang='lat' dir='ltr'>mandatum,</span> <span class='ocrx_word' id='word_1_52' title='bbox 1185 1064 1315 1129; x_wconf 87' lang='lat' dir='ltr'>audire</span> <span class='ocrx_word' id='word_1_53' title='bbox 1347 1067 1414 1129; x_wconf 89' lang='lat' dir='ltr'>bo-</span> 
     </span>
     <span class='ocr_line' id='line_1_9' title="bbox 217 1169 1412 1256; baseline -0.007 -14"><span class='ocrx_word' id='word_1_54' title='bbox 217 1178 336 1242; x_wconf 89' lang='lat' dir='ltr'>minem</span> <span class='ocrx_word' id='word_1_55' title='bbox 357 1189 542 1256; x_wconf 88' lang='lat' dir='ltr'>pauperem,</span> <span class='ocrx_word' id='word_1_56' title='bbox 564 1169 751 1253; x_wconf 79' lang='lat' dir='ltr'>ignobilem,</span> <span class='ocrx_word' id='word_1_57' title='bbox 773 1170 935 1252; x_wconf 83' lang='lat' dir='ltr'>ignotum,</span> <span class='ocrx_word' id='word_1_58' title='bbox 958 1171 1162 1252; x_wconf 70' lang='lat' dir='ltr'>illiteratum,</span> <span class='ocrx_word' id='word_1_59' title='bbox 1193 1170 1293 1232; x_wconf 91' lang='lat' dir='ltr'>nullo</span> <span class='ocrx_word' id='word_1_60' title='bbox 1331 1173 1412 1234; x_wconf 86' lang='lat' dir='ltr'>viso</span> 
     </span>
     <span class='ocr_line' id='line_1_10' title="bbox 217 1271 1409 1357; baseline -0.008 -11"><span class='ocrx_word' id='word_1_61' title='bbox 217 1291 273 1346; x_wconf 92' lang='lat' dir='ltr'>aot</span> <span class='ocrx_word' id='word_1_62' title='bbox 293 1288 426 1344; x_wconf 86' lang='lat' dir='ltr'>ostenso</span> <span class='ocrx_word' id='word_1_63' title='bbox 448 1274 612 1356; x_wconf 90' lang='lat' dir='ltr'>miraculo,</span> <span class='ocrx_word' id='word_1_64' title='bbox 634 1292 696 1336; x_wconf 88' lang='lat' dir='ltr'>nec</span> <span class='ocrx_word' id='word_1_65' title='bbox 717 1271 828 1335; x_wconf 88' lang='lat' dir='ltr'>audito</span> <span class='ocrx_word' id='word_1_66' title='bbox 848 1290 999 1338; x_wconf 89' lang='lat' dir='ltr'>sermone</span> <span class='ocrx_word' id='word_1_67' title='bbox 1020 1275 1190 1357; x_wconf 90' lang='lat' dir='ltr'>rhetorico,</span> <span class='ocrx_word' id='word_1_68' title='bbox 1212 1273 1280 1338; x_wconf 85' lang='lat' dir='ltr'>sed</span> <span class='ocrx_word' id='word_1_69' title='bbox 1303 1275 1409 1338; x_wconf 87' lang='lat' dir='ltr'>iidem</span> 
     </span>
     <span class='ocr_line' id='line_1_11' title="bbox 217 1377 1408 1464; baseline -0.007 -14"><span class='ocrx_word' id='word_1_70' title='bbox 217 1385 371 1449; x_wconf 89' lang='lat' dir='ltr'>adbibere</span> <span class='ocrx_word' id='word_1_71' title='bbox 392 1379 594 1460; x_wconf 76' lang='lat' dir='ltr'>simplicibus</span> <span class='ocrx_word' id='word_1_72' title='bbox 614 1379 735 1460; x_wconf 85' lang='lat' dir='ltr'>verbis,</span> <span class='ocrx_word' id='word_1_73' title='bbox 770 1377 887 1460; x_wconf 82' lang='lat' dir='ltr'>quibos</span> <span class='ocrx_word' id='word_1_74' title='bbox 908 1379 999 1464; x_wconf 82' lang='lat' dir='ltr'>Papa</span> <span class='ocrx_word' id='word_1_75' title='bbox 1020 1387 1054 1442; x_wconf 88' lang='lat' dir='ltr'>et</span> <span class='ocrx_word' id='word_1_76' title='bbox 1075 1397 1188 1442; x_wconf 87' lang='lat' dir='ltr'>omues</span> <span class='ocrx_word' id='word_1_77' title='bbox 1210 1379 1408 1447; x_wconf 83' lang='lat' dir='ltr'>doctissimi</span> 
     </span>
     <span class='ocr_line' id='line_1_12' title="bbox 191 1482 1407 1568; baseline -0.009 -14"><span class='ocrx_word' id='word_1_78' title='bbox 191 1484 399 1553; x_wconf 62' lang='lat' dir='ltr'>&#39;cardinales</span> <span class='ocrx_word' id='word_1_79' title='bbox 428 1492 462 1547; x_wconf 91' lang='lat' dir='ltr'>et</span> <span class='ocrx_word' id='word_1_80' title='bbox 484 1486 660 1547; x_wconf 85' lang='lat' dir='ltr'>universus</span> <span class='ocrx_word' id='word_1_81' title='bbox 681 1482 789 1544; x_wconf 90' lang='lat' dir='ltr'>clerus</span> <span class='ocrx_word' id='word_1_82' title='bbox 821 1489 854 1544; x_wconf 92' lang='lat' dir='ltr'>ot</span> <span class='ocrx_word' id='word_1_83' title='bbox 887 1486 1032 1568; x_wconf 79' lang='lat' dir='ltr'>religiosi</span> <span class='ocrx_word' id='word_1_84' title='bbox 1063 1486 1343 1565; x_wconf 72' lang='lat' dir='ltr'>obtemperabant</span> <span class='ocrx_word' id='word_1_85' title='bbox 1375 1493 1407 1544; x_wconf 89' lang='lat' dir='ltr'>et</span> 
     </span>
     <span class='ocr_line' id='line_1_13' title="bbox 218 1586 1404 1677; baseline -0.007 -19"><span class='ocrx_word' id='word_1_86' title='bbox 218 1596 393 1677; x_wconf 75' lang='lat' dir='ltr'>inperator</span> <span class='ocrx_word' id='word_1_87' title='bbox 418 1589 531 1652; x_wconf 89' lang='lat' dir='ltr'>mundi</span> <span class='ocrx_word' id='word_1_88' title='bbox 551 1587 702 1652; x_wconf 88' lang='lat' dir='ltr'>dominus</span> <span class='ocrx_word' id='word_1_89' title='bbox 724 1604 797 1650; x_wconf 88' lang='lat' dir='ltr'>cum</span> <span class='ocrx_word' id='word_1_90' title='bbox 820 1586 967 1651; x_wconf 85' lang='lat' dir='ltr'>omnibus</span> <span class='ocrx_word' id='word_1_91' title='bbox 996 1587 1138 1670; x_wconf 85' lang='lat' dir='ltr'>regibus,</span> <span class='ocrx_word' id='word_1_92' title='bbox 1159 1589 1351 1670; x_wconf 80' lang='lat' dir='ltr'>praelectis</span> <span class='ocrx_word' id='word_1_93' title='bbox 1372 1598 1404 1651; x_wconf 90' lang='lat' dir='ltr'>et</span> 
     </span>
     <span class='ocr_line' id='line_1_14' title="bbox 219 1691 1401 1770; baseline -0.005 -8"><span class='ocrx_word' id='word_1_94' title='bbox 219 1697 390 1762; x_wconf 84' lang='lat' dir='ltr'>comitibus</span> <span class='ocrx_word' id='word_1_95' title='bbox 427 1693 527 1756; x_wconf 88' lang='lat' dir='ltr'>iidem</span> <span class='ocrx_word' id='word_1_96' title='bbox 566 1691 686 1758; x_wconf 84' lang='lat' dir='ltr'>dabant</span> <span class='ocrx_word' id='word_1_97' title='bbox 716 1691 789 1754; x_wconf 86' lang='lat' dir='ltr'>siue</span> <span class='ocrx_word' id='word_1_98' title='bbox 819 1691 1061 1770; x_wconf 84' lang='lat' dir='ltr'>probationibus</span> <span class='ocrx_word' id='word_1_99' title='bbox 1095 1700 1129 1753; x_wconf 89' lang='lat' dir='ltr'>et</span> <span class='ocrx_word' id='word_1_100' title='bbox 1156 1694 1231 1756; x_wconf 83' lang='lat' dir='ltr'>sine</span> <span class='ocrx_word' id='word_1_101' title='bbox 1253 1696 1401 1757; x_wconf 85' lang='lat' dir='ltr'>testibus</span> 
     </span>
     <span class='ocr_line' id='line_1_15' title="bbox 220 1791 1400 1883; baseline -0.002 -18"><span class='ocrx_word' id='word_1_102' title='bbox 220 1799 413 1883; x_wconf 88' lang='lat' dir='ltr'>simpliciter</span> <span class='ocrx_word' id='word_1_103' title='bbox 432 1797 576 1881; x_wconf 78' lang='lat' dir='ltr'>prolatis.</span> <span class='ocrx_word' id='word_1_104' title='bbox 627 1791 725 1866; x_wconf 81' lang='lat' dir='ltr'>Certo</span> <span class='ocrx_word' id='word_1_105' title='bbox 757 1793 899 1858; x_wconf 90' lang='lat' dir='ltr'>melioris</span> <span class='ocrx_word' id='word_1_106' title='bbox 929 1795 1121 1861; x_wconf 80' lang='lat' dir='ltr'>coitditiouis</span> <span class='ocrx_word' id='word_1_107' title='bbox 1150 1806 1220 1859; x_wconf 91' lang='lat' dir='ltr'>erat</span> <span class='ocrx_word' id='word_1_108' title='bbox 1254 1800 1400 1880; x_wconf 89' lang='lat' dir='ltr'>populus</span> 
     </span>
     <span class='ocr_line' id='line_1_16' title="bbox 220 1899 1398 1989; baseline -0.003 -19"><span class='ocrx_word' id='word_1_109' title='bbox 220 1909 294 1989; x_wconf 90' lang='lat' dir='ltr'>iste,</span> <span class='ocrx_word' id='word_1_110' title='bbox 316 1923 412 1987; x_wconf 84' lang='lat' dir='ltr'>quaro</span> <span class='ocrx_word' id='word_1_111' title='bbox 433 1901 573 1985; x_wconf 88' lang='lat' dir='ltr'>populus</span> <span class='ocrx_word' id='word_1_112' title='bbox 588 1901 700 1983; x_wconf 87' lang='lat' dir='ltr'>lsrael,</span> <span class='ocrx_word' id='word_1_113' title='bbox 717 1902 780 1983; x_wconf 19' lang='lat' dir='ltr'>&#39;qui</span> <span class='ocrx_word' id='word_1_114' title='bbox 800 1899 842 1962; x_wconf 90' lang='lat' dir='ltr'>ad</span> <span class='ocrx_word' id='word_1_115' title='bbox 864 1899 1057 1965; x_wconf 73' lang='lat' dir='ltr'>eroderdom</span> <span class='ocrx_word' id='word_1_116' title='bbox 1068 1901 1178 1984; x_wconf 76' lang='lat' dir='ltr'>Moysi</span> <span class='ocrx_word' id='word_1_117' title='bbox 1191 1901 1293 1966; x_wconf 85' lang='lat' dir='ltr'>ctiam</span> <span class='ocrx_word' id='word_1_118' title='bbox 1313 1905 1398 1966; x_wconf 79' lang='lat' dir='ltr'>uisis</span> 
     </span>
     <span class='ocr_line' id='line_1_17' title="bbox 219 2005 1396 2098; baseline -0.005 -22"><span class='ocrx_word' id='word_1_119' title='bbox 219 2011 373 2076; x_wconf 81' lang='lat' dir='ltr'>inauditis</span> <span class='ocrx_word' id='word_1_120' title='bbox 402 2017 433 2070; x_wconf 93' lang='lat' dir='ltr'>et</span> <span class='ocrx_word' id='word_1_121' title='bbox 461 2005 631 2090; x_wconf 79' lang='lat' dir='ltr'>stupendis</span> <span class='ocrx_word' id='word_1_122' title='bbox 658 2005 823 2071; x_wconf 73' lang='lat' dir='ltr'>miracolis</span> <span class='ocrx_word' id='word_1_123' title='bbox 846 2006 906 2066; x_wconf 84' lang='lat' dir='ltr'>vix</span> <span class='ocrx_word' id='word_1_124' title='bbox 939 2005 1047 2068; x_wconf 88' lang='lat' dir='ltr'>induci</span> <span class='ocrx_word' id='word_1_125' title='bbox 1082 2007 1195 2098; x_wconf 84' lang='lat' dir='ltr'>potnit.</span> <span class='ocrx_word' id='word_1_126' title='bbox 1242 2005 1396 2092; x_wconf 82' lang='lat' dir='ltr'>Cumque</span> 
     </span>
     <span class='ocr_line' id='line_1_18' title="bbox 221 2109 1393 2196; baseline -0.004 -15"><span class='ocrx_word' id='word_1_127' title='bbox 221 2118 270 2182; x_wconf 93' lang='lat' dir='ltr'>illi</span> <span class='ocrx_word' id='word_1_128' title='bbox 286 2131 429 2180; x_wconf 89' lang='lat' dir='ltr'>rumores</span> <span class='ocrx_word' id='word_1_129' title='bbox 451 2129 508 2194; x_wconf 84' lang='lat' dir='ltr'>per</span> <span class='ocrx_word' id='word_1_130' title='bbox 527 2111 700 2196; x_wconf 80' lang='lat' dir='ltr'>noropom&#39;</span> <span class='ocrx_word' id='word_1_131' title='bbox 711 2109 872 2192; x_wconf 80' lang='lat' dir='ltr'>volarent,</span> <span class='ocrx_word' id='word_1_132' title='bbox 894 2119 1126 2175; x_wconf 87' lang='lat' dir='ltr'>concurrerunt</span> <span class='ocrx_word' id='word_1_133' title='bbox 1143 2129 1259 2183; x_wconf 84' lang='lat' dir='ltr'>omnes</span> <span class='ocrx_word' id='word_1_134' title='bbox 1278 2114 1393 2195; x_wconf 87' lang='lat' dir='ltr'>spiritu</span> 
     </span>
     <span class='ocr_line' id='line_1_19' title="bbox 221 2211 1450 2304; baseline -0.004 -17"><span class='ocrx_word' id='word_1_135' title='bbox 221 2219 507 2287; x_wconf 86' lang='lat' dir='ltr'>vehementissimo</span> <span class='ocrx_word' id='word_1_136' title='bbox 536 2211 700 2300; x_wconf 85' lang='lat' dir='ltr'>propulsi,</span> <span class='ocrx_word' id='word_1_137' title='bbox 723 2216 763 2278; x_wconf 94' lang='lat' dir='ltr'>ab</span> <span class='ocrx_word' id='word_1_138' title='bbox 785 2214 995 2296; x_wconf 64' lang='lat' dir='ltr'>Hispaniae</span> <span class='ocrx_word' id='word_1_139' title='bbox 1015 2215 1197 2296; x_wconf 85' lang='lat' dir='ltr'>Provincia,</span> <span class='ocrx_word' id='word_1_140' title='bbox 1221 2217 1263 2278; x_wconf 88' lang='lat' dir='ltr'>ab</span> <span class='ocrx_word' id='word_1_141' title='bbox 1286 2218 1391 2300; x_wconf 79' lang='lat' dir='ltr'>Aqui-</span> <span class='ocrx_word' id='word_1_142' title='bbox 1449 2301 1450 2304; x_wconf 8' lang='grc' dir='ltr'><strong>Ἴ</strong></span> 
     </span>
     <span class='ocr_line' id='line_1_20' title="bbox 180 2318 1450 2406; baseline -0.004 -16"><span class='ocrx_word' id='word_1_143' title='bbox 180 2337 182 2342; x_wconf 80' lang='grc'><strong>“</strong></span> <span class='ocrx_word' id='word_1_144' title='bbox 222 2327 329 2406; x_wconf 81' lang='lat' dir='ltr'>tanis,</span> <span class='ocrx_word' id='word_1_145' title='bbox 364 2341 384 2384; x_wconf 89' lang='lat' dir='ltr'>a</span> <span class='ocrx_word' id='word_1_146' title='bbox 416 2323 603 2402; x_wconf 85' lang='lat' dir='ltr'>Britannia,</span> <span class='ocrx_word' id='word_1_147' title='bbox 640 2338 660 2381; x_wconf 88' lang='lat' dir='ltr'>a</span> <span class='ocrx_word' id='word_1_148' title='bbox 698 2318 830 2401; x_wconf 89' lang='lat' dir='ltr'>Scotia,</span> <span class='ocrx_word' id='word_1_149' title='bbox 870 2320 909 2379; x_wconf 92' lang='lat' dir='ltr'>ab</span> <span class='ocrx_word' id='word_1_150' title='bbox 938 2319 1073 2402; x_wconf 85' lang='lat' dir='ltr'>Anglia,</span> <span class='ocrx_word' id='word_1_151' title='bbox 1106 2319 1148 2382; x_wconf 91' lang='lat' dir='ltr'>de</span> <span class='ocrx_word' id='word_1_152' title='bbox 1177 2320 1388 2404; x_wconf 89' lang='lat' dir='ltr'>Normannio,</span> <span class='ocrx_word' id='word_1_153' title='bbox 1449 2319 1450 2376; x_wconf 58' lang='grc' dir='ltr'><em>ἒ</em></span> 
     </span>
     <span class='ocr_line' id='line_1_21' title="bbox 222 2423 1387 2509; baseline 0.001 -19"><span class='ocrx_word' id='word_1_154' title='bbox 222 2444 244 2491; x_wconf 88' lang='lat' dir='ltr'>a</span> <span class='ocrx_word' id='word_1_155' title='bbox 270 2427 425 2506; x_wconf 78' lang='lat' dir='ltr'>llraucia,</span> <span class='ocrx_word' id='word_1_156' title='bbox 457 2444 477 2486; x_wconf 92' lang='lat' dir='ltr'>a</span> <span class='ocrx_word' id='word_1_157' title='bbox 510 2423 720 2506; x_wconf 67' lang='lat' dir='ltr'>[lotharingia</span> <span class='ocrx_word' id='word_1_158' title='bbox 760 2433 793 2486; x_wconf 86' lang='lat' dir='ltr'>et</span> <span class='ocrx_word' id='word_1_159' title='bbox 832 2424 1019 2504; x_wconf 83' lang='lat' dir='ltr'>Burgundio</span> <span class='ocrx_word' id='word_1_160' title='bbox 1053 2434 1086 2486; x_wconf 88' lang='lat' dir='ltr'>et</span> <span class='ocrx_word' id='word_1_161' title='bbox 1128 2423 1315 2509; x_wconf 83' lang='lat' dir='ltr'>Germania,</span> <span class='ocrx_word' id='word_1_162' title='bbox 1349 2433 1387 2491; x_wconf 89' lang='lat' dir='ltr'>ab</span> 
     </span>
     <span class='ocr_line' id='line_1_22' title="bbox 145 2527 1387 2612; baseline 0.002 -19"><span class='ocrx_word' id='word_1_163' title='bbox 145 2558 149 2566; x_wconf 70' lang='lat'>=</span> <span class='ocrx_word' id='word_1_164' title='bbox 222 2531 415 2595; x_wconf 82' lang='lat' dir='ltr'>Alemannis</span> <span class='ocrx_word' id='word_1_165' title='bbox 435 2531 508 2591; x_wconf 89' lang='lat' dir='ltr'>sive</span> <span class='ocrx_word' id='word_1_166' title='bbox 526 2529 705 2592; x_wconf 78' lang='lat' dir='ltr'>&#39;l&#39;loeutouia</span> <span class='ocrx_word' id='word_1_167' title='bbox 725 2527 980 2610; x_wconf 87' lang='lat' dir='ltr'>septemtrionali</span> <span class='ocrx_word' id='word_1_168' title='bbox 1002 2544 1042 2590; x_wconf 90' lang='lat' dir='ltr'>ac</span> <span class='ocrx_word' id='word_1_169' title='bbox 1063 2529 1267 2612; x_wconf 88' lang='lat' dir='ltr'>occidentali,</span> <span class='ocrx_word' id='word_1_170' title='bbox 1291 2535 1387 2596; x_wconf 87' lang='lat' dir='ltr'>mari-</span> 
     </span>
     <span class='ocr_line' id='line_1_23' title="bbox 222 2631 1385 2717; baseline 0.003 -19"><span class='ocrx_word' id='word_1_171' title='bbox 222 2637 301 2698; x_wconf 90' lang='lat' dir='ltr'>tima</span> <span class='ocrx_word' id='word_1_172' title='bbox 322 2643 357 2697; x_wconf 88' lang='lat' dir='ltr'>et</span> <span class='ocrx_word' id='word_1_173' title='bbox 377 2631 620 2713; x_wconf 90' lang='lat' dir='ltr'>mediterranea,</span> <span class='ocrx_word' id='word_1_174' title='bbox 644 2634 879 2714; x_wconf 88' lang='lat' dir='ltr'>potentissimis</span> <span class='ocrx_word' id='word_1_175' title='bbox 900 2633 1021 2715; x_wconf 90' lang='lat' dir='ltr'>regnis,</span> <span class='ocrx_word' id='word_1_176' title='bbox 1047 2634 1087 2696; x_wconf 92' lang='lat' dir='ltr'>ab</span> <span class='ocrx_word' id='word_1_177' title='bbox 1105 2634 1318 2717; x_wconf 76' lang='lat' dir='ltr'>&#39;bombardia,</span> <span class='ocrx_word' id='word_1_178' title='bbox 1346 2639 1385 2701; x_wconf 87' lang='lat' dir='ltr'>ab</span> 
     </span>
     <span class='ocr_line' id='line_1_24' title="bbox 222 2735 1385 2821; baseline 0.002 -19"><span class='ocrx_word' id='word_1_179' title='bbox 222 2737 326 2821; x_wconf 88' lang='lat' dir='ltr'>ltalia,</span> <span class='ocrx_word' id='word_1_180' title='bbox 345 2739 385 2802; x_wconf 90' lang='lat' dir='ltr'>ab</span> <span class='ocrx_word' id='word_1_181' title='bbox 407 2735 538 2818; x_wconf 81' lang='lat' dir='ltr'>Apulia,</span> <span class='ocrx_word' id='word_1_182' title='bbox 557 2754 577 2798; x_wconf 93' lang='lat' dir='ltr'>a</span> <span class='ocrx_word' id='word_1_183' title='bbox 599 2735 770 2820; x_wconf 85' lang='lat' dir='ltr'>Dalmatia,</span> <span class='ocrx_word' id='word_1_184' title='bbox 791 2738 831 2798; x_wconf 89' lang='lat' dir='ltr'>ab</span> <span class='ocrx_word' id='word_1_185' title='bbox 849 2738 1019 2818; x_wconf 83' lang='lat' dir='ltr'>ilungaria</span> <span class='ocrx_word' id='word_1_186' title='bbox 1039 2746 1073 2800; x_wconf 92' lang='lat' dir='ltr'>et</span> <span class='ocrx_word' id='word_1_187' title='bbox 1089 2738 1229 2821; x_wconf 87' lang='lat' dir='ltr'>illyrico,</span> <span class='ocrx_word' id='word_1_188' title='bbox 1252 2741 1292 2802; x_wconf 88' lang='lat' dir='ltr'>ab</span> <span class='ocrx_word' id='word_1_189' title='bbox 1314 2745 1385 2804; x_wconf 90' lang='lat' dir='ltr'>uui-</span> 
     </span>
     <span class='ocr_line' id='line_1_25' title="bbox 223 2829 1382 2928; baseline 0.001 -19"><span class='ocrx_word' id='word_1_190' title='bbox 223 2845 331 2909; x_wconf 82' lang='lat' dir='ltr'>versis</span> <span class='ocrx_word' id='word_1_191' title='bbox 350 2843 467 2906; x_wconf 89' lang='lat' dir='ltr'>insulis</span> <span class='ocrx_word' id='word_1_192' title='bbox 488 2840 611 2905; x_wconf 86' lang='lat' dir='ltr'>Oceani</span> <span class='ocrx_word' id='word_1_193' title='bbox 624 2829 665 2906; x_wconf 47' lang='lat' dir='ltr'>&#39;et</span> <span class='ocrx_word' id='word_1_194' title='bbox 685 2843 914 2906; x_wconf 84' lang='lat' dir='ltr'>Mediterranei</span> <span class='ocrx_word' id='word_1_195' title='bbox 931 2851 963 2904; x_wconf 89' lang='lat' dir='ltr'>et</span> <span class='ocrx_word' id='word_1_196' title='bbox 983 2842 1077 2904; x_wconf 86' lang='lat' dir='ltr'>Ponti</span> <span class='ocrx_word' id='word_1_197' title='bbox 1098 2843 1218 2907; x_wconf 81' lang='lat' dir='ltr'>Euxini</span> <span class='ocrx_word' id='word_1_198' title='bbox 1244 2849 1382 2928; x_wconf 88' lang='lat' dir='ltr'>marium,</span> 
     </span>
     <span class='ocr_line' id='line_1_26' title="bbox 224 2948 1383 3032; baseline -0.001 -18"><span class='ocrx_word' id='word_1_199' title='bbox 224 2960 257 3014; x_wconf 89' lang='lat' dir='ltr'>et</span> <span class='ocrx_word' id='word_1_200' title='bbox 277 2968 298 3014; x_wconf 89' lang='lat' dir='ltr'>a</span> <span class='ocrx_word' id='word_1_201' title='bbox 318 2950 459 3014; x_wconf 85' lang='lat' dir='ltr'>Graecia</span> <span class='ocrx_word' id='word_1_202' title='bbox 476 2948 648 3032; x_wconf 79' lang='lat' dir='ltr'>Eumpica,</span> <span class='ocrx_word' id='word_1_203' title='bbox 670 2965 754 3030; x_wconf 88' lang='lat' dir='ltr'>quae</span> <span class='ocrx_word' id='word_1_204' title='bbox 774 2948 816 3011; x_wconf 90' lang='lat' dir='ltr'>ad</span> <span class='ocrx_word' id='word_1_205' title='bbox 838 2949 924 3010; x_wconf 88' lang='lat' dir='ltr'>latus</span> <span class='ocrx_word' id='word_1_206' title='bbox 952 2955 1095 3010; x_wconf 89' lang='lat' dir='ltr'>nostrum</span> <span class='ocrx_word' id='word_1_207' title='bbox 1117 2949 1181 3011; x_wconf 87' lang='lat' dir='ltr'>sita</span> <span class='ocrx_word' id='word_1_208' title='bbox 1201 2958 1251 3010; x_wconf 90' lang='lat' dir='ltr'>est</span> <span class='ocrx_word' id='word_1_209' title='bbox 1272 2951 1383 3014; x_wconf 89' lang='lat' dir='ltr'>llellc-</span> 
     </span>
     <span class='ocr_line' id='line_1_27' title="bbox 223 3051 1382 3138; baseline -0.001 -19"><span class='ocrx_word' id='word_1_210' title='bbox 223 3058 342 3138; x_wconf 91' lang='lat' dir='ltr'>sponti,</span> <span class='ocrx_word' id='word_1_211' title='bbox 364 3055 534 3118; x_wconf 89' lang='lat' dir='ltr'>continens</span> <span class='ocrx_word' id='word_1_212' title='bbox 553 3051 735 3132; x_wconf 78' lang='lat' dir='ltr'>Thraciam,</span> <span class='ocrx_word' id='word_1_213' title='bbox 755 3051 992 3133; x_wconf 84' lang='lat' dir='ltr'>Macedoniam,</span> <span class='ocrx_word' id='word_1_214' title='bbox 1013 3053 1155 3134; x_wconf 76' lang='lat' dir='ltr'>Epirum,</span> <span class='ocrx_word' id='word_1_215' title='bbox 1177 3053 1331 3136; x_wconf 87' lang='lat' dir='ltr'>Acbajam</span> <span class='ocrx_word' id='word_1_216' title='bbox 1350 3063 1382 3118; x_wconf 91' lang='lat' dir='ltr'>at</span> 
     </span>
     <span class='ocr_line' id='line_1_28' title="bbox 222 3158 1382 3242; baseline -0.001 -19"><span class='ocrx_word' id='word_1_217' title='bbox 222 3161 492 3242; x_wconf 85' lang='lat' dir='ltr'>Peloponnesum,</span> <span class='ocrx_word' id='word_1_218' title='bbox 512 3177 595 3240; x_wconf 90' lang='lat' dir='ltr'>quae</span> <span class='ocrx_word' id='word_1_219' title='bbox 617 3167 682 3220; x_wconf 88' lang='lat' dir='ltr'>tum</span> <span class='ocrx_word' id='word_1_220' title='bbox 706 3158 859 3239; x_wconf 84' lang='lat' dir='ltr'>temporis</span> <span class='ocrx_word' id='word_1_221' title='bbox 890 3166 957 3219; x_wconf 87' lang='lat' dir='ltr'>tota</span> <span class='ocrx_word' id='word_1_222' title='bbox 989 3166 1058 3221; x_wconf 87' lang='lat' dir='ltr'>crat</span> <span class='ocrx_word' id='word_1_223' title='bbox 1090 3158 1281 3240; x_wconf 88' lang='lat' dir='ltr'>christiana,</span> <span class='ocrx_word' id='word_1_224' title='bbox 1301 3177 1382 3222; x_wconf 92' lang='lat' dir='ltr'>nuuc</span> 
     </span>
     <span class='ocr_line' id='line_1_29' title="bbox 224 3261 1380 3346; baseline 0.002 -21"><span class='ocrx_word' id='word_1_225' title='bbox 224 3267 375 3325; x_wconf 84' lang='lat' dir='ltr'>vero&#39;est</span> <span class='ocrx_word' id='word_1_226' title='bbox 396 3264 518 3324; x_wconf 87' lang='lat' dir='ltr'>turcico</span> <span class='ocrx_word' id='word_1_227' title='bbox 539 3261 706 3346; x_wconf 87' lang='lat' dir='ltr'>usquead</span> <span class='ocrx_word' id='word_1_228' title='bbox 728 3261 901 3343; x_wconf 80' lang='lat' dir='ltr'>Illyricum,</span> <span class='ocrx_word' id='word_1_229' title='bbox 914 3261 1114 3344; x_wconf 64' lang='lat' dir='ltr'>Unguium,</span> <span class='ocrx_word' id='word_1_230' title='bbox 1133 3262 1327 3326; x_wconf 86' lang='lat' dir='ltr'>Pannoniam</span> <span class='ocrx_word' id='word_1_231' title='bbox 1349 3273 1380 3327; x_wconf 88' lang='lat' dir='ltr'>et</span> 
     </span>
     <span class='ocr_line' id='line_1_30' title="bbox 223 3365 1378 3450; baseline 0.001 -21"><span class='ocrx_word' id='word_1_232' title='bbox 223 3366 428 3433; x_wconf 83' lang='lat' dir='ltr'>Dalmatiam.</span> <span class='ocrx_word' id='word_1_233' title='bbox 480 3366 530 3428; x_wconf 83' lang='lat' dir='ltr'>lle</span> <span class='ocrx_word' id='word_1_234' title='bbox 561 3368 614 3430; x_wconf 88' lang='lat' dir='ltr'>hia</span> <span class='ocrx_word' id='word_1_235' title='bbox 644 3365 792 3430; x_wconf 76' lang='lat' dir='ltr'>omatibus</span> <span class='ocrx_word' id='word_1_236' title='bbox 826 3367 1012 3446; x_wconf 86' lang='lat' dir='ltr'>regionibus</span> <span class='ocrx_word' id='word_1_237' title='bbox 1043 3367 1318 3450; x_wconf 81' lang='lat' dir='ltr'>congregabantur</span> <span class='ocrx_word' id='word_1_238' title='bbox 1346 3375 1378 3430; x_wconf 89' lang='lat' dir='ltr'>et</span> 
     </span>
     <span class='ocr_line' id='line_1_31' title="bbox 221 3470 1376 3554; baseline 0.002 -22"><span class='ocrx_word' id='word_1_239' title='bbox 221 3470 345 3553; x_wconf 89' lang='lat' dir='ltr'>passim</span> <span class='ocrx_word' id='word_1_240' title='bbox 358 3471 590 3533; x_wconf 88' lang='lat' dir='ltr'>concurrebant</span> <span class='ocrx_word' id='word_1_241' title='bbox 608 3473 704 3554; x_wconf 88' lang='lat' dir='ltr'>quasi</span> <span class='ocrx_word' id='word_1_242' title='bbox 726 3470 838 3534; x_wconf 87' lang='lat' dir='ltr'>leones</span> <span class='ocrx_word' id='word_1_243' title='bbox 858 3470 900 3532; x_wconf 91' lang='lat' dir='ltr'>ad</span> <span class='ocrx_word' id='word_1_244' title='bbox 923 3470 1086 3554; x_wconf 88' lang='lat' dir='ltr'>praedam,</span> <span class='ocrx_word' id='word_1_245' title='bbox 1109 3480 1250 3534; x_wconf 89' lang='lat' dir='ltr'>necerat</span> <span class='ocrx_word' id='word_1_246' title='bbox 1263 3472 1376 3553; x_wconf 87' lang='lat' dir='ltr'>uspiam</span> 
     </span>
     <span class='ocr_line' id='line_1_32' title="bbox 223 3575 1374 3659; baseline 0.003 -21"><span class='ocrx_word' id='word_1_247' title='bbox 223 3577 256 3638; x_wconf 88' lang='lat' dir='ltr'>in</span> <span class='ocrx_word' id='word_1_248' title='bbox 279 3583 327 3638; x_wconf 91' lang='lat' dir='ltr'>tot</span> <span class='ocrx_word' id='word_1_249' title='bbox 345 3575 539 3658; x_wconf 91' lang='lat' dir='ltr'>provinciis,</span> <span class='ocrx_word' id='word_1_250' title='bbox 561 3583 639 3656; x_wconf 90' lang='lat' dir='ltr'>quot</span> <span class='ocrx_word' id='word_1_251' title='bbox 662 3575 942 3659; x_wconf 68' lang='lat' dir='ltr'>naucipendens,</span> <span class='ocrx_word' id='word_1_252' title='bbox 964 3577 1078 3640; x_wconf 89' lang='lat' dir='ltr'>domna</span> <span class='ocrx_word' id='word_1_253' title='bbox 1100 3575 1212 3656; x_wconf 89' lang='lat' dir='ltr'>otioso,</span> <span class='ocrx_word' id='word_1_254' title='bbox 1230 3575 1283 3638; x_wconf 90' lang='lat' dir='ltr'>vel</span> <span class='ocrx_word' id='word_1_255' title='bbox 1307 3595 1374 3659; x_wconf 87' lang='lat' dir='ltr'>ooo,</span> 
     </span>
     <span class='ocr_line' id='line_1_33' title="bbox 225 3678 1376 3763; baseline -0.001 -19"><span class='ocrx_word' id='word_1_256' title='bbox 225 3681 299 3744; x_wconf 82' lang='lat' dir='ltr'>duur</span> <span class='ocrx_word' id='word_1_257' title='bbox 322 3682 399 3744; x_wconf 91' lang='lat' dir='ltr'>hinc</span> <span class='ocrx_word' id='word_1_258' title='bbox 417 3688 510 3762; x_wconf 87' lang='lat' dir='ltr'>pater</span> <span class='ocrx_word' id='word_1_259' title='bbox 530 3678 679 3762; x_wconf 77' lang='lat' dir='ltr'>familias,</span> <span class='ocrx_word' id='word_1_260' title='bbox 700 3681 776 3743; x_wconf 89' lang='lat' dir='ltr'>hinc</span> <span class='ocrx_word' id='word_1_261' title='bbox 794 3681 890 3763; x_wconf 86' lang='lat' dir='ltr'>lilius,</span> <span class='ocrx_word' id='word_1_262' title='bbox 912 3679 1001 3742; x_wconf 90' lang='lat' dir='ltr'>illinc</span> <span class='ocrx_word' id='word_1_263' title='bbox 1022 3689 1089 3743; x_wconf 92' lang='lat' dir='ltr'>tota</span> <span class='ocrx_word' id='word_1_264' title='bbox 1110 3678 1225 3762; x_wconf 85' lang='lat' dir='ltr'>domus</span> <span class='ocrx_word' id='word_1_265' title='bbox 1255 3679 1295 3742; x_wconf 84' lang='lat' dir='ltr'>ad</span> <span class='ocrx_word' id='word_1_266' title='bbox 1320 3682 1376 3744; x_wconf 88' lang='lat' dir='ltr'>mi·</span> 
     </span>
     <span class='ocr_line' id='line_1_34' title="bbox 224 3783 1373 3867; baseline -0.002 -19"><span class='ocrx_word' id='word_1_267' title='bbox 224 3785 382 3867; x_wconf 86' lang='lat' dir='ltr'>grandom</span> <span class='ocrx_word' id='word_1_268' title='bbox 404 3803 443 3847; x_wconf 89' lang='lat' dir='ltr'>se</span> <span class='ocrx_word' id='word_1_269' title='bbox 467 3789 684 3867; x_wconf 88' lang='lat' dir='ltr'>praepararet,</span> <span class='ocrx_word' id='word_1_270' title='bbox 708 3802 779 3848; x_wconf 91' lang='lat' dir='ltr'>cum</span> <span class='ocrx_word' id='word_1_271' title='bbox 809 3783 1005 3866; x_wconf 85' lang='lat' dir='ltr'>singultibus</span> <span class='ocrx_word' id='word_1_272' title='bbox 1034 3793 1066 3847; x_wconf 90' lang='lat' dir='ltr'>et</span> <span class='ocrx_word' id='word_1_273' title='bbox 1085 3785 1235 3866; x_wconf 89' lang='lat' dir='ltr'>suspiriis</span> <span class='ocrx_word' id='word_1_274' title='bbox 1260 3783 1373 3864; x_wconf 72' lang='lat' dir='ltr'>diride-</span> 
     </span>
     <span class='ocr_line' id='line_1_35' title="bbox 224 3887 1373 3971; baseline 0.001 -20"><span class='ocrx_word' id='word_1_275' title='bbox 224 3890 341 3952; x_wconf 88' lang='lat' dir='ltr'>bantur</span> <span class='ocrx_word' id='word_1_276' title='bbox 362 3889 402 3950; x_wconf 90' lang='lat' dir='ltr'>ab</span> <span class='ocrx_word' id='word_1_277' title='bbox 425 3889 566 3952; x_wconf 91' lang='lat' dir='ltr'>invicem</span> <span class='ocrx_word' id='word_1_278' title='bbox 591 3888 845 3970; x_wconf 87' lang='lat' dir='ltr'>complectentes</span> <span class='ocrx_word' id='word_1_279' title='bbox 877 3897 911 3952; x_wconf 90' lang='lat' dir='ltr'>ot</span> <span class='ocrx_word' id='word_1_280' title='bbox 934 3907 1120 3971; x_wconf 87' lang='lat' dir='ltr'>supremum</span> <span class='ocrx_word' id='word_1_281' title='bbox 1150 3889 1214 3952; x_wconf 92' lang='lat' dir='ltr'>sibi</span> <span class='ocrx_word' id='word_1_282' title='bbox 1241 3887 1373 3952; x_wconf 88' lang='lat' dir='ltr'>dicentes</span> 
     </span>
     <span class='ocr_line' id='line_1_36' title="bbox 224 3993 1372 4076; baseline 0 -20"><span class='ocrx_word' id='word_1_283' title='bbox 224 3995 310 4076; x_wconf 81' lang='lat' dir='ltr'>Ave,</span> <span class='ocrx_word' id='word_1_284' title='bbox 332 3993 417 4073; x_wconf 83' lang='lat' dir='ltr'>Ave,</span> <span class='ocrx_word' id='word_1_285' title='bbox 440 3993 535 4056; x_wconf 82' lang='lat' dir='ltr'>Vale.</span> <span class='ocrx_word' id='word_1_286' title='bbox 577 3995 730 4058; x_wconf 68' lang='lat' dir='ltr'>Excessit</span> <span class='ocrx_word' id='word_1_287' title='bbox 751 4003 859 4058; x_wconf 87' lang='lat' dir='ltr'>tamen</span> <span class='ocrx_word' id='word_1_288' title='bbox 881 3994 1041 4060; x_wconf 82' lang='lat' dir='ltr'>medicina</span> <span class='ocrx_word' id='word_1_289' title='bbox 1061 3993 1372 4076; x_wconf 82' lang='lat' dir='ltr'>modum(morbou),</span> 
     </span>
     <span class='ocr_line' id='line_1_37' title="bbox 226 4095 1372 4183; baseline -0.001 -21"><span class='ocrx_word' id='word_1_290' title='bbox 226 4098 303 4181; x_wconf 86' lang='lat' dir='ltr'>quia</span> <span class='ocrx_word' id='word_1_291' title='bbox 323 4097 398 4179; x_wconf 82' lang='lat' dir='ltr'>plus</span> <span class='ocrx_word' id='word_1_292' title='bbox 417 4115 515 4179; x_wconf 26' lang='lat' dir='ltr'>qnam,</span> <span class='ocrx_word' id='word_1_293' title='bbox 535 4097 645 4162; x_wconf 83' lang='lat' dir='ltr'>debuit</span> <span class='ocrx_word' id='word_1_294' title='bbox 665 4101 699 4162; x_wconf 91' lang='lat' dir='ltr'>in</span> <span class='ocrx_word' id='word_1_295' title='bbox 728 4097 921 4183; x_wconf 87' lang='lat' dir='ltr'>quibusdam</span> <span class='ocrx_word' id='word_1_296' title='bbox 952 4099 1104 4163; x_wconf 85' lang='lat' dir='ltr'>voluutas</span> <span class='ocrx_word' id='word_1_297' title='bbox 1135 4095 1233 4162; x_wconf 76' lang='lat' dir='ltr'>andi</span> <span class='ocrx_word' id='word_1_298' title='bbox 1251 4096 1372 4162; x_wconf 86' lang='lat' dir='ltr'>Jeroso-</span> 
     </span>
     <span class='ocr_line' id='line_1_38' title="bbox 224 4201 1371 4284; baseline 0 -21"><span class='ocrx_word' id='word_1_299' title='bbox 224 4202 342 4284; x_wconf 88' lang='lat' dir='ltr'>lymaru</span> <span class='ocrx_word' id='word_1_300' title='bbox 364 4201 542 4282; x_wconf 87' lang='lat' dir='ltr'>subrepsit:</span> <span class='ocrx_word' id='word_1_301' title='bbox 563 4220 636 4265; x_wconf 85' lang='lat' dir='ltr'>nam</span> <span class='ocrx_word' id='word_1_302' title='bbox 659 4203 802 4267; x_wconf 83' lang='lat' dir='ltr'>etmulti</span> <span class='ocrx_word' id='word_1_303' title='bbox 823 4203 977 4268; x_wconf 86' lang='lat' dir='ltr'>eremitae</span> <span class='ocrx_word' id='word_1_304' title='bbox 997 4211 1032 4266; x_wconf 91' lang='lat' dir='ltr'>et</span> <span class='ocrx_word' id='word_1_305' title='bbox 1053 4202 1172 4266; x_wconf 88' lang='lat' dir='ltr'>reclusi</span> <span class='ocrx_word' id='word_1_306' title='bbox 1185 4202 1371 4266; x_wconf 83' lang='lat' dir='ltr'>monachici</span> 
     </span>
     <span class='ocr_line' id='line_1_39' title="bbox 227 4303 1371 4388; baseline 0.002 -20"><span class='ocrx_word' id='word_1_307' title='bbox 227 4305 373 4388; x_wconf 80' lang='lat' dir='ltr'>uirgines</span> <span class='ocrx_word' id='word_1_308' title='bbox 406 4303 580 4368; x_wconf 87' lang='lat' dir='ltr'>conclusae</span> <span class='ocrx_word' id='word_1_309' title='bbox 614 4315 647 4368; x_wconf 92' lang='lat' dir='ltr'>et</span> <span class='ocrx_word' id='word_1_310' title='bbox 692 4310 834 4372; x_wconf 67' lang='lat' dir='ltr'>mediati</span> <span class='ocrx_word' id='word_1_311' title='bbox 876 4317 946 4371; x_wconf 88' lang='lat' dir='ltr'>toro</span> <span class='ocrx_word' id='word_1_312' title='bbox 976 4307 1123 4374; x_wconf 77' lang='lat' dir='ltr'>adstdcti</span> <span class='ocrx_word' id='word_1_313' title='bbox 1169 4315 1203 4370; x_wconf 85' lang='lat' dir='ltr'>et</span> <span class='ocrx_word' id='word_1_314' title='bbox 1233 4305 1371 4370; x_wconf 77' lang='lat' dir='ltr'>menius</span> 
     </span>
    </p>
   </div>
   <div class='ocr_carea' id='block_1_3' title="bbox 0 0 1488 4876">
    <p class='ocr_par' dir='ltr' id='par_1_3' title="bbox 0 0 1488 4876">
     <span class='ocr_line' id='line_1_40' title="bbox 0 0 1488 4876; baseline 0 0"><span class='ocrx_word' id='word_1_315' title='bbox 0 0 1488 4876; x_wconf 95' lang='lat' dir='ltr'> </span> 
     </span>
    </p>
   </div>
  </div>
 </body>
</html>
