<?xml version="1.0" encoding="UTF-8"?>
<!DOCTYPE html PUBLIC "-//W3C//DTD XHTML 1.0 Transitional//EN"
    "http://www.w3.org/TR/xhtml1/DTD/xhtml1-transitional.dtd">
<html xmlns="http://www.w3.org/1999/xhtml" xml:lang="en" lang="en">
 <head>
  <title>
</title>
<meta http-equiv="Content-Type" content="text/html;charset=utf-8" />
  <meta name='ocr-system' content='tesseract 3.04.00' />
  <meta name='ocr-capabilities' content='ocr_page ocr_carea ocr_par ocr_line ocrx_word'/>
</head>
<body>
  <div class='ocr_page' id='page_1' title='image "./fratrisfelicisf02fabrgoog_0510.png"; bbox 0 0 3024 4866; ppageno 0'>
   <div class='ocr_carea' id='block_1_1' title="bbox 578 261 753 344">
    <p class='ocr_par' dir='ltr' id='par_1_1' title="bbox 578 261 753 344">
     <span class='ocr_line' id='line_1_1' title="bbox 578 261 753 344; baseline 0.011 -20"><span class='ocrx_word' id='word_1_1' title='bbox 578 331 581 344; x_wconf 60' lang='grc'>,</span> <span class='ocrx_word' id='word_1_2' title='bbox 665 261 753 326; x_wconf 79' lang='lat' dir='ltr'><strong>ne</strong></span> 
     </span>
    </p>
   </div>
   <div class='ocr_carea' id='block_1_2' title="bbox 138 440 1308 632">
    <p class='ocr_par' dir='ltr' id='par_1_2' title="bbox 138 440 1308 632">
     <span class='ocr_line' id='line_1_2' title="bbox 138 440 1307 526; baseline -0.002 -19"><span class='ocrx_word' id='word_1_3' title='bbox 138 443 305 525; x_wconf 73' lang='lat' dir='ltr'><strong>possidere</strong></span> <span class='ocrx_word' id='word_1_4' title='bbox 325 451 360 505; x_wconf 84' lang='lat' dir='ltr'><strong>et</strong></span> <span class='ocrx_word' id='word_1_5' title='bbox 377 441 535 517; x_wconf 76' lang='lat' dir='ltr'><strong>industria</strong></span> <span class='ocrx_word' id='word_1_6' title='bbox 556 457 675 523; x_wconf 75' lang='lat' dir='ltr'><strong>magua</strong></span> <span class='ocrx_word' id='word_1_7' title='bbox 693 443 781 504; x_wconf 81' lang='lat' dir='ltr'><strong>eirca</strong></span> <span class='ocrx_word' id='word_1_8' title='bbox 803 441 996 504; x_wconf 76' lang='lat' dir='ltr'><strong>monasterie</strong></span> <span class='ocrx_word' id='word_1_9' title='bbox 1016 441 1126 512; x_wconf 82' lang='lat' dir='ltr'><strong>hortos</strong></span> <span class='ocrx_word' id='word_1_10' title='bbox 1148 440 1307 526; x_wconf 80' lang='lat' dir='ltr'><strong>plantare,</strong></span> 
     </span>
     <span class='ocr_line' id='line_1_3' title="bbox 138 544 1308 632; baseline 0.001 -23"><span class='ocrx_word' id='word_1_11' title='bbox 138 549 243 609; x_wconf 82' lang='lat' dir='ltr'><strong>olivas</strong></span> <span class='ocrx_word' id='word_1_12' title='bbox 264 549 386 609; x_wconf 87' lang='lat' dir='ltr'><strong>nutrire</strong></span> <span class='ocrx_word' id='word_1_13' title='bbox 413 546 447 607; x_wconf 89' lang='lat' dir='ltr'><strong>iu</strong></span> <span class='ocrx_word' id='word_1_14' title='bbox 473 544 555 606; x_wconf 81' lang='lat' dir='ltr'><strong>locis</strong></span> <span class='ocrx_word' id='word_1_15' title='bbox 571 545 742 624; x_wconf 80' lang='lat' dir='ltr'><strong>desertis,</strong></span> <span class='ocrx_word' id='word_1_16' title='bbox 775 553 805 606; x_wconf 89' lang='lat' dir='ltr'><strong>et</strong></span> <span class='ocrx_word' id='word_1_17' title='bbox 827 545 901 606; x_wconf 86' lang='lat' dir='ltr'><strong>istis</strong></span> <span class='ocrx_word' id='word_1_18' title='bbox 921 547 971 608; x_wconf 84' lang='lat' dir='ltr'><strong>sie</strong></span> <span class='ocrx_word' id='word_1_19' title='bbox 1001 545 1162 632; x_wconf 73' lang='lat' dir='ltr'><strong>stantibus</strong></span> <span class='ocrx_word' id='word_1_20' title='bbox 1182 546 1308 610; x_wconf 80' lang='lat' dir='ltr'><strong>inutilia</strong></span> 
     </span>
    </p>
   </div>
   <div class='ocr_carea' id='block_1_3' title="bbox 132 637 1408 1355">
    <p class='ocr_par' dir='ltr' id='par_1_3' title="bbox 132 637 1408 1355">
     <span class='ocr_line' id='line_1_4' title="bbox 138 637 1303 732; baseline 0 -20"><span class='ocrx_word' id='word_1_21' title='bbox 138 669 270 732; x_wconf 84' lang='lat' dir='ltr'><strong>prorsus</strong></span> <span class='ocrx_word' id='word_1_22' title='bbox 301 646 446 712; x_wconf 85' lang='lat' dir='ltr'><strong>luissent.</strong></span> <span class='ocrx_word' id='word_1_23' title='bbox 473 647 636 716; x_wconf 80' lang='lat' dir='ltr'><strong>miracula.</strong></span> <span class='ocrx_word' id='word_1_24' title='bbox 680 637 852 720; x_wconf 78' lang='lat' dir='ltr'><strong>Sieetiam</strong></span> <span class='ocrx_word' id='word_1_25' title='bbox 884 650 1021 730; x_wconf 83' lang='lat' dir='ltr'><strong>contigit</strong></span> <span class='ocrx_word' id='word_1_26' title='bbox 1049 649 1124 711; x_wconf 84' lang='lat' dir='ltr'><strong>liliis</strong></span> <span class='ocrx_word' id='word_1_27' title='bbox 1146 648 1248 713; x_wconf 86' lang='lat' dir='ltr'><strong>lsrael</strong></span> <span class='ocrx_word' id='word_1_28' title='bbox 1270 651 1303 714; x_wconf 92' lang='lat' dir='ltr'><strong>in</strong></span> 
     </span>
     <span class='ocr_line' id='line_1_5' title="bbox 137 751 1306 836; baseline 0.001 -21"><span class='ocrx_word' id='word_1_29' title='bbox 137 757 286 836; x_wconf 85' lang='lat' dir='ltr'><strong>deserto,</strong></span> <span class='ocrx_word' id='word_1_30' title='bbox 308 756 340 816; x_wconf 93' lang='lat' dir='ltr'><strong>iu</strong></span> <span class='ocrx_word' id='word_1_31' title='bbox 360 773 423 835; x_wconf 85' lang='lat' dir='ltr'><strong>qua</strong></span> <span class='ocrx_word' id='word_1_32' title='bbox 447 753 488 814; x_wconf 88' lang='lat' dir='ltr'><strong>de</strong></span> <span class='ocrx_word' id='word_1_33' title='bbox 522 751 754 814; x_wconf 83' lang='lat' dir='ltr'><strong>delicatissima</strong></span> <span class='ocrx_word' id='word_1_34' title='bbox 781 768 898 812; x_wconf 82' lang='lat' dir='ltr'><strong>manna</strong></span> <span class='ocrx_word' id='word_1_35' title='bbox 927 751 1099 834; x_wconf 80' lang='lat' dir='ltr'><strong>vivebant,</strong></span> <span class='ocrx_word' id='word_1_36' title='bbox 1131 753 1190 818; x_wconf 86' lang='lat' dir='ltr'><strong>sed</strong></span> <span class='ocrx_word' id='word_1_37' title='bbox 1213 765 1306 836; x_wconf 83' lang='lat' dir='ltr'><strong>post-</strong></span> 
     </span>
     <span class='ocr_line' id='line_1_6' title="bbox 137 855 1408 943; baseline 0.003 -25"><span class='ocrx_word' id='word_1_38' title='bbox 137 876 231 939; x_wconf 87' lang='lat' dir='ltr'><strong>quam</strong></span> <span class='ocrx_word' id='word_1_39' title='bbox 256 858 380 920; x_wconf 78' lang='lat' dir='ltr'><strong>fructus</strong></span> <span class='ocrx_word' id='word_1_40' title='bbox 403 868 508 920; x_wconf 85' lang='lat' dir='ltr'><strong>terrae</strong></span> <span class='ocrx_word' id='word_1_41' title='bbox 528 865 663 943; x_wconf 80' lang='lat' dir='ltr'><strong>sanetae</strong></span> <span class='ocrx_word' id='word_1_42' title='bbox 684 855 854 938; x_wconf 82' lang='lat' dir='ltr'><strong>habebant,</strong></span> <span class='ocrx_word' id='word_1_43' title='bbox 877 857 1022 917; x_wconf 76' lang='lat' dir='ltr'><strong>cessavit</strong></span> <span class='ocrx_word' id='word_1_44' title='bbox 1044 874 1182 920; x_wconf 84' lang='lat' dir='ltr'><strong>mannae</strong></span> <span class='ocrx_word' id='word_1_45' title='bbox 1204 859 1304 921; x_wconf 81' lang='lat' dir='ltr'><strong>mira-</strong></span> <span class='ocrx_word' id='word_1_46' title='bbox 1404 855 1408 865; x_wconf 78' lang='grc'><strong>“</strong></span> 
     </span>
     <span class='ocr_line' id='line_1_7' title="bbox 136 959 1304 1049; baseline 0.003 -25"><span class='ocrx_word' id='word_1_47' title='bbox 136 963 259 1042; x_wconf 80' lang='lat' dir='ltr'><strong>culum,</strong></span> <span class='ocrx_word' id='word_1_48' title='bbox 290 962 414 1026; x_wconf 81' lang='lat' dir='ltr'><strong>Josnae</strong></span> <span class='ocrx_word' id='word_1_49' title='bbox 434 961 465 1022; x_wconf 80' lang='lat'><strong>5.</strong></span> <span class='ocrx_word' id='word_1_50' title='bbox 503 961 581 1022; x_wconf 67' lang='lat' dir='ltr'><strong>«Nea</strong></span> <span class='ocrx_word' id='word_1_51' title='bbox 603 960 814 1049; x_wconf 78' lang='lat' dir='ltr'><strong>estamplius</strong></span> <span class='ocrx_word' id='word_1_52' title='bbox 834 968 961 1040; x_wconf 84' lang='lat' dir='ltr'><strong>tempus</strong></span> <span class='ocrx_word' id='word_1_53' title='bbox 995 959 1235 1044; x_wconf 81' lang='lat' dir='ltr'><strong>miraeulorum,</strong></span> <span class='ocrx_word' id='word_1_54' title='bbox 1267 972 1304 1028; x_wconf 86' lang='lat' dir='ltr'><strong>nt</strong></span> 
     </span>
     <span class='ocr_line' id='line_1_8' title="bbox 136 1063 1302 1154; baseline 0.002 -27"><span class='ocrx_word' id='word_1_55' title='bbox 136 1085 274 1128; x_wconf 85' lang='lat' dir='ltr'><strong>neeesse</strong></span> <span class='ocrx_word' id='word_1_56' title='bbox 296 1067 346 1126; x_wconf 88' lang='lat' dir='ltr'><strong>sit</strong></span> <span class='ocrx_word' id='word_1_57' title='bbox 378 1065 487 1128; x_wconf 85' lang='lat' dir='ltr'><strong>oleum</strong></span> <span class='ocrx_word' id='word_1_58' title='bbox 509 1065 618 1130; x_wconf 76' lang='lat' dir='ltr'><strong>&#39;fluere</strong></span> <span class='ocrx_word' id='word_1_59' title='bbox 649 1081 706 1144; x_wconf 84' lang='lat' dir='ltr'><strong>pro</strong></span> <span class='ocrx_word' id='word_1_60' title='bbox 735 1063 932 1154; x_wconf 79' lang='lat' dir='ltr'><strong>infirmorum</strong></span> <span class='ocrx_word' id='word_1_61' title='bbox 965 1065 1123 1146; x_wconf 83' lang='lat' dir='ltr'><strong>sanitate,</strong></span> <span class='ocrx_word' id='word_1_62' title='bbox 1156 1066 1211 1128; x_wconf 88' lang='lat' dir='ltr'><strong>vel</strong></span> <span class='ocrx_word' id='word_1_63' title='bbox 1244 1086 1302 1149; x_wconf 86' lang='lat' dir='ltr'><strong>pro</strong></span> 
     </span>
     <span class='ocr_line' id='line_1_9' title="bbox 134 1151 1321 1248; baseline 0.001 -17"><span class='ocrx_word' id='word_1_64' title='bbox 134 1170 316 1231; x_wconf 77' lang='lat' dir='ltr'><strong>sanctitatis</strong></span> <span class='ocrx_word' id='word_1_65' title='bbox 338 1170 523 1230; x_wconf 70' lang='lat' dir='ltr'>ostensione</span> <span class='ocrx_word' id='word_1_66' title='bbox 544 1167 697 1248; x_wconf 82' lang='lat' dir='ltr'><strong>virginis3</strong></span> <span class='ocrx_word' id='word_1_67' title='bbox 718 1165 791 1228; x_wconf 86' lang='lat' dir='ltr'><strong>ideo</strong></span> <span class='ocrx_word' id='word_1_68' title='bbox 806 1166 859 1228; x_wconf 88' lang='lat' dir='ltr'><strong>hie</strong></span> <span class='ocrx_word' id='word_1_69' title='bbox 876 1175 909 1228; x_wconf 86' lang='lat' dir='ltr'><strong>et</strong></span> <span class='ocrx_word' id='word_1_70' title='bbox 924 1168 1011 1232; x_wconf 83' lang='lat' dir='ltr'><strong>cirea</strong></span> <span class='ocrx_word' id='word_1_71' title='bbox 1031 1168 1095 1230; x_wconf 85' lang='lat' dir='ltr'><strong>elia</strong></span> <span class='ocrx_word' id='word_1_72' title='bbox 1111 1167 1297 1233; x_wconf 73' lang='lat' dir='ltr'><strong>sanctornm</strong></span> <span class='ocrx_word' id='word_1_73' title='bbox 1319 1151 1321 1156; x_wconf 34' lang='lat'>⁵</span> 
     </span>
     <span class='ocr_line' id='line_1_10' title="bbox 132 1267 1299 1355; baseline 0.001 -20"><span class='ocrx_word' id='word_1_74' title='bbox 132 1273 304 1355; x_wconf 77' lang='lat' dir='ltr'><strong>sepulchra</strong></span> <span class='ocrx_word' id='word_1_75' title='bbox 326 1281 536 1334; x_wconf 83' lang='lat' dir='ltr'><strong>cessaverunt</strong></span> <span class='ocrx_word' id='word_1_76' title='bbox 566 1269 636 1332; x_wconf 86' lang='lat' dir='ltr'><strong>fieri</strong></span> <span class='ocrx_word' id='word_1_77' title='bbox 658 1269 809 1330; x_wconf 78' lang='lat' dir='ltr'><strong>miracula</strong></span> <span class='ocrx_word' id='word_1_78' title='bbox 816 1315 827 1351; x_wconf 91' lang='lat'>,</span> <span class='ocrx_word' id='word_1_79' title='bbox 860 1270 1009 1353; x_wconf 86' lang='lat' dir='ltr'><strong>quamvis</strong></span> <span class='ocrx_word' id='word_1_80' title='bbox 1038 1270 1135 1333; x_wconf 80' lang='lat' dir='ltr'><strong>hodie</strong></span> <span class='ocrx_word' id='word_1_81' title='bbox 1166 1267 1242 1335; x_wconf 84' lang='lat' dir='ltr'><strong>assa</strong></span> <span class='ocrx_word' id='word_1_82' title='bbox 1262 1273 1299 1336; x_wconf 77' lang='lat' dir='ltr'><strong>S.</strong></span> 
     </span>
    </p>
   </div>
   <div class='ocr_carea' id='block_1_4' title="bbox 126 1372 1340 1870">
    <p class='ocr_par' dir='ltr' id='par_1_4' title="bbox 126 1372 1340 1870">
     <span class='ocr_line' id='line_1_11' title="bbox 133 1372 1340 1459; baseline 0.002 -20"><span class='ocrx_word' id='word_1_83' title='bbox 133 1379 269 1459; x_wconf 83' lang='lat' dir='ltr'><strong>virginis</strong></span> <span class='ocrx_word' id='word_1_84' title='bbox 303 1377 477 1438; x_wconf 86' lang='lat' dir='ltr'><strong>videantur</strong></span> <span class='ocrx_word' id='word_1_85' title='bbox 513 1393 588 1436; x_wconf 85' lang='lat' dir='ltr'><strong>esse</strong></span> <span class='ocrx_word' id='word_1_86' title='bbox 620 1372 716 1454; x_wconf 84' lang='lat' dir='ltr'><strong>plena</strong></span> <span class='ocrx_word' id='word_1_87' title='bbox 745 1373 816 1435; x_wconf 88' lang='lat' dir='ltr'><strong>olen</strong></span> <span class='ocrx_word' id='word_1_88' title='bbox 837 1381 870 1434; x_wconf 86' lang='lat' dir='ltr'><strong>et</strong></span> <span class='ocrx_word' id='word_1_89' title='bbox 900 1390 1015 1454; x_wconf 80' lang='lat' dir='ltr'><strong>pressa</strong></span> <span class='ocrx_word' id='word_1_90' title='bbox 1043 1374 1149 1438; x_wconf 85' lang='lat' dir='ltr'><strong>oleum</strong></span> <span class='ocrx_word' id='word_1_91' title='bbox 1181 1375 1301 1440; x_wconf 84' lang='lat' dir='ltr'><strong>sudare</strong></span> <span class='ocrx_word' id='word_1_92' title='bbox 1335 1437 1340 1443; x_wconf 90' lang='lat'><strong>.</strong></span> 
     </span>
     <span class='ocr_line' id='line_1_12' title="bbox 132 1477 1300 1564; baseline 0.002 -22"><span class='ocrx_word' id='word_1_93' title='bbox 132 1489 285 1563; x_wconf 80' lang='lat' dir='ltr'><strong>possent,</strong></span> <span class='ocrx_word' id='word_1_94' title='bbox 306 1489 341 1542; x_wconf 94' lang='lat' dir='ltr'><strong>nt</strong></span> <span class='ocrx_word' id='word_1_95' title='bbox 363 1477 506 1559; x_wconf 81' lang='lat' dir='ltr'><strong>videtnr3</strong></span> <span class='ocrx_word' id='word_1_96' title='bbox 529 1486 718 1540; x_wconf 83' lang='lat' dir='ltr'><strong>nen-tamen</strong></span> <span class='ocrx_word' id='word_1_97' title='bbox 740 1477 984 1558; x_wconf 69' lang='lat' dir='ltr'><strong>omnino&#39;putet</strong></span> <span class='ocrx_word' id='word_1_98' title='bbox 1010 1478 1127 1562; x_wconf 84' lang='lat' dir='ltr'><strong>uliquis</strong></span> <span class='ocrx_word' id='word_1_99' title='bbox 1147 1498 1300 1564; x_wconf 77' lang='lat' dir='ltr'><strong>cessasse</strong></span> 
     </span>
     <span class='ocr_line' id='line_1_13' title="bbox 133 1566 1298 1668; baseline 0.003 -23"><span class='ocrx_word' id='word_1_100' title='bbox 133 1584 286 1647; x_wconf 84' lang='lat' dir='ltr'><strong>miracula</strong></span> <span class='ocrx_word' id='word_1_101' title='bbox 307 1583 344 1645; x_wconf 79' lang='lat' dir='ltr'><strong>S.</strong></span> <span class='ocrx_word' id='word_1_102' title='bbox 365 1580 576 1662; x_wconf 81' lang='lat' dir='ltr'><strong>Catharinae,</strong></span> <span class='ocrx_word' id='word_1_103' title='bbox 605 1582 733 1644; x_wconf 89' lang='lat' dir='ltr'><strong>etiamsi</strong></span> <span class='ocrx_word' id='word_1_104' title='bbox 750 1582 844 1662; x_wconf 84' lang='lat' dir='ltr'><strong>juxta</strong></span> <span class='ocrx_word' id='word_1_105' title='bbox 874 1583 1080 1665; x_wconf 81' lang='lat' dir='ltr'><strong>sepulchrum</strong></span> <span class='ocrx_word' id='word_1_106' title='bbox 1102 1583 1137 1645; x_wconf 89' lang='lat' dir='ltr'><strong>S.</strong></span> <span class='ocrx_word' id='word_1_107' title='bbox 1160 1566 1298 1668; x_wconf 85' lang='lat' dir='ltr'><strong>virginis</strong></span> 
     </span>
     <span class='ocr_line' id='line_1_14' title="bbox 130 1685 1297 1770; baseline 0.003 -22"><span class='ocrx_word' id='word_1_108' title='bbox 130 1708 194 1750; x_wconf 85' lang='lat' dir='ltr'><strong>non</strong></span> <span class='ocrx_word' id='word_1_109' title='bbox 217 1689 312 1769; x_wconf 84' lang='lat' dir='ltr'><strong>liant,</strong></span> <span class='ocrx_word' id='word_1_110' title='bbox 333 1706 432 1770; x_wconf 85' lang='lat' dir='ltr'><strong>saepe</strong></span> <span class='ocrx_word' id='word_1_111' title='bbox 454 1689 539 1748; x_wconf 89' lang='lat' dir='ltr'><strong>enim</strong></span> <span class='ocrx_word' id='word_1_112' title='bbox 561 1685 710 1748; x_wconf 80' lang='lat' dir='ltr'><strong>videmus</strong></span> <span class='ocrx_word' id='word_1_113' title='bbox 731 1685 851 1766; x_wconf 74' lang='lat' dir='ltr'><strong>maiora</strong></span> <span class='ocrx_word' id='word_1_114' title='bbox 872 1705 930 1766; x_wconf 84' lang='lat' dir='ltr'><strong>per</strong></span> <span class='ocrx_word' id='word_1_115' title='bbox 951 1697 1084 1752; x_wconf 83' lang='lat' dir='ltr'><strong>sanetus</strong></span> <span class='ocrx_word' id='word_1_116' title='bbox 1099 1690 1175 1751; x_wconf 75' lang='lat' dir='ltr'><strong>&#39;lieri</strong></span> <span class='ocrx_word' id='word_1_117' title='bbox 1197 1691 1297 1752; x_wconf 87' lang='lat' dir='ltr'><strong>mira·</strong></span> 
     </span>
     <span class='ocr_line' id='line_1_15' title="bbox 126 1791 1296 1870; baseline 0.001 -16"><span class='ocrx_word' id='word_1_118' title='bbox 126 1793 204 1854; x_wconf 81' lang='lat' dir='ltr'><strong>eula</strong></span> <span class='ocrx_word' id='word_1_119' title='bbox 224 1793 257 1853; x_wconf 91' lang='lat' dir='ltr'><strong>in</strong></span> <span class='ocrx_word' id='word_1_120' title='bbox 280 1793 377 1870; x_wconf 87' lang='lat' dir='ltr'><strong>loeis,</strong></span> <span class='ocrx_word' id='word_1_121' title='bbox 397 1791 451 1852; x_wconf 85' lang='lat' dir='ltr'><strong>nbi</strong></span> <span class='ocrx_word' id='word_1_122' title='bbox 472 1807 582 1851; x_wconf 84' lang='lat' dir='ltr'><strong>earnm</strong></span> <span class='ocrx_word' id='word_1_123' title='bbox 606 1806 741 1870; x_wconf 78' lang='lat' dir='ltr'><strong>corpora</strong></span> <span class='ocrx_word' id='word_1_124' title='bbox 762 1807 824 1860; x_wconf 73' lang='lat' dir='ltr'><strong>nrm</strong></span> <span class='ocrx_word' id='word_1_125' title='bbox 848 1797 939 1870; x_wconf 88' lang='lat' dir='ltr'><strong>sunt,</strong></span> <span class='ocrx_word' id='word_1_126' title='bbox 962 1809 1057 1870; x_wconf 86' lang='lat' dir='ltr'><strong>qnam</strong></span> <span class='ocrx_word' id='word_1_127' title='bbox 1079 1792 1166 1854; x_wconf 83' lang='lat' dir='ltr'><strong>eirea</strong></span> <span class='ocrx_word' id='word_1_128' title='bbox 1186 1813 1296 1856; x_wconf 83' lang='lat' dir='ltr'><strong>eortrm</strong></span> 
     </span>
    </p>
   </div>
   <div class='ocr_carea' id='block_1_5' title="bbox 8 1867 1297 1976">
    <p class='ocr_par' dir='ltr' id='par_1_5' title="bbox 8 1867 1297 1976">
     <span class='ocr_line' id='line_1_16' title="bbox 8 1867 1297 1976; baseline 0.002 -22"><span class='ocrx_word' id='word_1_129' title='bbox 8 1867 10 1928; x_wconf 64' lang='lat' dir='ltr'><strong>l</strong></span> <span class='ocrx_word' id='word_1_130' title='bbox 129 1896 279 1956; x_wconf 86' lang='lat' dir='ltr'><strong>tumulos.</strong></span> <span class='ocrx_word' id='word_1_131' title='bbox 302 1897 338 1955; x_wconf 92' lang='lat' dir='ltr'><strong>ln</strong></span> <span class='ocrx_word' id='word_1_132' title='bbox 361 1893 468 1954; x_wconf 87' lang='lat' dir='ltr'><strong>multis</strong></span> <span class='ocrx_word' id='word_1_133' title='bbox 490 1892 571 1954; x_wconf 84' lang='lat' dir='ltr'><strong>locis</strong></span> <span class='ocrx_word' id='word_1_134' title='bbox 592 1891 765 1972; x_wconf 67' lang='lat' dir='ltr'><strong>hortieper</strong></span> <span class='ocrx_word' id='word_1_135' title='bbox 785 1890 819 1952; x_wconf 85' lang='lat' dir='ltr'><strong>S.</strong></span> <span class='ocrx_word' id='word_1_136' title='bbox 829 1889 1035 1954; x_wconf 80' lang='lat' dir='ltr'><strong>Catharinam</strong></span> <span class='ocrx_word' id='word_1_137' title='bbox 1051 1895 1131 1956; x_wconf 85' lang='lat' dir='ltr'><strong>liunt</strong></span> <span class='ocrx_word' id='word_1_138' title='bbox 1151 1896 1297 1976; x_wconf 84' lang='lat' dir='ltr'><strong>ingentia</strong></span> 
     </span>
    </p>
   </div>
   <div class='ocr_carea' id='block_1_6' title="bbox 130 1992 1295 2083">
    <p class='ocr_par' dir='ltr' id='par_1_6' title="bbox 130 1992 1295 2083">
     <span class='ocr_line' id='line_1_17' title="bbox 130 1992 1295 2083; baseline 0.001 -25"><span class='ocrx_word' id='word_1_139' title='bbox 130 1996 301 2083; x_wconf 85' lang='lat' dir='ltr'><strong>miracula,</strong></span> <span class='ocrx_word' id='word_1_140' title='bbox 335 1997 419 2058; x_wconf 86' lang='lat' dir='ltr'><strong>sieut</strong></span> <span class='ocrx_word' id='word_1_141' title='bbox 440 1995 473 2056; x_wconf 92' lang='lat' dir='ltr'><strong>in</strong></span> <span class='ocrx_word' id='word_1_142' title='bbox 496 1993 638 2056; x_wconf 80' lang='lat' dir='ltr'><strong>diaecesi</strong></span> <span class='ocrx_word' id='word_1_143' title='bbox 672 1992 856 2056; x_wconf 85' lang='lat' dir='ltr'><strong>Coloniensi</strong></span> <span class='ocrx_word' id='word_1_144' title='bbox 878 1996 911 2056; x_wconf 94' lang='lat' dir='ltr'><strong>in</strong></span> <span class='ocrx_word' id='word_1_145' title='bbox 934 1998 1128 2059; x_wconf 84' lang='lat' dir='ltr'><strong>monasteria</strong></span> <span class='ocrx_word' id='word_1_146' title='bbox 1159 1997 1295 2059; x_wconf 80' lang='lat' dir='ltr'><strong>Reuen&#39;-</strong></span> 
     </span>
    </p>
   </div>
   <div class='ocr_carea' id='block_1_7' title="bbox 8 2079 1393 2292">
    <p class='ocr_par' dir='ltr' id='par_1_7' title="bbox 8 2079 1393 2292">
     <span class='ocr_line' id='line_1_18' title="bbox 8 2079 1393 2181; baseline -0.008 -16"><span class='ocrx_word' id='word_1_147' title='bbox 8 2113 18 2133; x_wconf 88' lang='lat'><em>·</em></span> <span class='ocrx_word' id='word_1_148' title='bbox 127 2101 199 2164; x_wconf 82' lang='lat' dir='ltr'><strong>reth</strong></span> <span class='ocrx_word' id='word_1_149' title='bbox 220 2100 402 2161; x_wconf 85' lang='lat' dir='ltr'><strong>monialium</strong></span> <span class='ocrx_word' id='word_1_150' title='bbox 432 2098 554 2163; x_wconf 77' lang='lat' dir='ltr'>ordinis</span> <span class='ocrx_word' id='word_1_151' title='bbox 584 2099 809 2163; x_wconf 83' lang='lat' dir='ltr'><strong>canonicarum</strong></span> <span class='ocrx_word' id='word_1_152' title='bbox 832 2079 1036 2179; x_wconf 81' lang='lat' dir='ltr'><strong>regularium,</strong></span> <span class='ocrx_word' id='word_1_153' title='bbox 1058 2101 1091 2160; x_wconf 91' lang='lat' dir='ltr'><strong>in</strong></span> <span class='ocrx_word' id='word_1_154' title='bbox 1115 2118 1178 2181; x_wconf 84' lang='lat' dir='ltr'><strong>qno</strong></span> <span class='ocrx_word' id='word_1_155' title='bbox 1198 2101 1295 2162; x_wconf 77' lang='lat' dir='ltr'><strong>inau-</strong></span> <span class='ocrx_word' id='word_1_156' title='bbox 1392 2149 1393 2154; x_wconf 73' lang='grc'>,</span> 
     </span>
     <span class='ocr_line' id='line_1_19' title="bbox 8 2199 1294 2292; baseline -0.002 -25"><span class='ocrx_word' id='word_1_157' title='bbox 8 2211 9 2220; x_wconf 78' lang='grc'>’</span> <span class='ocrx_word' id='word_1_158' title='bbox 129 2205 195 2292; x_wconf 82' lang='lat' dir='ltr'><strong>dita</strong></span> <span class='ocrx_word' id='word_1_159' title='bbox 214 2205 411 2285; x_wconf 62' lang='lat' dir='ltr'><strong>,enrrtingnnt</strong></span> <span class='ocrx_word' id='word_1_160' title='bbox 439 2201 610 2282; x_wconf 72' lang='lat' dir='ltr'><strong>mimula,</strong></span> <span class='ocrx_word' id='word_1_161' title='bbox 644 2203 699 2266; x_wconf 88' lang='lat' dir='ltr'><strong>nbi</strong></span> <span class='ocrx_word' id='word_1_162' title='bbox 731 2199 773 2262; x_wconf 81' lang='lat' dir='ltr'><strong>tle</strong></span> <span class='ocrx_word' id='word_1_163' title='bbox 796 2201 898 2282; x_wconf 71' lang='lat' dir='ltr'><strong>paruo</strong></span> <span class='ocrx_word' id='word_1_164' title='bbox 931 2217 1007 2262; x_wconf 84' lang='lat' dir='ltr'><strong>osse</strong></span> <span class='ocrx_word' id='word_1_165' title='bbox 1037 2200 1294 2265; x_wconf 57' lang='lat' dir='ltr'><strong>&amp;catharinae</strong></span> 
     </span>
    </p>
   </div>
   <div class='ocr_carea' id='block_1_8' title="bbox 56 2305 1293 2804">
    <p class='ocr_par' dir='ltr' id='par_1_8' title="bbox 56 2305 1293 2804">
     <span class='ocr_line' id='line_1_20' title="bbox 56 2305 1293 2388; baseline 0 -18"><span class='ocrx_word' id='word_1_166' title='bbox 56 2379 59 2384; x_wconf 17' lang='lat' dir='ltr'><em>r</em></span> <span class='ocrx_word' id='word_1_167' title='bbox 128 2309 242 2372; x_wconf 86' lang='lat' dir='ltr'><strong>dieitur</strong></span> <span class='ocrx_word' id='word_1_168' title='bbox 263 2309 363 2370; x_wconf 86' lang='lat' dir='ltr'><strong>lluere</strong></span> <span class='ocrx_word' id='word_1_169' title='bbox 384 2306 499 2388; x_wconf 86' lang='lat' dir='ltr'><strong>oleum,</strong></span> <span class='ocrx_word' id='word_1_170' title='bbox 521 2306 582 2387; x_wconf 85' lang='lat' dir='ltr'><strong>lae,</strong></span> <span class='ocrx_word' id='word_1_171' title='bbox 604 2306 782 2369; x_wconf 86' lang='lat' dir='ltr'><strong>balsamum</strong></span> <span class='ocrx_word' id='word_1_172' title='bbox 802 2313 833 2364; x_wconf 88' lang='lat' dir='ltr'><strong>et</strong></span> <span class='ocrx_word' id='word_1_173' title='bbox 846 2320 972 2385; x_wconf 83' lang='lat' dir='ltr'><strong>manna,</strong></span> <span class='ocrx_word' id='word_1_174' title='bbox 995 2314 1027 2366; x_wconf 88' lang='lat' dir='ltr'><strong>et</strong></span> <span class='ocrx_word' id='word_1_175' title='bbox 1048 2305 1113 2367; x_wconf 86' lang='lat' dir='ltr'><strong>alia</strong></span> <span class='ocrx_word' id='word_1_176' title='bbox 1131 2307 1293 2388; x_wconf 77' lang='lat' dir='ltr'><strong>stupenda</strong></span> 
     </span>
     <span class='ocr_line' id='line_1_21' title="bbox 114 2407 1293 2478; baseline 0.003 -6"><span class='ocrx_word' id='word_1_177' title='bbox 114 2421 295 2476; x_wconf 81' lang='lat' dir='ltr'><strong>narrantur</strong></span> <span class='ocrx_word' id='word_1_178' title='bbox 317 2411 360 2475; x_wconf 87' lang='lat' dir='ltr'><strong>ilri</strong></span> <span class='ocrx_word' id='word_1_179' title='bbox 381 2430 530 2474; x_wconf 85' lang='lat' dir='ltr'><strong>verorum</strong></span> <span class='ocrx_word' id='word_1_180' title='bbox 553 2409 682 2472; x_wconf 86' lang='lat' dir='ltr'><strong>testium</strong></span> <span class='ocrx_word' id='word_1_181' title='bbox 705 2409 896 2471; x_wconf 74' lang='lat' dir='ltr'><strong>assertione.</strong></span> <span class='ocrx_word' id='word_1_182' title='bbox 939 2408 976 2469; x_wconf 92' lang='lat' dir='ltr'><strong>ln</strong></span> <span class='ocrx_word' id='word_1_183' title='bbox 997 2407 1066 2470; x_wconf 88' lang='lat' dir='ltr'><strong>vita</strong></span> <span class='ocrx_word' id='word_1_184' title='bbox 1089 2408 1125 2478; x_wconf 80' lang='lat' dir='ltr'><strong>S.</strong></span> <span class='ocrx_word' id='word_1_185' title='bbox 1147 2410 1293 2475; x_wconf 87' lang='lat' dir='ltr'><strong>Hilario·</strong></span> 
     </span>
     <span class='ocr_line' id='line_1_22' title="bbox 126 2509 1289 2598; baseline 0 -22"><span class='ocrx_word' id='word_1_186' title='bbox 126 2518 177 2577; x_wconf 90' lang='lat' dir='ltr'><strong>nis</strong></span> <span class='ocrx_word' id='word_1_187' title='bbox 204 2515 334 2595; x_wconf 83' lang='lat' dir='ltr'><strong>dieitur,</strong></span> <span class='ocrx_word' id='word_1_188' title='bbox 363 2514 449 2597; x_wconf 86' lang='lat' dir='ltr'><strong>qnod</strong></span> <span class='ocrx_word' id='word_1_189' title='bbox 480 2533 522 2576; x_wconf 84' lang='lat' dir='ltr'><strong>ex</strong></span> <span class='ocrx_word' id='word_1_190' title='bbox 548 2533 587 2575; x_wconf 86' lang='lat' dir='ltr'><strong>eo</strong></span> <span class='ocrx_word' id='word_1_191' title='bbox 610 2512 681 2575; x_wconf 79' lang='lat' dir='ltr'><strong>loon</strong></span> <span class='ocrx_word' id='word_1_192' title='bbox 702 2509 836 2594; x_wconf 83' lang='lat' dir='ltr'><strong>Syriae,</strong></span> <span class='ocrx_word' id='word_1_193' title='bbox 867 2510 923 2572; x_wconf 91' lang='lat' dir='ltr'><strong>ubi</strong></span> <span class='ocrx_word' id='word_1_194' title='bbox 952 2528 1071 2593; x_wconf 85' lang='lat' dir='ltr'><strong>eorpus</strong></span> <span class='ocrx_word' id='word_1_195' title='bbox 1100 2513 1172 2594; x_wconf 85' lang='lat' dir='ltr'><strong>ejus</strong></span> <span class='ocrx_word' id='word_1_196' title='bbox 1189 2513 1289 2598; x_wconf 78' lang='lat' dir='ltr'><strong>jacet,</strong></span> 
     </span>
     <span class='ocr_line' id='line_1_23' title="bbox 125 2612 1290 2701; baseline 0.003 -23"><span class='ocrx_word' id='word_1_197' title='bbox 125 2637 189 2680; x_wconf 91' lang='lat' dir='ltr'><strong>uon</strong></span> <span class='ocrx_word' id='word_1_198' title='bbox 212 2621 401 2700; x_wconf 81' lang='lat' dir='ltr'><strong>enrrtingnnt</strong></span> <span class='ocrx_word' id='word_1_199' title='bbox 434 2618 609 2698; x_wconf 74' lang='lat' dir='ltr'><strong>miracula,</strong></span> <span class='ocrx_word' id='word_1_200' title='bbox 634 2615 695 2678; x_wconf 83' lang='lat' dir='ltr'><strong>sed</strong></span> <span class='ocrx_word' id='word_1_201' title='bbox 724 2616 757 2676; x_wconf 92' lang='lat' dir='ltr'><strong>in</strong></span> <span class='ocrx_word' id='word_1_202' title='bbox 778 2612 917 2698; x_wconf 85' lang='lat' dir='ltr'><strong>quodam</strong></span> <span class='ocrx_word' id='word_1_203' title='bbox 947 2615 1073 2678; x_wconf 87' lang='lat' dir='ltr'><strong>hortulo</strong></span> <span class='ocrx_word' id='word_1_204' title='bbox 1105 2616 1224 2701; x_wconf 84' lang='lat' dir='ltr'>Cypri,</span> <span class='ocrx_word' id='word_1_205' title='bbox 1256 2621 1290 2682; x_wconf 96' lang='lat' dir='ltr'><strong>in</strong></span> 
     </span>
     <span class='ocr_line' id='line_1_24' title="bbox 125 2719 1289 2804; baseline 0 -19"><span class='ocrx_word' id='word_1_206' title='bbox 125 2742 188 2804; x_wconf 84' lang='lat' dir='ltr'><strong>qno</strong></span> <span class='ocrx_word' id='word_1_207' title='bbox 211 2723 366 2785; x_wconf 85' lang='lat' dir='ltr'><strong>habitavit</strong></span> <span class='ocrx_word' id='word_1_208' title='bbox 397 2723 531 2803; x_wconf 78' lang='lat' dir='ltr'><strong>vivona,</strong></span> <span class='ocrx_word' id='word_1_209' title='bbox 558 2721 696 2782; x_wconf 82' lang='lat' dir='ltr'><strong>maxima</strong></span> <span class='ocrx_word' id='word_1_210' title='bbox 726 2721 806 2780; x_wconf 83' lang='lat' dir='ltr'><strong>liurrt</strong></span> <span class='ocrx_word' id='word_1_211' title='bbox 833 2719 997 2787; x_wconf 77' lang='lat' dir='ltr'><strong>miracula.</strong></span> <span class='ocrx_word' id='word_1_212' title='bbox 1041 2719 1098 2784; x_wconf 85' lang='lat' dir='ltr'><strong>Sie</strong></span> <span class='ocrx_word' id='word_1_213' title='bbox 1119 2724 1215 2784; x_wconf 87' lang='lat' dir='ltr'><strong>etiam</strong></span> <span class='ocrx_word' id='word_1_214' title='bbox 1238 2732 1289 2785; x_wconf 84' lang='lat' dir='ltr'><strong>est</strong></span> 
     </span>
    </p>
   </div>
   <div class='ocr_carea' id='block_1_9' title="bbox 124 2823 1289 3004">
    <p class='ocr_par' dir='ltr' id='par_1_9' title="bbox 124 2823 1289 3004">
     <span class='ocr_line' id='line_1_25' title="bbox 124 2823 429 2887; baseline -0.01 0"><span class='ocrx_word' id='word_1_215' title='bbox 124 2825 166 2887; x_wconf 90' lang='lat' dir='ltr'><strong>de</strong></span> <span class='ocrx_word' id='word_1_216' title='bbox 185 2825 220 2886; x_wconf 82' lang='lat' dir='ltr'><strong>S.</strong></span> <span class='ocrx_word' id='word_1_217' title='bbox 245 2823 429 2886; x_wconf 84' lang='lat' dir='ltr'><strong>Catlrarina.</strong></span> 
     </span>
     <span class='ocr_line' id='line_1_26' title="bbox 207 2920 1289 3004; baseline -0.002 -16"><span class='ocrx_word' id='word_1_218' title='bbox 207 2926 352 3004; x_wconf 72' lang='lat' dir='ltr'><strong>Qualiter</strong></span> <span class='ocrx_word' id='word_1_219' title='bbox 373 2933 479 2987; x_wconf 86' lang='lat' dir='ltr'><strong>autem</strong></span> <span class='ocrx_word' id='word_1_220' title='bbox 501 2941 620 3004; x_wconf 85' lang='lat' dir='ltr'><strong>eorpus</strong></span> <span class='ocrx_word' id='word_1_221' title='bbox 639 2922 675 2986; x_wconf 81' lang='lat' dir='ltr'><strong>S.</strong></span> <span class='ocrx_word' id='word_1_222' title='bbox 699 2920 896 2984; x_wconf 75' lang='lat' dir='ltr'><strong>catharinae</strong></span> <span class='ocrx_word' id='word_1_223' title='bbox 917 2925 963 2985; x_wconf 89' lang='lat' dir='ltr'><strong>sit·</strong></span> <span class='ocrx_word' id='word_1_224' title='bbox 981 2924 1143 2986; x_wconf 85' lang='lat' dir='ltr'><strong>inventum</strong></span> <span class='ocrx_word' id='word_1_225' title='bbox 1167 2933 1199 2986; x_wconf 83' lang='lat' dir='ltr'><strong>nt</strong></span> <span class='ocrx_word' id='word_1_226' title='bbox 1224 2925 1289 2987; x_wconf 80' lang='lat' dir='ltr'><strong>hnc</strong></span> 
     </span>
    </p>
   </div>
   <div class='ocr_carea' id='block_1_10' title="bbox 8 3022 1356 4350">
    <p class='ocr_par' dir='ltr' id='par_1_10' title="bbox 8 3022 1356 4350">
     <span class='ocr_line' id='line_1_27' title="bbox 8 3022 1286 3111; baseline -0.003 -19"><span class='ocrx_word' id='word_1_227' title='bbox 8 3035 9 3064; x_wconf 72' lang='lat'>³</span> <span class='ocrx_word' id='word_1_228' title='bbox 121 3031 329 3111; x_wconf 83' lang='lat' dir='ltr'><strong>translatum,</strong></span> <span class='ocrx_word' id='word_1_229' title='bbox 353 3026 606 3102; x_wconf 81' lang='lat' dir='ltr'><strong>iamvidendnm</strong></span> <span class='ocrx_word' id='word_1_230' title='bbox 630 3033 742 3088; x_wconf 83' lang='lat' dir='ltr'><strong>restat.</strong></span> <span class='ocrx_word' id='word_1_231' title='bbox 787 3022 869 3086; x_wconf 87' lang='lat' dir='ltr'><strong>Cum</strong></span> <span class='ocrx_word' id='word_1_232' title='bbox 898 3027 981 3089; x_wconf 86' lang='lat' dir='ltr'><strong>errim</strong></span> <span class='ocrx_word' id='word_1_233' title='bbox 1004 3045 1045 3087; x_wconf 88' lang='lat' dir='ltr'><strong>ex</strong></span> <span class='ocrx_word' id='word_1_234' title='bbox 1075 3027 1186 3109; x_wconf 89' lang='lat' dir='ltr'><strong>iniqua</strong></span> <span class='ocrx_word' id='word_1_235' title='bbox 1207 3045 1286 3088; x_wconf 88' lang='lat' dir='ltr'><strong>sen-</strong></span> 
     </span>
     <span class='ocr_line' id='line_1_28' title="bbox 122 3126 1286 3214; baseline -0.002 -20"><span class='ocrx_word' id='word_1_236' title='bbox 122 3135 222 3196; x_wconf 82' lang='lat' dir='ltr'><strong>tentia</strong></span> <span class='ocrx_word' id='word_1_237' title='bbox 252 3131 455 3214; x_wconf 84' lang='lat' dir='ltr'><strong>imperatoris</strong></span> <span class='ocrx_word' id='word_1_238' title='bbox 484 3129 643 3191; x_wconf 72' lang='lat' dir='ltr'><strong>Maxentii</strong></span> <span class='ocrx_word' id='word_1_239' title='bbox 677 3129 713 3189; x_wconf 95' lang='lat' dir='ltr'><strong>in</strong></span> <span class='ocrx_word' id='word_1_240' title='bbox 744 3126 942 3190; x_wconf 74' lang='lat' dir='ltr'><strong>Alexandria</strong></span> <span class='ocrx_word' id='word_1_241' title='bbox 978 3129 1071 3210; x_wconf 83' lang='lat' dir='ltr'><strong>virgo</strong></span> <span class='ocrx_word' id='word_1_242' title='bbox 1101 3129 1185 3191; x_wconf 82' lang='lat' dir='ltr'><strong>alma</strong></span> <span class='ocrx_word' id='word_1_243' title='bbox 1212 3139 1286 3211; x_wconf 81' lang='lat' dir='ltr'><strong>post</strong></span> 
     </span>
     <span class='ocr_line' id='line_1_29' title="bbox 121 3229 1285 3315; baseline 0.003 -24"><span class='ocrx_word' id='word_1_244' title='bbox 121 3233 257 3314; x_wconf 83' lang='lat' dir='ltr'><strong>piurima</strong></span> <span class='ocrx_word' id='word_1_245' title='bbox 278 3234 436 3313; x_wconf 76' lang='lat' dir='ltr'><strong>supplicia</strong></span> <span class='ocrx_word' id='word_1_246' title='bbox 457 3234 573 3295; x_wconf 83' lang='lat' dir='ltr'><strong>fnisset</strong></span> <span class='ocrx_word' id='word_1_247' title='bbox 603 3229 777 3313; x_wconf 80' lang='lat' dir='ltr'><strong>decollata,</strong></span> <span class='ocrx_word' id='word_1_248' title='bbox 809 3232 917 3294; x_wconf 87' lang='lat' dir='ltr'><strong>subita</strong></span> <span class='ocrx_word' id='word_1_249' title='bbox 939 3249 1056 3315; x_wconf 83' lang='lat' dir='ltr'><strong>eorpus</strong></span> <span class='ocrx_word' id='word_1_250' title='bbox 1079 3231 1150 3313; x_wconf 87' lang='lat' dir='ltr'><strong>ejus</strong></span> <span class='ocrx_word' id='word_1_251' title='bbox 1171 3233 1285 3295; x_wconf 83' lang='lat' dir='ltr'><strong>subla·</strong></span> 
     </span>
     <span class='ocr_line' id='line_1_30' title="bbox 119 3333 1285 3421; baseline 0 -23"><span class='ocrx_word' id='word_1_252' title='bbox 119 3347 185 3398; x_wconf 91' lang='lat' dir='ltr'><strong>tum</strong></span> <span class='ocrx_word' id='word_1_253' title='bbox 208 3345 259 3398; x_wconf 85' lang='lat' dir='ltr'><strong>est</strong></span> <span class='ocrx_word' id='word_1_254' title='bbox 279 3345 312 3396; x_wconf 86' lang='lat' dir='ltr'><strong>et</strong></span> <span class='ocrx_word' id='word_1_255' title='bbox 324 3335 596 3399; x_wconf 37' lang='lat' dir='ltr'><strong>*concurrentibus</strong></span> <span class='ocrx_word' id='word_1_256' title='bbox 613 3333 772 3415; x_wconf 83' lang='lat' dir='ltr'><strong>fidelibus,</strong></span> <span class='ocrx_word' id='word_1_257' title='bbox 793 3340 828 3394; x_wconf 86' lang='lat' dir='ltr'><strong>ut</strong></span> <span class='ocrx_word' id='word_1_258' title='bbox 848 3335 928 3397; x_wconf 90' lang='lat' dir='ltr'><strong>illud</strong></span> <span class='ocrx_word' id='word_1_259' title='bbox 948 3335 1096 3399; x_wconf 86' lang='lat' dir='ltr'><strong>tollerent</strong></span> <span class='ocrx_word' id='word_1_260' title='bbox 1119 3347 1152 3400; x_wconf 90' lang='lat' dir='ltr'><strong>et</strong></span> <span class='ocrx_word' id='word_1_261' title='bbox 1171 3337 1285 3421; x_wconf 83' lang='lat' dir='ltr'><strong>sepul-</strong></span> 
     </span>
     <span class='ocr_line' id='line_1_31' title="bbox 118 3438 1285 3524; baseline 0.004 -24"><span class='ocrx_word' id='word_1_262' title='bbox 118 3448 209 3500; x_wconf 82' lang='lat' dir='ltr'><strong>turae</strong></span> <span class='ocrx_word' id='word_1_263' title='bbox 228 3438 401 3524; x_wconf 87' lang='lat' dir='ltr'><strong>traderent,</strong></span> <span class='ocrx_word' id='word_1_264' title='bbox 422 3439 502 3502; x_wconf 88' lang='lat' dir='ltr'><strong>nilril</strong></span> <span class='ocrx_word' id='word_1_265' title='bbox 522 3439 669 3500; x_wconf 87' lang='lat' dir='ltr'><strong>invenire</strong></span> <span class='ocrx_word' id='word_1_266' title='bbox 690 3444 849 3519; x_wconf 88' lang='lat' dir='ltr'><strong>poterant,</strong></span> <span class='ocrx_word' id='word_1_267' title='bbox 871 3446 904 3499; x_wconf 86' lang='lat' dir='ltr'><strong>et</strong></span> <span class='ocrx_word' id='word_1_268' title='bbox 925 3456 988 3519; x_wconf 87' lang='lat' dir='ltr'><strong>qun</strong></span> <span class='ocrx_word' id='word_1_269' title='bbox 1008 3443 1200 3524; x_wconf 83' lang='lat' dir='ltr'><strong>pervenerit,</strong></span> <span class='ocrx_word' id='word_1_270' title='bbox 1223 3461 1285 3524; x_wconf 85' lang='lat' dir='ltr'><strong>pe·</strong></span> 
     </span>
     <span class='ocr_line' id='line_1_32' title="bbox 118 3540 1285 3627; baseline 0.005 -25"><span class='ocrx_word' id='word_1_271' title='bbox 118 3543 204 3606; x_wconf 84' lang='lat' dir='ltr'><strong>nitus</strong></span> <span class='ocrx_word' id='word_1_272' title='bbox 225 3543 424 3626; x_wconf 75' lang='lat' dir='ltr'><strong>igrrnrabant.</strong></span> <span class='ocrx_word' id='word_1_273' title='bbox 467 3542 551 3604; x_wconf 90' lang='lat' dir='ltr'><strong>Nam</strong></span> <span class='ocrx_word' id='word_1_274' title='bbox 581 3540 763 3603; x_wconf 79' lang='lat' dir='ltr'><strong>invisibiles</strong></span> <span class='ocrx_word' id='word_1_275' title='bbox 797 3541 934 3602; x_wconf 90' lang='lat' dir='ltr'><strong>ministri</strong></span> <span class='ocrx_word' id='word_1_276' title='bbox 964 3551 1163 3627; x_wconf 79' lang='lat' dir='ltr'><strong>sumturum,</strong></span> <span class='ocrx_word' id='word_1_277' title='bbox 1198 3547 1285 3608; x_wconf 85' lang='lat' dir='ltr'><strong>beati</strong></span> 
     </span>
     <span class='ocr_line' id='line_1_33' title="bbox 119 3645 1283 3730; baseline 0.003 -22"><span class='ocrx_word' id='word_1_278' title='bbox 119 3647 242 3728; x_wconf 75' lang='lat' dir='ltr'><strong>anigeli,</strong></span> <span class='ocrx_word' id='word_1_279' title='bbox 267 3648 374 3729; x_wconf 79' lang='lat' dir='ltr'><strong>ipsum</strong></span> <span class='ocrx_word' id='word_1_280' title='bbox 394 3649 428 3710; x_wconf 93' lang='lat' dir='ltr'><strong>in</strong></span> <span class='ocrx_word' id='word_1_281' title='bbox 456 3654 574 3729; x_wconf 84' lang='lat' dir='ltr'><strong>puncto</strong></span> <span class='ocrx_word' id='word_1_282' title='bbox 602 3645 830 3725; x_wconf 82' lang='lat' dir='ltr'><strong>exspirationis</strong></span> <span class='ocrx_word' id='word_1_283' title='bbox 851 3653 1024 3725; x_wconf 84' lang='lat' dir='ltr'><strong>rapuerunt</strong></span> <span class='ocrx_word' id='word_1_284' title='bbox 1044 3655 1077 3708; x_wconf 81' lang='lat' dir='ltr'><strong>et</strong></span> <span class='ocrx_word' id='word_1_285' title='bbox 1096 3667 1155 3730; x_wconf 86' lang='lat' dir='ltr'><strong>per</strong></span> <span class='ocrx_word' id='word_1_286' title='bbox 1175 3663 1283 3712; x_wconf 86' lang='lat' dir='ltr'><strong>aerem</strong></span> 
     </span>
     <span class='ocr_line' id='line_1_34' title="bbox 116 3731 1313 3838; baseline 0.004 -28"><span class='ocrx_word' id='word_1_287' title='bbox 116 3749 151 3810; x_wconf 93' lang='lat' dir='ltr'><strong>in</strong></span> <span class='ocrx_word' id='word_1_288' title='bbox 175 3751 331 3812; x_wconf 75' lang='lat' dir='ltr'><strong>verticem</strong></span> <span class='ocrx_word' id='word_1_289' title='bbox 354 3752 472 3814; x_wconf 77' lang='lat' dir='ltr'><strong>montis</strong></span> <span class='ocrx_word' id='word_1_290' title='bbox 494 3749 598 3832; x_wconf 87' lang='lat' dir='ltr'><strong>Synai</strong></span> <span class='ocrx_word' id='word_1_291' title='bbox 620 3746 872 3830; x_wconf 80' lang='lat' dir='ltr'><strong>deportaverunt</strong></span> <span class='ocrx_word' id='word_1_292' title='bbox 899 3731 1077 3838; x_wconf 81' lang='lat' dir='ltr'><strong>inlocum,</strong></span> <span class='ocrx_word' id='word_1_293' title='bbox 1099 3760 1134 3812; x_wconf 90' lang='lat' dir='ltr'><strong>ut</strong></span> <span class='ocrx_word' id='word_1_294' title='bbox 1165 3751 1284 3815; x_wconf 86' lang='lat' dir='ltr'><strong>dictum</strong></span> <span class='ocrx_word' id='word_1_295' title='bbox 1307 3825 1313 3830; x_wconf 88' lang='lat'><strong>.</strong></span> 
     </span>
     <span class='ocr_line' id='line_1_35' title="bbox 117 3848 1284 3936; baseline 0.003 -23"><span class='ocrx_word' id='word_1_296' title='bbox 117 3861 168 3913; x_wconf 84' lang='lat' dir='ltr'><strong>est</strong></span> <span class='ocrx_word' id='word_1_297' title='bbox 189 3853 245 3917; x_wconf 86' lang='lat' dir='ltr'><strong>iol.</strong></span> <span class='ocrx_word' id='word_1_298' title='bbox 272 3855 323 3918; x_wconf 74' lang='lat'><strong>38.</strong></span> <span class='ocrx_word' id='word_1_299' title='bbox 345 3856 375 3916; x_wconf 85' lang='lat' dir='ltr'><strong>lr.</strong></span> <span class='ocrx_word' id='word_1_300' title='bbox 419 3852 550 3916; x_wconf 82' lang='lat' dir='ltr'><strong>Fideles</strong></span> <span class='ocrx_word' id='word_1_301' title='bbox 581 3859 688 3914; x_wconf 86' lang='lat' dir='ltr'><strong>autem</strong></span> <span class='ocrx_word' id='word_1_302' title='bbox 722 3852 756 3914; x_wconf 91' lang='lat' dir='ltr'><strong>in</strong></span> <span class='ocrx_word' id='word_1_303' title='bbox 793 3848 997 3913; x_wconf 79' lang='lat' dir='ltr'><strong>Alexandria</strong></span> <span class='ocrx_word' id='word_1_304' title='bbox 1028 3854 1284 3936; x_wconf 74' lang='lat' dir='ltr'><strong>suspicabantur,</strong></span> 
     </span>
     <span class='ocr_line' id='line_1_36' title="bbox 115 3937 1356 4037; baseline 0.004 -21"><span class='ocrx_word' id='word_1_305' title='bbox 115 3955 218 4036; x_wconf 85' lang='lat' dir='ltr'><strong>ipsam</strong></span> <span class='ocrx_word' id='word_1_306' title='bbox 253 3937 325 4017; x_wconf 76' lang='lat' dir='ltr'><strong>cunr</strong></span> <span class='ocrx_word' id='word_1_307' title='bbox 347 3939 492 4037; x_wconf 42' lang='lat' dir='ltr'><strong>&#39;corpore</strong></span> <span class='ocrx_word' id='word_1_308' title='bbox 522 3963 556 4017; x_wconf 88' lang='lat' dir='ltr'><strong>et</strong></span> <span class='ocrx_word' id='word_1_309' title='bbox 588 3955 695 4017; x_wconf 81' lang='lat' dir='ltr'><strong>anima</strong></span> <span class='ocrx_word' id='word_1_310' title='bbox 725 3956 758 4016; x_wconf 94' lang='lat' dir='ltr'><strong>in</strong></span> <span class='ocrx_word' id='word_1_311' title='bbox 788 3943 912 4017; x_wconf 74' lang='lat' dir='ltr'><strong>caelum</strong></span> <span class='ocrx_word' id='word_1_312' title='bbox 944 3964 1131 4019; x_wconf 85' lang='lat' dir='ltr'><strong>assumtam.</strong></span> <span class='ocrx_word' id='word_1_313' title='bbox 1175 3957 1285 4021; x_wconf 82' lang='lat' dir='ltr'><strong>Jaeuit</strong></span> <span class='ocrx_word' id='word_1_314' title='bbox 1355 3983 1356 3986; x_wconf 42' lang='lat'>¹</span> 
     </span>
     <span class='ocr_line' id='line_1_37' title="bbox 114 4056 1285 4142; baseline 0.003 -22"><span class='ocrx_word' id='word_1_315' title='bbox 114 4066 222 4123; x_wconf 82' lang='lat' dir='ltr'><strong>autem</strong></span> <span class='ocrx_word' id='word_1_316' title='bbox 245 4075 362 4139; x_wconf 84' lang='lat' dir='ltr'><strong>eorpus</strong></span> <span class='ocrx_word' id='word_1_317' title='bbox 384 4075 512 4120; x_wconf 77' lang='lat' dir='ltr'><strong>suerum</strong></span> <span class='ocrx_word' id='word_1_318' title='bbox 533 4077 592 4139; x_wconf 81' lang='lat' dir='ltr'><strong>per</strong></span> <span class='ocrx_word' id='word_1_319' title='bbox 623 4056 711 4120; x_wconf 73' lang='lat' dir='ltr'><strong>CCC</strong></span> <span class='ocrx_word' id='word_1_320' title='bbox 733 4074 853 4138; x_wconf 85' lang='lat' dir='ltr'><strong>anuos,</strong></span> <span class='ocrx_word' id='word_1_321' title='bbox 873 4075 1042 4142; x_wconf 79' lang='lat' dir='ltr'><strong>quousque</strong></span> <span class='ocrx_word' id='word_1_322' title='bbox 1063 4067 1132 4123; x_wconf 87' lang='lat' dir='ltr'><strong>tnta</strong></span> <span class='ocrx_word' id='word_1_323' title='bbox 1159 4059 1285 4124; x_wconf 80' lang='lat' dir='ltr'><strong>Arabia</strong></span> 
     </span>
     <span class='ocr_line' id='line_1_38' title="bbox 115 4157 1285 4245; baseline 0.003 -23"><span class='ocrx_word' id='word_1_324' title='bbox 115 4169 148 4222; x_wconf 86' lang='lat' dir='ltr'><strong>et</strong></span> <span class='ocrx_word' id='word_1_325' title='bbox 168 4159 463 4242; x_wconf 83' lang='lat' dir='ltr'><strong>Aegyptuslidem</strong></span> <span class='ocrx_word' id='word_1_326' title='bbox 486 4159 609 4225; x_wconf 84' lang='lat' dir='ltr'><strong>Christi</strong></span> <span class='ocrx_word' id='word_1_327' title='bbox 630 4164 759 4245; x_wconf 77' lang='lat' dir='ltr'><strong>recepit.</strong></span> <span class='ocrx_word' id='word_1_328' title='bbox 789 4160 863 4222; x_wconf 82' lang='lat' dir='ltr'><strong>Ilua</strong></span> <span class='ocrx_word' id='word_1_329' title='bbox 886 4157 972 4223; x_wconf 81' lang='lat' dir='ltr'><strong>iaetu</strong></span> <span class='ocrx_word' id='word_1_330' title='bbox 994 4163 1099 4243; x_wconf 81' lang='lat' dir='ltr'><strong>ipsum</strong></span> <span class='ocrx_word' id='word_1_331' title='bbox 1123 4163 1285 4228; x_wconf 79' lang='lat' dir='ltr'><strong>desertum</strong></span> 
     </span>
     <span class='ocr_line' id='line_1_39' title="bbox 115 4262 1286 4350; baseline 0.003 -23"><span class='ocrx_word' id='word_1_332' title='bbox 115 4264 272 4347; x_wconf 78' lang='lat' dir='ltr'><strong>repletum</strong></span> <span class='ocrx_word' id='word_1_333' title='bbox 301 4263 362 4326; x_wconf 83' lang='lat' dir='ltr'><strong>luit</strong></span> <span class='ocrx_word' id='word_1_334' title='bbox 393 4265 516 4331; x_wconf 74' lang='lat' dir='ltr'><strong>sanetis</strong></span> <span class='ocrx_word' id='word_1_335' title='bbox 557 4263 741 4328; x_wconf 77' lang='lat' dir='ltr'><strong>monachis</strong></span> <span class='ocrx_word' id='word_1_336' title='bbox 766 4272 800 4326; x_wconf 86' lang='lat' dir='ltr'><strong>et</strong></span> <span class='ocrx_word' id='word_1_337' title='bbox 832 4265 865 4326; x_wconf 90' lang='lat' dir='ltr'><strong>in</strong></span> <span class='ocrx_word' id='word_1_338' title='bbox 907 4262 990 4348; x_wconf 83' lang='lat' dir='ltr'><strong>pede</strong></span> <span class='ocrx_word' id='word_1_339' title='bbox 1024 4269 1150 4330; x_wconf 83' lang='lat' dir='ltr'><strong>monus.</strong></span> <span class='ocrx_word' id='word_1_340' title='bbox 1183 4265 1286 4350; x_wconf 73' lang='lat' dir='ltr'><strong>synai</strong></span> 
     </span>
    </p>
   </div>
   <div class='ocr_carea' id='block_1_11' title="bbox 0 0 1516 4866">
    <p class='ocr_par' dir='ltr' id='par_1_11' title="bbox 0 0 1516 4866">
     <span class='ocr_line' id='line_1_40' title="bbox 0 0 1516 4866; baseline 0 7"><span class='ocrx_word' id='word_1_341' title='bbox 0 0 1516 4866; x_wconf 95' lang='lat' dir='ltr'><strong> </strong></span> 
     </span>
    </p>
   </div>
  </div>
 </body>
</html>
