2948 4876
722 203 784 268 tae

162 379 306 446 Noniani
346 374 460 442 eadem
504 377 636 440 ratione.
680 377 782 453 Totus
809 378 895 448 enirn
927 394 1021 442 mons
1042 375 1162 441 oliveti
1189 377 1345 460 repletas

162 495 232 548 erat
254 479 462 548 orientalibus
485 481 684 545 Christianis
706 482 761 544 illc
783 481 848 567 die,
868 501 954 566 quae
975 493 1084 550 autem
1106 501 1207 547 causa
1237 485 1345 548 fuerit

162 589 424 672 congregationis
444 587 647 651 orientalium
675 587 731 650 illc
764 586 836 668 die,
868 590 992 672 ignoro.
1048 589 1201 652 'transivi
1227 596 1343 650 autem

162 712 224 777 ego
246 692 336 756 solus
355 694 492 755 Latinus
513 693 597 755 inter
617 691 691 754 illos
710 692 897 778 orientales,
924 715 986 760 nec
1008 695 1125 780 aliquis
1152 691 1343 756 molestiam

162 799 239 862 milri
260 798 399 882 aliquam
421 796 511 878 feeit,
535 815 597 860 nec
617 813 669 860 me
690 814 712 858 a
731 797 800 860 suis
811 795 943 860 Officiis
965 797 1159 880 repulemnt.
1186 798 1344 861 Ammi-

162 907 314 968 rabautur
335 902 463 990 quidem
485 901 527 964 de
548 919 610 979 me,
630 903 847 983 respicientes
865 921 918 964 me
940 911 972 965 et
994 902 1136 968 habiturn
1160 921 1268 964 meum
1302 911 1343 965 et

161 1027 268 1074 mores
300 1026 399 1072 meos.
443 1005 527 1069 Sunt
560 1005 608 1067 illi
639 1007 874 1087 praenominati
904 1009 1078 1072 orientales
1117 1006 1340 1071 communiter

161 1133 274 1180 omnes
295 1115 389 1196 nigri,
411 1121 443 1174 et
464 1110 582 1192 colore,
603 1112 736 1194 vestitu,
758 1111 893 1194 lingua,
919 1114 983 1176 ritu
1011 1122 1044 1176 et
1067 1116 1209 1175 morilms
1237 1114 1340 1176 uobis

163 1221 336 1284 difformes.
379 1217 411 1278 A
432 1215 504 1278 loco
525 1217 728 1278 ascensionis
738 1216 867 1280 Domini
879 1216 1033 1292 descendi
1058 1219 1090 1279 in
1113 1216 1337 1300 Gethsamini,

163 1334 197 1388 et
211 1325 346 1406 'mpem,
379 1339 463 1406 quae
482 1322 628 1406 praefert
651 1323 795 1402 corporis
817 1317 941 1384 Christi
967 1323 1215 1405 impressuram,
1234 1341 1336 1406 quam

166 1429 293 1512 accepit
323 1429 356 1489 iu
380 1425 599 1510 captivatione
621 1421 755 1507 Christi,
785 1415 1032 1508 diligentissime
1069 1429 1236 1510 quaesivi,
1273 1427 1338 1490 sed

163 1535 293 1596 minime
314 1531 462 1595 iuvenire
479 1526 580 1612 potui.
623 1529 680 1591 lle
696 1531 759 1592 hac
791 1549 871 1614 rnpe
901 1531 979 1594 vide
1000 1531 1055 1594 fol.
1085 1531 1148 1595 tto
1167 1531 1208 1592 A.
1251 1531 1337 1610 Post

162 1638 245 1701 haec
266 1635 309 1697 ad
330 1641 470 1700 montem
491 1633 583 1717 Syou
605 1634 775 1697 reascendi
797 1634 838 1710 ad
859 1635 1037 1718 prandium.

97 1823 100 1830 Α
246 1739 381 1803 Decima
401 1756 486 1801 nona
508 1738 560 1801 die
582 1741 693 1822 accepi
715 1741 878 1804 licentiam
909 1758 930 1802 a
968 1749 1060 1822 patre
1087 1727 1267 1820 animno,
1301 1747 1337 1800 et

163 1849 352 1911 societatem
385 1844 462 1926 petii
492 1842 533 1906 ad
570 1843 766 1906 visitandum
810 1845 978 1907 castellnm
1008 1845 1137 1908 limans
1178 1842 1336 1908 Difficilis

162 1960 271 2016 autern
292 1951 353 2013 fuit
374 1957 465 2032 pater
483 1945 711 2029 Guardieuus,
741 1948 873 2030 dicens,
901 1951 989 2012 mam
1024 1967 1101 2012 esso
1128 1951 1334 2038 insecuram3

81 2115 91 2132 ,
163 2066 293 2141 proptor
314 2057 500 2119 instantiam
523 2060 633 2116 tamen
653 2071 757 2116 meam
770 2054 930 2117 licentiam
943 2054 1044 2136 dedit,
1066 2061 1103 2116 et
1117 2054 1197 2118 duos
1216 2055 1335 2116 fratres

163 2164 241 2227 milri
272 2160 420 2243 adjunxit
457 2167 493 2222 et
521 2178 619 2221 unum
642 2147 877 2241 Sarracerium,
910 2167 944 2222 et
976 2159 1074 2221 simul
1103 2160 1263 2222 exivimus
1292 2159 1355 2230 de,

162 2265 344 2331 Jerusalem
367 2282 424 2345 per
443 2266 541 2344 viam,
563 2283 621 2345 per
642 2281 738 2346 quam
757 2264 822 2326 duo
847 2263 1005 2347 discipuli,
1028 2262 1192 2346 cleophas
1208 2274 1241 2326 et
1262 2265 1335 2326 Lu-

163 2367 237 2452 cas,
267 2369 300 2429 in
334 2367 387 2430 die
417 2369 658 2442 resurrectionis
688 2369 818 2432 Domini
861 2362 1058 2431 transierunt
1091 2387 1175 2438 cnm¹
1192 2368 1333 2431 Domino

163 2476 248 2537 Jesu
285 2474 319 2532 in
352 2471 455 2532 forma
481 2473 642 2552 peregrini
677 2475 726 2536 eis
748 2483 923 2557 apparente
952 2483 986 2536 et
1015 2473 1113 2538 corda
1146 2492 1255 2536 earum
1277 2475 1333 2534 iu-

164 2577 325 2665 ceudeute
342 2575 441 2658 ignito
459 2559 519 2635 suc
542 2573 691 2658 alloquio,
714 2586 750 2640 ut
771 2579 1029 2642 habeturlrucae
1046 2580 1098 2642 et.
1118 2579 1333 2640 Pervenimus

165 2691 271 2746 autern
293 2695 467 2760 cumpace
488 2682 645 2762 usquein
667 2685 788 2745 Emaus
811 2693 844 2746 et
864 2685 908 2746 ihi
928 2684 1000 2746 lo'ca
1027 2683 1210 2746 desiderata
1231 2681 1331 2746 deos-

165 2787 264 2851 culati
283 2803 407 2866 sumus,
429 2782 606 2868 dequibus
628 2786 764 2850 habetur
779 2807 878 2871 supra
906 2789 960 2852 fol„
982 2789 1026 2850 90
1051 2790 1087 2850 B.
1112 2787 1195 2850 Cum
1218 2787 1332 2848 timore

166 2900 271 2956 autem
297 2881 406 2954 ruinas
427 2888 516 2952 illius
534 2891 683 2961 civitatis
704 2891 925 2978 lustravimus,
954 2895 1030 2976 quia
1050 2911 1124 2956 cum
1146 2893 1243 2954 sitin
1266 2894 1331 2972 via,

166 3017 249 3082 quae
271 2997 311 3061 de
333 2997 412 3060 mari
435 2996 581 3060 ascendit
601 2996 633 3058 iu
645 2995 840 3080 Jerusalem,
866 3017 937 3062 raro
960 3007 1011 3060 est
1031 2998 1123 3062 loeus
1144 2997 1216 3060 sine
1236 3013 1332 3076 prae-

166 3105 313 3185 donibus,
349 3105 403 3185 qui
439 3111 644 3164 transeuntes
678 3102 844 3184 sugillant.
887 3104 1009 3165 Beatus
1040 3102 1261 3184 deronymus,
1291 3097 1332 3161 de

166 3209 330 3272 distantiis
352 3207 504 3286 locorum,
528 3205 614 3288 dicit,
636 3225 696 3269 suo
718 3215 863 3289 tempore
883 3207 1012 3290 insigne
1041 3205 1193 3290 oppidum
1219 3204 1330 3284 fuisse,

167 3311 253 3394 qued
276 3312 370 3371 etiam
391 3302 503 3370 ruinae
525 3294 752 3373 demonstrant.
880 3357 885 3368 .

245 3411 372 3474 Deinde
393 3405 595 3473 ascendimus
616 3415 648 3474 iu
672 3424 812 3479 montem
830 3416 922 3500 Syia,
945 3416 986 3494 dc
1007 3432 1071 3499 qno
1094 3416 1190 3478 etiarn
1211 3413 1328 3489 dictam

164 3526 218 3580 est
235 3517 287 3578 iol.
300 3516 343 3578 90
357 3515 459 3596 A.B.,
483 3523 514 3576 et
536 3516 579 3578 ibi
599 3517 733 3580 visitare
755 3529 787 3582 et
799 3521 1094 3585 viderevclnimus
1116 3520 1329 3598 locosansta,
1460 3497 1461 3528 ³

167 3621 227 3686 sed
251 3622 362 3688 citius.
375 3618 545 3682 Sarraceui
564 3625 713 3704 superuis
733 3623 893 3689 domicilia
913 3629 1071 3690 habentes
1101 3627 1195 3689 nobb
1216 3635 1330 3686 onear»

168 3732 279 3790 rerunt
300 3742 424 3807 uosque
460 3743 532 3788 curn
554 3725 714 3809 lapidibus
736 3733 930 3814 repulerunt.
974 3729 1124 3813 Cumque
1154 3731 1185 3792 in
1213 3727 1328 3816 vallem

167 3831 393 3910 venissemus,
420 3829 461 3892 ed
494 3830 622 3896 radices
652 3830 785 3893 alterius
817 3835 935 3897 montis
955 3835 1105 3898 venimus
1142 3841 1177 3897 et
1209 3834 1242 3894 in
1260 3831 1328 3913 ejs's

168 3950 323 4002 cacumen
351 3935 609 3998 conscendimus.
653 3937 719 3999 Hic
751 3955 843 3999 mons
872 3938 988 4004 dicitui
1006 3956 1113 4004 emens
1145 3914 1329 4019 martyrum,

165 4060 228 4140 pro
260 4038 518 4122 eo,quod11eo
549 4039 678 4123 quidam
705 4041 855 4123 sepelivit
886 4044 930 4118 ibi
950 4043 1049 4106 XXX
1070 4042 1170 4108 millia
1199 4057 1329 4121 cmpopa

168 4154 365 4230 martyrum,
398 4163 481 4228 qnos
514 4143 659 4207 Ccsdroe
691 4165 753 4209 rex
778 4145 948 4224 Persarum
980 4148 1143 4224 interiecit
1174 4165 1233 4228 pra
1270 4143 1330 4206 lide
1458 4171 1459 4180 ι

166 4247 299 4332 Christi,
314 4261 358 4314 ut
379 4250 514 4312 habetur
534 4251 567 4314 in
590 4249 716 4313 Histoe:
737 4250 865 4322 Ilccles.
921 4253 983 4314 His
1014 4253 1098 4320 visis
1125 4271 1184 4334 per
1215 4250 1328 4318 vallem
