2954 4914
185 519 262 586 inde
282 523 316 586 iu
337 521 457 586 vellem
477 521 639 607 Josuplrut
670 522 858 610 respiciunt,
881 522 924 586 ed
944 522 1117 588 ecclesium
1136 521 1372 585 Assumtionis

186 627 302 702 beetee
321 626 466 710 Virginis
489 636 596 709 oront,
610 635 647 691 nt
667 626 740 709 ejus
759 628 882 694 meritis
903 635 938 690 et
958 627 1194 692 inteieessione
1213 625 1371 689 futurum
1454 649 1455 674 ι

183 728 326 812 judicem
348 731 393 794 ibi
414 732 490 794 leeti
521 723 701 817 videamus.
744 730 872 794 Deinde
902 738 1099 795 convertunt
1120 748 1158 793 se
1180 711 1365 794 iu'eodenr

115 835 118 840 '
187 832 260 898 loco
280 843 395 898 contro
414 836 597 918 aquilonem
630 845 662 898 et
683 835 849 898 civitatem
870 845 1016 898 sanctam
1038 836 1223 900 Jerusalem
1250 823 1367 918 respi-

87 1023 90 1030 .
187 937 292 1021 ciunt,
322 945 357 1000 et
388 949 502 1004 contre
534 939 688 1022 templum
717 937 901 1002 Solomonis
933 950 1042 1023 orent,
1076 949 1108 1002 et
1139 959 1205 1002 uno
1237 941 1369 1003 intuitu

186 1044 294 1112 omniu
319 1035 391 1106 lo'cc
412 1043 556 1106 civitatis
573 1052 712 1106 sunctae
737 1043 1001 1125 contemplantur.
1046 1045 1118 1107 lloo
1139 1042 1227 1104 lecto
1251 1043 1364 1124 mugio

187 1149 227 1212 oh
254 1147 414 1230 aquilone.
435 1155 548 1210 conus
579 1127 780 1210 occidentem
810 1164 848 1208 so
879 1156 1073 1210 convertunt
1107 1147 1149 1210 ed
1178 1145 1362 1208 eeclesiam

187 1253 293 1316 suncti
325 1251 490 1334 sepulchri
525 1251 692 1331 dominici,
726 1249 933 1334 Anastasim,
968 1252 1010 1314 de
1038 1270 1103 1335 qna
1129 1260 1239 1312 tamen
1278 1249 1362 1311 nihil

186 1345 273 1419 uliud
294 1355 588 1438 videpcpossuut5
617 1355 681 1416 uisi
713 1372 896 1437 supremum
925 1355 1052 1419 culmen
1081 1353 1277 1436 campanilis
1305 1353 1363 1416 vel

186 1462 284 1524 turris
305 1459 449 1541 ejusdem
472 1446 648 1539 ecclesiae,
668 1457 840 1540 objiciente
861 1475 900 1540 se
925 1463 1034 1518 monte
1054 1455 1161 1540 Syos,
1184 1465 1219 1537 et
1239 1469 1363 1520 contre

186 1565 271 1628 huuc
302 1563 451 1627 devotius
481 1572 587 1638 orent.
629 1563 709 1642 Post
731 1563 793 1625 hoc
826 1569 1024 1644 consurgunt
1060 1569 1103 1623 et¹
1124 1571 1201 1624 onte
1224 1561 1363 1624 domum

186 1669 325 1730 Honoeo
356 1667 518 1751 pontificis
545 1667 716 1732 venientes
744 1676 854 1748 oront,
889 1681 996 1748 aque
1025 1683 1130 1749 usqne
1151 1664 1192 1728 ed
1223 1665 1362 1730 domum

187 1771 333 1854 Caiphae
355 1770 542 1854 procedunt,
564 1780 597 1834 et
614 1771 659 1833 ibi
675 1770 826 1832 oratioue.
840 1771 915 1832 insa
936 1778 1131 1834 convertunt
1152 1787 1190 1832 se
1216 1768 1259 1831 cd
1284 1789 1362 1834 mo-

185 1877 379 1958 casterium,
401 1883 435 1938 et
457 1876 497 1939 od
511 1876 624 1938 ‚locum
649 1873 818 1938 divisionis
838 1873 1066 1956 Apostolorum
1085 1875 1229 1939 veniunt.
1275 1874 1363 1936 lude

185 1980 228 2044 sd
249 1970 405 2062 capellum
428 1979 466 2048 S.
485 1980 664 2060 Johonnio,
686 1981 721 2041 iu
742 1978 960 2059 quelllissem
986 1979 1150 2042 celebrare
1181 1979 1363 2042 consuevit

184 2091 221 2148 et
249 2085 530 2161 cottidiebeatnm
552 2085 723 2165 Virginem
758 2083 1017 2146 communicavit.
1059 2084 1110 2146 De
1139 2082 1203 2145 illo·
1226 2082 1361 2164 capello

117 2221 120 2228 ·
184 2196 354 2254 transeunt
387 2189 421 2251 in
450 2191 566 2253 beatae
586 2187 734 2270 Virginis
766 2187 975 2280 domicilium,
1012 2188 1045 2250 in
1067 2207 1131 2272 quo
1153 2184 1238 2250 diem
1256 2203 1366 2254 suum·

185 2294 303 2359 clausit
333 2312 527 2376 supremum.
578 2293 622 2356 Et
642 2294 683 2356 ab
716 2293 778 2355 hoc
805 2291 877 2356 loco
906 2291 948 2355 ad
980 2291 1087 2372 locum
1114 2291 1285 2354 electionis
1320 2290 1363 2358 S.·
1454 2341 1455 2385 ἒ

183 2399 341 2461 Matthiae
361 2399 396 2458 in
417 2397 614 2479 apostolum,
633 2395 668 2484 S
690 2396 808 2459 Joconi
829 2399 863 2459 in
883 2397 1091 2481 episcopum,
1112 2405 1239 2478 septem
1261 2396 1358 2462 viro-
1454 2389 1455 2466 ζ

184 2518 255 2562 rum
275 2500 430 2561 bonorum
459 2501 493 2564 iu
518 2500 587 2564 Vll
614 2500 778 2585 diaconos,
803 2501 935 2564 etrinde
962 2507 1134 2564 transeunt
1163 2501 1197 2563 in
1218 2517 1357 2564 coeme-
1454 2497 1455 2514 ¹

163 2655 166 2662 .
184 2603 299 2668 terium
319 2617 453 2665 suorum
473 2603 669 2666 confratrum
691 2606 735 2667 ibi
757 2604 975 2688 sepultorum7
1011 2622 1076 2667 eos·
1092 2605 1307 2688 alloquuntur
1322 2614 1357 2668 ct

184 2722 244 2788 pro
272 2705 320 2768 eis
349 2711 452 2768 oront.
495 2706 538 2768 Et
565 2707 627 2768 hoc
661 2707 748 2772 facto
775 2728 834 2792 per
861 2718 987 2792 portem
1028 2708 1287 2791 reingrediuntur
1322 2717 1356 2770 et
1454 2725 1455 2730 ¹

185 2826 258 2872 curn
275 2807 404 2872 silentio
420 2808 555 2893 quilibet
575 2826 613 2871 se
626 2809 659 2872 in
676 2812 791 2876 cellum
809 2832 903 2876 suom
922 2814 1035 2896 recipit
1050 2812 1092 2876 ad
1108 2812 1355 2895 quiescendum.

183 2912 227 2977 Et
244 2913 310 2978 vhoc
330 2912 427 2998 modo
447 2913 579 2978 cottidie
600 2932 672 2978 cum
695 2919 745 2980 eis
767 2917 922 2997 circuivi,
948 2936 1000 2982 me
1019 2935 1091 2990 curn
1114 2919 1164 2988 ,ets
1187 2925 1353 2991 manente.

1449 1097 1455 1240 l
