2962 5022
143 581 284 646 servetis
305 595 371 642 non
392 578 569 660 poterimus
593 577 813 660 occeperim
839 572 1064 642 Processimus
1085 589 1164 658 ergo
1184 589 1243 657 per
1262 577 1317 638 ln·

143 693 266 750 certum
286 691 319 746 et
338 683 452 746 timere
467 682 659 764 incepimus,
682 699 724 743 na
750 680 833 744 forte
857 683 921 766 iam
950 696 1010 744 eos
1030 679 1314 764 pneterusenucr

144 789 316 854 videbatur
338 787 423 850 enim
444 787 556 867 nebu,
577 785 663 870 quod
681 785 859 869 longiorem
878 785 964 848 viem
985 781 1193 852 memorato
1214 783 1317 850 iecis-

143 910 274 974 semus,
293 909 391 976 quem
412 888 658 973 descendend03
690 899 760 953 erct
780 897 890 954 sutem
918 889 984 952 ism
1005 905 1072 952 nox
1093 889 1200 956 medic
1219 899 1253 956 et
1273 887 1316 954 de
1403 911 1416 934 ι

142 999 207 1064 lroc
228 1013 343 1060 omues
365 995 595 1076 convenimus,
617 1003 650 1058 ut
672 996 706 1056 tn
735 993 847 1078 cllqno
872 991 1074 1056 eminentiori
1107 991 1180 1058 icoo
1201 1011 1315 1078 perum

1 1105 3 1114 ’
70 1158 72 1162 .
143 1104 396 1186 qnescorcnna
419 1100 557 1188 liranus
576 1108 685 1162 cutem
704 1097 800 1180 juxte
821 1095 1183 1164 momontmmnosos
1199 1097 1315 1186 duros,

1 1193 2 1256 ἶ
142 1218 253 1272 tcuten
279 1223 363 1289 qnos
393 1203 426 1268 in
456 1203 620 1270 descensu
650 1222 715 1268 non
743 1202 946 1268 meminimus
973 1218 1033 1266 nce
1063 1200 1205 1284 vidisse,
1238 1219 1313 1270 cum

143 1321 253 1376 temen
274 1315 388 1372 esseut
409 1309 493 1372 sctis
519 1308 587 1382 etti,
629 1306 684 1370 Ad
703 1326 801 1370 unum
833 1325 911 1390 ergo
933 1305 1138 1372 monticulum
1161 1307 1321 1374 moscii--

144 1433 232 1498 mus,
270 1413 582 1496 circumspicientes,
604 1411 843 1493 rnacuttrntcs,
878 1409 1057 1477 clementes
1086 1419 1120 1476 et
1151 1411 1313 1494 ejnlcntes

144 1537 290 1603 cramus,
312 1516 371 1582 sed
395 1537 460 1581 non
481 1527 551 1582 erut
571 1537 657 1595 vox,
679 1536 787 1600 neqrm
807 1533 942 1597 seusna3
974 1515 1201 1600 colligavimus
1233 1535 1313 1602 ergo

138 1625 264 1688 'mellus
286 1631 320 1688 et
340 1639 439 1704 snper
459 1631 575 1686 terrem
596 1641 658 1688 nos
679 1621 875 1703 loccvimna,
896 1620 1005 1703 potins
1027 1620 1068 1686 sd
1089 1622 1312 1707 moirencum

59 1765 62 1772 ·
144 1739 176 1794 et
194 1725 417 1813 osmundum,
437 1745 532 1810 quem
552 1726 595 1792 sd
617 1726 853 1810 dormiendum,
883 1745 947 1792 ncn
976 1728 1062 1792 enim
1083 1737 1152 1794 eret
1177 1747 1313 1796 moruus

1 1817 2 1900 l
143 1837 181 1896 in
203 1843 293 1896 unte
313 1832 479 1896 anxietcte
499 1832 700 1913 constitutis,
735 1833 811 1915 quis
832 1831 890 1896 lilii
911 1833 1026 1896 mortis
1046 1851 1175 1898 memus
1203 1843 1236 1898 et
1256 1833 1313 1902 tttc

1 2021 11 2040 γ’
143 1937 257 2002 infelix
278 1955 357 2022 spes
378 1937 473 2002 nobie
494 1946 581 2018 eret,
609 1936 694 2020 qnod
716 1936 800 2000 forta
827 1944 905 1999 crite
926 1935 1138 2000 cmrtimcdem
1168 1947 1310 2004 nostrum

144 2043 357 2108 deiectionem
398 2040 614 2128 incideremus
646 2059 761 2106 menne
791 2039 934 2102 Arabum
974 2048 1029 2102 unt
1060 2036 1310 2108 medicatorum

142 2158 198 2213 sut
218 2147 470 2231 Aegyptiorum,
498 2145 616 2231 quibua
647 2151 763 2228 sponte
800 2145 972 2226 nosipsos
1005 2144 1155 2226 captivos
1182 2142 1310 2210 tradere

142 2251 322 2334 vellemne,
342 2251 419 2336 quic
439 2249 568 2314 dicente
587 2249 732 2314 Jeremtr
751 2249 869 2312 'ihren
890 2249 966 2314 tn:
987 2247 1110 2312 Melius
1131 2255 1183 2312 est
1203 2250 1310 2333 capti-

1 2391 32 2436 4
141 2357 196 2421 vie
215 2363 274 2420 ant
293 2355 402 2440 giudic
422 2355 557 2439 occisis,
579 2373 675 2440 quem
693 2353 873 2418 interiectis
899 2352 992 2421 ieme.
1034 2351 1182 2418 sindon
1203 2361 1311 2418 tumen

142 2461 293 2526 fiduciam
325 2459 368 2524 cd
397 2459 521 2542 Deum,
556 2459 598 2522 ed
618 2460 785 2542 virginem
824 2456 997 2541 gloriosam
1025 2456 1161 2522 Moneo
1200 2466 1235 2524 et
1266 2459 1310 2524 sd

141 2573 287 2628 cenetam
326 2563 533 2628 Cathnrincm
568 2565 755 2646 habuimus,
777 2562 863 2648 qnod
890 2581 955 2626 non
973 2563 1020 2627 ite
1038 2563 1158 2628 misere
1184 2565 1219 2628 ln
1250 2561 1311 2628 dc-

142 2679 230 2735 sertc
250 2670 357 2752 perire
377 2688 438 2734 uos
458 2669 687 2752 permitterent.
710 2661 1056 2734 Hortebsruur'cuteur
1078 2687 1139 2734 nos
1159 2669 1310 2755 invicem,

142 2792 185 2836 ne
205 2792 324 2855 sopore
345 2773 428 2838 forte
448 2774 591 2840 irruente
612 2773 880 2860 dpprimemmnr,
900 2775 960 2840 sed
981 2777 1028 2841 its
1058 2777 1311 2861 quiesceremus,

25 2873 27 2876 ’
143 2885 179 2942 nt
201 2887 308 2940 tarnen
330 2897 426 2942 eures
446 2883 578 2962 apertus
599 2878 808 2960 haberemus,
832 2888 868 2942 ut
888 2879 918 2941 ai
938 2879 1024 2945 lorte
1051 2899 1152 2962 prope
1181 2881 1310 2948 exerci-

141 2991 209 3044 tum
239 2999 404 3066 essemus,
436 2982 522 3067 qnod
549 2985 583 3044 in
615 2984 800 3047 oneratione
830 2981 1042 3064 camelorum,
1078 2981 1253 3048 boetiorum
1276 2992 1311 3048 et

122 3087 305 3150 ,hominum
326 3087 486 3152 clamores
507 3087 708 3169 audiremus,
737 3084 843 3149 solent
863 3084 948 3146 enim
969 3085 1005 3150 in
1031 3085 1219 3150 oneratione
1249 3103 1310 3152 ca·

141 3190 216 3254 meli
239 3191 347 3274 rugire
369 3200 403 3255 et
421 3192 569 3256 homines
590 3191 784 3256 demereri
805 3200 945 3272 cantero,
965 3197 999 3254 ct
1019 3189 1118 3254 letum
1140 3191 1308 3258 tumultum

141 3297 346 3378 secrevimus
367 3313 428 3360 uos
458 3295 578 3393 radice.

224 3399 325 3466 Porro
364 3399 548 3482 jocentibus
582 3400 709 3464 cunctis
745 3410 779 3464 et
809 3398 980 3465 silentibus
1024 3414 1156 3464 munere
1185 3398 1222 3464 in
1253 3399 1309 3465 illo

142 3503 313 3572 durissimo
335 3503 419 3568 lecto
441 3523 506 3568 non
528 3506 632 3587 potui,
652 3503 711 3566 aed
730 3504 866 3568 circuivi
893 3509 928 3566 et
949 3519 1079 3568 cursum
1100 3503 1216 3568 beetcc
1228 3505 1309 3570 vir-

140 3608 228 3690 ginis
249 3608 315 3691 legi
336 3617 370 3670 et
390 3608 462 3691 ejus
479 3607 666 3691 psslterium
689 3606 837 3691 silentio,
866 3617 960 3694 motu
981 3607 1155 3692 lubiorum,
1187 3609 1309 3676 decen·-

141 3713 227 3794 tcvi;
259 3715 294 3775 in
316 3710 606 3796 circumspiciendo
642 3711 711 3776 vidi
730 3711 763 3774 in
796 3713 884 3777 valle
905 3715 940 3776 in
967 3713 1051 3797 pede
1079 3719 1202 3784 montis
1224 3719 1309 3784 vesti

140 3815 302 3900 quandum
325 3817 469 3880 umbram
493 3826 526 3881 et
547 3818 707 3902 cogitavi,
739 3817 826 3901 quod
848 3826 937 3882 essm
972 3819 1147 3904 virgultum
1168 3821 1309 3907 aliquod,
1431 3851 1439 3870 ι

73 3971 75 3976 ,
141 3927 176 3984 et
197 3905 352 3986 descendi
374 3921 506 4007 tollere,
525 3929 561 3984 nt
580 3919 690 3988 durem
712 3921 814 3988 asello
842 3941 931 4006 tneo,
955 3926 1011 4009 qui
1032 3945 1156 3990 mecum
1178 3925 1310 4008 jejuna-

40 4059 47 4069 ·
138 4024 206 4094 bct.
244 4024 313 4088 Sed
340 4023 417 4092 dum
444 4027 614 4092 venissem
633 4026 676 4091 cd
710 4044 795 4109 rem,
829 4047 895 4092 non
925 4040 996 4094 eret
1027 4027 1220 4112 virgultum,
1249 4026 1309 4092 sed

139 4128 262 4193 aridum
284 4131 464 4214 spinctnm3
485 4133 526 4195 cb
545 4127 601 4193 illo
623 4149 702 4214 ergo
722 4130 795 4194 loco
817 4115 952 4199 ascendi
976 4136 1010 4197 in
1038 4132 1154 4196 collem
1175 4132 1308 4216 operui-¹

95 4249 98 4253 ·
140 4241 208 4298 tum
230 4233 404 4298 monticulo
422 4244 550 4316 nostro,
572 4242 610 4298 ut
637 4237 667 4301 si
686 4235 768 4300 forte
788 4237 834 4302 ibi
855 4237 976 4322 aliquid
997 4236 1139 4302 viderem
1161 4236 1216 4300 vel
1244 4255 1307 4301 an·

138 4335 251 4422 ditem,
270 4347 303 4402 et
324 4340 358 4402 in
378 4341 443 4404 istc
464 4339 548 4404 colle
567 4341 706 4406 trenslvi
726 4357 814 4408 nnuc
835 4345 899 4410 huc
918 4361 1006 4408 nunc
1020 4342 1107 4424 illuc,
1119 4340 1204 4405 sicut
1221 4339 1308 4404 surii

135 4447 171 4511 st
192 4441 375 4523 phantasiis
393 4447 623 4528 praeoccupati
642 4447 716 4511 sinc
733 4447 867 4514 arbitrio
897 4447 1093 4514 transierunt
1111 4458 1153 4508 ss
1170 4443 1213 4506 de
1232 4443 1306 4508 lucc
