2926 5050
135 587 416 678 ipaamxcbartam
436 593 538 670 mer
559 594 671 671 motu
696 587 987 672 mannent,
1015 597 1048 652 et
1079 607 1137 672 pra
1164 588 1307 672 quolibet

136 695 267 778 signato
302 702 337 756 et
362 709 422 775 pro
454 690 546 780 aliis,
575 693 631 774 qni
665 691 840 756 momoriae
870 693 1098 777 occurrebant,
1130 696 1305 760 orationem

136 797 334 882 singularem
371 795 439 860 ludi
471 814 545 860 enm
577 796 751 861 devotione
772 795 919 880 rannlla,
953 806 1106 882 quamam
1128 799 1222 862 Dens
1246 818 1306 864 sna
1416 809 1426 827 ⁸

137 901 336 986 benignitate
356 901 436 966 milri
456 901 636 964 miserrimo
658 900 813 982 dignatos
831 911 886 964 est
905 902 993 986 dare,
1015 903 1204 986 accolimus
1224 904 1306 986 Deo,

136 1012 174 1070 nt
193 1007 227 1070 in
248 1008 372 1070 virtute
389 1005 824 1088 efficammimae'orationis,
853 1008 897 1070 ibi
916 1009 949 1070 ln
967 1025 1064 1070 cruce
1077 1007 1202 1091 ¹iactae,
1216 1009 1308 1075 bane

138 1117 241 1176 metm
263 1109 380 1176 exiletn
402 1113 580 1176 orationem
603 1118 775 1193 acceptare
788 1111 984 1194 ligonum,
1007 1112 1082 1174 etsi
1094 1129 1159 1195 non
1178 1121 1307 1196 propter

136 1233 211 1282 mea
231 1215 355 1296 merita,
377 1223 486 1278 tamon
507 1226 640 1301 propter
657 1215 902 1299 maritaaornm,
924 1235 983 1298 pro
996 1217 1114 1299 quibus
1132 1218 1306 1282 orationem

138 1322 274 1388 lirndore
317 1318 526 1382 decreveram
565 1319 715 1383 vivorum
747 1327 781 1382 ot
812 1319 1046 1384 defunctorum.
1103 1319 1230 1383 Deinde
1265 1321 1308 1384 ad

137 1425 202 1491 alia
221 1424 293 1488 loca
312 1427 431 1487 sancta
452 1421 607 1488 descendi
629 1431 705 1487 cnm
726 1424 858 1507 cbrrta,
889 1433 922 1487 et
941 1444 1014 1488 eam
1046 1442 1145 1507 snper
1164 1428 1308 1488 sanctis-

138 1533 223 1594 sima
256 1527 329 1590 loca
365 1525 524 1610 expandi,
557 1528 786 1594 commendans
825 1530 1001 1613 inscriptos
1047 1530 1241 1614 generaliter
1275 1539 1309 1593 et

138 1631 359 1744 singulariter.

166 1748 169 1756 ·
227 1737 430 1800 lamonem
451 1733 592 1800 medinm
614 1738 720 1801 noctis
750 1744 928 1822 nubserat,
959 1745 995 1802 at
1026 1737 1178 1802 militibus
1206 1755 1309 1821 expe-

140 1842 217 1910 ditis
259 1840 384 1906 Missas
428 1839 539 1924 legere
578 1842 758 1923 incepimus
806 1843 840 1905 in
879 1852 1018 1927 quatuor
1046 1843 1127 1906 loeis
1170 1843 1340 1926 signetis-

142 1947 198 2012 l'ol.
222 1946 284 2014 110
308 1945 343 2007 1ιι
362 1943 384 2006 6
404 1953 465 2010 art.
506 1945 550 2009 Et
571 1946 668 2010 habui
696 1947 803 2010 locum
824 1948 858 2010 in
880 1947 952 2012 loco
981 1949 1309 2030 unctionis'corporis

139 2052 270 2118 Domini
291 2049 347 2112 illo
365 2061 469 2131 mane,
505 2057 539 2112 et
559 2050 594 2112 in
613 2051 721 2115 Missa
742 2052 841 2116 habui
863 2052 1006 2116 chartam
1028 2071 1101 2118 cum
1126 2053 1309 2117 nomirilbns

144 2175 290 2224 carorum
312 2173 454 2219 meorum
476 2160 554 2218 anto
574 2173 637 2236 me,
659 2162 693 2218 et
714 2157 817 2239 ipsam
839 2159 977 2222 Missam
1000 2178 1058 2242 pro
1081 2161 1131 2222 eis
1152 2157 1309 2222 ordinavi.

140 2265 203 2328 Die
231 2271 339 2326 autem
369 2259 457 2322 facto
489 2262 695 2323 cantavimus
722 2279 881 2324 summam
909 2263 1047 2326 Missam
1079 2265 1113 2326 in
1149 2261 1309 2326 dominico

142 2367 314 2452 sepulchro
337 2364 379 2428 de
403 2365 641 2429 resurrectione
661 2364 809 2449 Domini,
831 2377 867 2432 ut
888 2377 977 2451 patet
1002 2369 1088 2432 infra
1110 2367 1164 2433 iol.
1189 2367 1308 2432 18013.

136 2475 183 2548 „Et
206 2475 251 2535 ita
271 2471 395 2532 linitum
417 2469 478 2532 luit
496 2468 657 2532 Officium.

225 2576 404 2656 Postquam
433 2582 542 2635 autem
575 2574 682 2636 omnia
710 2573 872 2656 completa
906 2575 1062 2660 fuissent,
1096 2586 1128 2640 ct
1163 2575 1309 2641 dominos

140 2683 275 2745 Mauros
297 2684 581 2760 exspectaremus,
601 2686 637 2739 ut
658 2695 719 2740 nos
741 2679 939 2764 emitterent,
972 2699 1069 2764 occe,
1095 2683 1207 2747 subito
1240 2688 1312 2744 orta

142 2794 192 2850 eet
214 2769 411 2849 cdncertatio
433 2789 467 2842 et
489 2782 661 2845 corrixatio
682 2783 765 2846 inter
791 2783 917 2848 nobiles
939 2785 1058 2850 milites
1087 2787 1255 2868 novellos,
1275 2793 1309 2848 et

145 2889 302 2954 tumultus
323 2887 448 2970 gravis,
474 2905 517 2948 ox
538 2904 594 2968 eo,
616 2887 703 2971 qnod
725 2887 855 2969 qnidam
877 2889 917 2952 de
939 2893 1118 2974 peregrinis
1138 2909 1177 2954 ae
1197 2892 1312 2972 inges-

142 3003 240 3076 serat,
262 3001 295 3056 et
316 2991 409 3058 miles
429 2992 537 3056 factus
551 2992 665 3074 inerat,
687 2993 742 3081 qni
763 2999 874 3056 tamen
892 2993 1003 3060 multis
1024 2997 1201 3060 rationibus
1223 2995 1313 3078 (im)

145 3099 261 3166 habits
280 3106 361 3164 erat.
402 3099 482 3163 Erat
502 3097 632 3184 quidem
652 3099 758 3162 bonus
780 3105 813 3160 et
829 3096 991 3178 jocundus
1012 3103 1133 3182 socius,
1154 3101 1215 3164 sed
1237 3099 1311 3182 dig-

142 3204 715 3290 nitatimilitiaedisproportionalua.
756 3203 854 3266 Hunc
866 3206 1028 3288 peregrini
1040 3207 1169 3287 milites,
1180 3204 1312 3280 comites

142 3320 175 3373 et
205 3312 355 3392 barones,
383 3330 442 3392 pro
465 3312 653 3374 temeritatew
666 3309 895 3392 increpabant,
926 3309 981 3373 alii
1003 3329 1082 3375 voro
1102 3309 1224 3377 milites
1249 3307 1313 3370 sibi

148 3415 293 3478 consocii
315 3432 388 3476 enm
412 3414 644 3494 defensabant,
665 3421 700 3475 ot
720 3415 765 3474 ito
786 3419 899 3477 contra
920 3414 1012 3476 sain
1031 3424 1149 3480 sancta
1173 3412 1314 3476 ecclesia

145 3518 275 3580 stabam
305 3523 340 3578 et
367 3517 621 3581 conclamabant.
666 3513 748 3578 Cum
770 3525 876 3580 autem
902 3517 943 3582 ad
964 3517 1111 3584 Fratrem
1131 3519 1314 3585 &tannem

145 3629 354 3688 memoratum
384 3619 529 3684 101183
563 3620 592 3684 Β
625 3635 744 3682 caussa
773 3619 925 3686 devoluta
953 3623 1088 3707 luisset,
1121 3621 1317 3688 convocavit

144 3743 257 3791 omnes
279 3725 397 3788 milites
418 3724 452 3789 in
473 3725 646 3788 ecclesiam
670 3724 902 3808 golgothanam
924 3736 1000 3792 ante
1021 3728 1122 3795 altore
1143 3727 1260 3810 mains,
1282 3733 1315 3790 ot

145 3831 254 3913 illum,
287 3836 418 3914 propter
451 3849 547 3915 quern
576 3821 713 3914 litigium
741 3839 845 3896 ortum
868 3831 991 3914 iuerat,
1018 3851 1077 3916 par
1105 3852 1223 3899 nomen
1252 3830 1315 3897 Dei

145 3935 315 4018 adjuravit,
339 3942 372 3996 et
396 3951 508 3998 omnes
529 3953 609 4000 suos
632 3936 753 4018 socios,
781 3943 818 3999 nt
838 3935 983 4002 dicerent
1004 3936 1211 4001 conditiones
1226 3931 1314 3997 illius

145 4040 219 4106 viri.
264 4037 391 4117 eribus
413 4040 543 4123 auditio,
566 4038 743 4105 declaravit
765 4038 872 4106 dictus
884 4041 1000 4108 Frater
1020 4043 1200 4122 lohannes,
1224 4037 1315 4132 illurn

96 4143 98 4148 ’
145 4144 233 4208 nullo
259 4142 353 4210 modo
378 4161 454 4207 esse
474 4145 627 4227 militem,
654 4163 716 4208 neo
737 4163 796 4226 pro
817 4145 873 4212 tali
894 4147 1088 4214 babendum.
1129 4147 1315 4208 latitares

144 4249 201 4314 illa
221 4248 281 4312 fuit
304 4245 475 4331 (ISSA)
497 4251 642 4334 quiernta
663 4258 695 4314 et
717 4249 895 4334 pacificata.
937 4257 979 4318 lit
1000 4255 1058 4318 ille
1083 4251 1188 4315 bonus
1205 4235 1315 4310 socius

143 4355 295 4422 amilltia
317 4355 376 4418 fuit
398 4354 575 4419 absolutus.
625 4352 745 4419 Statim
776 4364 883 4424 autem
916 4356 1024 4420 adhuc
1057 4355 1152 4420 nobis
1165 4351 1220 4443 ,de
1252 4351 1317 4423 bac

144 4476 180 4522 re
205 4459 414 4540 loquentibus
435 4466 594 4520 venerunt
613 4459 720 4521 Mauri
746 4466 779 4518 et
802 4476 863 4522 nos
877 4459 923 4526 de
943 4459 1062 4538 templo
1082 4456 1261 4536 ejecerunt,
1283 4460 1315 4514 et
