2896 4872
80 447 259 530 paruulus
302 446 336 513 iu
381 405 548 528 providis
593 453 706 526 esset,
750 463 885 529 reguum
902 447 1011 530 ,ambo
1054 405 1275 538 gdubsmaroitt
1359 469 1364 476 ·

83 563 123 614 et
150 561 240 634 post·
252 550 413 634 pueritiae
433 567 536 612 annos
558 552 668 630 ,ipsum
697 567 834 633 regnum
855 554 964 634 nepoti
991 553 1162 631 traderent.
1205 555 1274 622 Sed

72 638 139 719 -ιιι,
155 657 230 728 hoc·
244 657 317 719 siue
337 652 688 742 impedimentoldfflet,
716 671 850 736 possum
869 657 976 739 ipsum
988 648 1104 744 'eoram
1123 662 1274 736 pupibus

86 763 200 844 regni
223 760 376 823 militibus
397 762 437 822 in·
453 777 562 841 regem
583 759 696 842 inungi
717 759 795 822 lecit
818 777 917 841 sopor
945 777 1078 844 regnem
1101 765 1313 850 Jerosoly.-.

86 868 269 946 milenum.
314 865 357 928 lut
388 854 446 926 ille¹
481 873 532 926 est
563 881 668 926 nonus
698 882 758 928 rex
786 863 985 945 Jerusalem,
1017 867 1169 932 ιιιιιιιοιιιι
1197 860 1300 950 ιιιιιλ

85 977 252 1032 mortem·
269 971 378 1039 octavi
399 970 499 1051 regis,
529 969 642 1051 patrui·
664 969 727 1030 sni.
782 968 859 1030 Non
888 967 1000 1031 multis
1031 978 1138 1033 autem
1159 971 1294 1038 neom·

86 1073 243 1136 evolutis
264 1073 371 1138 dictus
393 1072 573 1136 Baldaiuus
594 1091 676 1154 puer
697 1091 755 1135 rex
766 1071 951 1142 Jerusalem
973 1081 1080 1136 nonus
1101 1073 1284 1148 delunolus·
1390 1135 1392 1140 .

87 1187 147 1240 est
191 1186 225 1240 et
267 1197 309 1240 ox
342 1176 501 1256 industria
532 1176 612 1258 ejus-
646 1176 812 1244 defunctio
837 1177 953 1240 multis
977 1177 1096 1267 diebus
1129 1185 1184 1243 ost
1215 1199 1272 1264 por

87 1290 236 1348 matrem
259 1281 332 1363 ejus
346 1282 528 1367 ‚occultata
548 1283 627 1364 qnia
646 1281 817 1346 videbatur
838 1284 885 1366 ei,
917 1282 1003 1366 qnod
1037 1284 1192 1366 antiquos
1218 1286 1272 1348 le-

88 1403 218 1470 prosus
238 1385 484 1450 rexBaldniuus
505 1388 600 1452 morti
622 1390 1077 1472 essetotiampropinquuset
1091 1391 1271 1476 colonatus
1289 1432 1293 1440 ·

92 1488 247 1574 et'poero
262 1492 313 1555 vir
324 1491 395 1572 ejus
407 1489 514 1554 Guido
524 1491 717 1582 succederet
730 1493 764 1554 in
783 1510 893 1577 reguo,
906 1494 991 1556 siout
1002 1493 1170 1556 etsooidit.
1193 1496 1270 1560 Nou
1406 1495 1412 1504 “

92 1599 187 1660 enim
199 1596 298 1659 multo
309 1604 382 1677 post
394 1595 571 1660 Balduiuns
584 1574 729 1659 octavus
726 1598 957 1680 [seminus]
933 1615 990 1660 rex
998 1597 1182 1662 Jerusalem
1192 1601 1271 1664 obiit

17 1713 39 1734 *
93 1711 136 1766 et
153 1703 187 1764 in
201 1696 392 1784 sepulchris
413 1717 526 1780 regum
549 1702 583 1760 in
605 1701 676 1794 loeo
688 1698 861 1801 Calvariae
882 1697 1053 1784 sepultus
1052 1713 1111 1766 est.
1126 1699 1275 1788 Nepos
1307 1699 1312 1710 '

5 1863 8 1874 ,
93 1825 179 1870 vero
203 1805 274 1888 ejus
295 1804 492 1867 Baldniuus
488 1823 586 1888 puer,
615 1825 674 1868 rex
697 1824 815 1888 nonus,
835 1807 982 1889 sepultus
1003 1819 1054 1872 est
1074 1809 1106 1870 iu
1129 1810 1270 1874 ecclesia
1350 1843 1355 1852 ·

95 1910 255 1974 dominici
276 1910 460 1992 sepulchri,
493 1919 587 1973 extra
615 1919 722 1990 tamen
759 1911 915 1993 capellam
949 1912 1012 1974 looi
1034 1911 1246 1997 Calvariae,
1235 1933 1270 1978 ru

96 2033 165 2099 quo
188 2014 245 2078 alii
264 2031 361 2096 reges
382 2014 513 2097 sepeliri
535 2026 781 2100 consueverant,
804 2017 880 2098 qnia
900 2009 1147 2082 videbaturnou
1165 2017 1270 2084 luisse

98 2113 267 2203 re'x7'oum
284 2109 397 2201 isrlans
419 2118 519 2188 esset.
586 2145 599 2184 ,·
631 2131 634 2138 “
710 2167 721 2180 .

326 2365 340 2386 Ἴ.
456 2306 609 2398 Octavus¹
633 2329 692 2373 rex
715 2309 911 2392 Jerusalem.

96 2411 100 2418 ⁵
182 2430 322 2494 Mortuis
353 2430 529 2536 Baldnino,
567 2431 663 2514 hujus
696 2433 835 2496 nominis
866 2432 937 2513 1v.,
975 2444 1055 2514 rege
1084 2411 1268 2496 Jerusalem

97 2535 267 2624 v11.,et
290 2545 408 2620 nepote
445 2555 506 2600 suo
516 2533 698 2599 Βιιιιιιὶιιο
726 2537 781 2620 V.,
828 2555 925 2627 rege
938 2537 1081 2599 civitatis
1123 2545 1266 2620 sauctae,

101 2644 263 2721 successit
285 2644 319 2704 in
341 2659 476 2724 regnum
500 2640 608 2722 Gnido
624 2641 850 2725 Lusiguauus,
872 2619 1018 2725 Sibyllae
1037 2641 1185 2704 Balduini
1217 2642 1268 2704 le-

100 2746 187 2826 prosi
208 2748 331 2810 sororis
352 2749 494 2824 maritus
508 2754 561 2808 et
556 2748 711 2816 sororius
733 2749 840 2828 quarti
861 2747 1028 2829 Baldaini,
1057 2754 1089 2808 et
1117 2749 1268 2829 regnavit

103 2849 225 2911 duobus
246 2851 351 2912 annis
362 2851 395 2913 iu
416 2851 614 2920 Jerusalem
654 2854 719 2914 Hic
750 2870 823 2914 cnm
852 2851 1042 2914 difficultate
1065 2849 1106 2912 ad
1132 2868 1266 2932 reguum

104 2957 250 3035 pervenit
283 2963 315 3017 et
347 2957 381 3016 in
410 2955 539 3036 magnis
568 2957 728 3037 augustiis
766 2958 952 3039 regnavit
961 2965 994 3018 et
1022 2973 1096 3018 oum
1128 2955 1267 3016 maximo
1312 2937 1315 2944 Δ

106 3057 287 3121 diffortnnio
309 3059 452 3140 regimen
464 3058 567 3121 finivit
588 3069 619 3122 et
632 3077 733 3141 regno
747 3058 1017 3144 Jerosolymitauo
1030 3059 1266 3122 lamentabilem
1333 3041 1353 3066 ’

105 3163 199 3226 linem
221 3161 318 3224 dedit.
361 3163 446 3224 Nam
470 3166 603 3226 mortuis
625 3164 749 3227 dnobus
770 3163 927 3246 praefatis
942 3163 1110 3228 Balduinis
1125 3165 1266 3247 regibus,

107 3285 211 3330 comes
232 3266 466 3351 'l'ripolitanus,
481 3275 567 3330 tutor
589 3271 681 3353 pueri
701 3269 850 3340 Baldnini
872 3269 1033 3352 defuncti,
1065 3269 1106 3332 ad
1130 3287 1266 3352 reguum

107 3373 264 3454 aspirabat
286 3377 318 3436 et
340 3372 432 3436 multi
453 3375 617 3456 principes
638 3383 670 3436 et
702 3377 838 3438 comites
860 3377 894 3437 ln
919 3375 991 3456 ejus
1011 3383 1103 3458 parte
1124 3393 1266 3439 eonsen-

104 3478 229 3558 tiobaut,
254 3485 288 3539 et
310 3475 443 3551 domina
465 3477 616 3572 Gnidoni,
639 3481 752 3542 marito
774 3479 933 3562 Sibyllae,
953 3481 1013 3561 qu
1035 3481 1152 3545 haeres
1173 3481 1266 3562 regni

105 3593 176 3666 erat,
198 3582 440 3657 insidiabantur
483 3564 623 3650 Domine
645 3593 751 3647 sutem
773 3585 911 3668 Sibylla,
933 3593 968 3646 ut
988 3585 1040 3648 vir
1058 3603 1138 3648 suus
1160 3584 1266 3652 Guido

105 3692 308 3772 inungeretur
330 3697 362 3750 et
385 3699 592 3764 coronaretur
622 3692 655 3750 iu
678 3709 786 3774 rogem
808 3689 1011 3772 Jerusalem,
1044 3689 1266 3771 largitionibus

105 3813 140 3858 ac
158 3795 362 3877 blanditiisa
393 3796 579 3876 patriarcha
601 3793 877 3876 Jerosolymitano
903 3804 937 3858 et
968 3799 1124 3877 magistro
1155 3796 1266 3876 templi

108 3906 138 3962 et
166 3900 351 3982 proceribus
381 3900 524 3975 obtinuit.
567 3899 641 3965 Hoc
668 3910 777 3970 autem
795 3899 1010 3983 steymmrdus
1037 3917 1174 3983 praeses
1192 3899 1267 3967 'rri-

108 4003 260 4086 politanus
278 4003 428 4087 graviter
448 4004 530 4087 tulit,
551 4003 741 4070 nodotum
760 4009 863 4089 ipsos,
886 4005 1067 4069 Gnidouem
1089 4004 1214 4066 seilicet
1234 4013 1266 4067 ot

109 4107 342 4192 llaymnodum,
372 4111 547 4192 maximae»
569 4118 659 4172 ortae
696 4120 773 4174 suot
814 4109 1056 4192 dissensiones,
1087 4093 1266 4187 inquibus

109 4215 320 4298 llaymundns,
339 4213 494 4278 Saledino
509 4213 618 4279 'borco
635 4213 757 4280 amicos
780 4214 907 4278 occulte
918 4213 1026 4274 laetus
1038 4223 1070 4286 et
1088 4209 1265 4274 confoeds-
1343 4215 1352 4222 ‘

110 4329 190 4384 retus
222 4324 395 4386 mammam
435 4319 826 4390 deninutomrtiutooot
855 4326 888 4380 et
915 4315 1048 4396 reliquis
1069 4313 1265 4384 Christianis
