2948 4876
248 388 406 468 Quemvis
434 411 476 456 ex
503 389 678 476 praedietis
712 392 850 471 sparsior
882 391 985 474 possit
1022 390 1132 456 heberi
1160 392 1347 474 descriptio

168 496 311 558 civitatis
332 505 468 560 senctse
489 496 685 577 Jerusalem,
704 495 882 568 hictemen
904 495 1110 578 singulariter
1120 511 1192 556 enm
1203 492 1347 555 deseri-

167 601 240 664 bum
262 610 295 661 et
315 606 436 662 statum
458 599 548 681 ejus,
569 616 634 660 uon
655 599 785 684 quidem
807 600 982 683 recitando,
1004 599 1109 684 qualis
1135 600 1175 661 ab
1199 581 1344 678 entique

168 705 273 788 luerit,
295 699 353 766 sed
376 703 483 786 qualis
503 719 590 765 nunc
610 705 663 768 sit.
706 705 879 788 Multiplex
900 708 985 768 enim
1007 705 1168 768 invenitur
1185 700 1345 783 ejusdcm

167 809 309 873 civitatis
332 807 504 891 descriptio
526 809 702 872 secundum
726 809 797 891 ejus
817 812 981 894 antiquum
1004 811 1135 892 faciem,
1157 816 1192 869 ut
1213 808 1248 868 in
1269 805 1343 866 Jo-

167 916 261 998 sephi
283 915 364 977 libro
397 913 454 976 Vl
490 913 530 976 de
561 913 645 977 bello
673 914 812 978 ludaico
838 913 918 999 Cep.
952 919 983 981 ἃ
1036 917 1079 978 lit
1110 912 1274 995 Magister
1299 911 1342 971 iu

168 1018 310 1104 Speculo
330 1017 508 1101 Historieli,
542 1019 581 1086 [ι.
602 1020 654 1084 tte.
678 1038 707 1084 c.
739 1020 824 1084 Clll.
869 1035 901 1088 et
933 1022 1080 1085 dominns
1108 1016 1273 1078 Antonius
1300 1013 1339 1076 in

168 1122 339 1188 chronicis
360 1125 448 1188 Part.
478 1124 518 1185 Π,
540 1124 577 1184 Τ.
602 1123 651 1186 16.
675 1143 703 1188 c.
729 1125 779 1193 13.
809 1132 843 1187 et
858 1147 939 1213 cup.
957 1111 992 1194 ’ὅ
1013 1133 1075 1190 etc.
1117 1131 1153 1183 et
1184 1121 1219 1182 in
1248 1137 1339 1200 sup-

168 1231 329 1313 plemento
370 1229 550 1298 chronicon
589 1228 630 1296 In.
665 1231 695 1292 8.
737 1229 790 1292 fol.
832 1229 882 1294 15.
927 1237 961 1291 et
1002 1227 1117 1292 Frater
1144 1223 1336 1287 Burcurdus

169 1333 299 1396 Ordinis
319 1330 579 1396 Praedicatorum
608 1334 642 1396 in
656 1334 764 1397 libello
800 1334 1026 1417 descriptionis
1056 1341 1162 1394 terrae
1192 1338 1334 1392 sunctae

168 1457 240 1501 eum
261 1438 425 1500 civitatem
447 1436 627 1500 luculenter
658 1439 851 1502 describunt.
896 1437 1051 1500 Nonnulli
1078 1439 1176 1500 etium
1206 1435 1334 1516 antiqui

168 1551 200 1604 et
223 1541 367 1616 moderni
388 1540 459 1622 ejus
482 1542 615 1606 formum
636 1545 670 1606 in
691 1545 822 1608 charles
848 1543 1067 1626 depinxerunt,
1090 1550 1123 1604 et
1142 1542 1188 1603 ita
1207 1547 1275 1602 tem
1299 1541 1335 1598 in

167 1648 326 1728 scriptura
348 1662 444 1727 quem
469 1647 502 1710 in
534 1649 669 1730 picturis
700 1626 807 1732 petest
839 1648 943 1712 videri
974 1647 1079 1730 ligure
1109 1643 1335 1709 desiderabilis

168 1751 320 1833 civitatis,
352 1749 393 1812 de
415 1769 480 1834 qua
502 1761 534 1814 et
555 1771 617 1836 ego
645 1755 786 1817 conabor
813 1753 933 1836 aliquid
963 1752 1135 1834 explicare.
1178 1750 1216 1811 Si
1243 1750 1332 1809 enim

167 1854 285 1926 oblitus
306 1854 397 1918 fuero
417 1859 481 1940 tui,
504 1858 703 1943 Jerusalem,
726 1859 879 1922 oblivioni
900 1858 992 1920 detur
1012 1857 1147 1920 dextera
1166 1870 1248 1936 men,
1268 1851 1335 1913 ed-

167 1961 298 2030 lueereat
320 1961 429 2044 lingue
451 1981 524 2025 mee
544 1964 691 2027 faucibus
713 1965 803 2048 meis,
825 1966 855 2026 si
882 1982 946 2025 non
968 1963 1142 2026 meminero
1164 1959 1218 2020 tui.
1262 1956 1334 2019 Sed

166 2075 202 2128 ut
223 2064 284 2128 hoc
312 2065 431 2129 clarius
463 2068 571 2131 iecere
602 2068 747 2146 valeam,
781 2070 920 2131 annexui
948 2066 1159 2148 descriptioni
1185 2063 1333 2127 civitatis

167 2179 302 2233 sunctae
323 2171 572 2254 descriptionem
594 2173 705 2256 templi
727 2174 864 2254 Domini,
886 2171 971 2256 quod
994 2173 1160 2234 nominent
1178 2168 1332 2232 Salomo-

168 2277 229 2358 nis,
247 2284 280 2336 et
300 2277 410 2357 templi
433 2277 592 2342 ecelesiae
609 2281 716 2352 suncti
727 2279 900 2362 sepulchri,
913 2275 999 2359 quod
1014 2285 1135 2339 vocent
1146 2274 1330 2342 Anastasis.

168 2377 248 2442 Sine
266 2381 352 2440 enim
373 2378 499 2442 illorum
519 2381 650 2448 duorum
675 2386 864 2467 templorum
887 2381 1103 2462 descriptione
1125 2398 1189 2442 non
1222 2385 1331 2460 potest

168 2480 324 2544 notificari
346 2489 449 2544 status
479 2485 622 2550 civitatis
654 2499 802 2572 sanctae,
836 2507 910 2551 cum
938 2505 1034 2549 omne
1054 2487 1171 2564 bortum
1188 2485 1330 2548 civitatis
1379 2504 1392 2524 ⁴

169 2593 201 2645 et
222 2601 317 2645 omne
339 2583 456 2646 melum
479 2605 499 2648 a
519 2589 648 2671 templis
666 2591 734 2653 illis
755 2593 965 2672 processerit,
996 2590 1101 2652 omnis
1123 2589 1194 2671 ejus
1215 2588 1330 2651 aedifi-

170 2691 255 2763 cetip
287 2694 322 2749 et
354 2677 546 2777 destructio,
578 2698 683 2762 omnis
711 2695 782 2778 ejus
816 2696 973 2760 sanctitas
1005 2702 1044 2756 et·
1069 2694 1190 2758 melitio
1218 2695 1329 2757 abeis

170 2792 340 2878 dependet,
362 2797 538 2861 seeundum
563 2796 840 2884 chrysostomum.
883 2802 1051 2884 Occupant
1072 2801 1168 2862 etiem
1189 2799 1247 2862 ille
1268 2798 1329 2863 duo

239 2901 359 2983 temple
381 2919 530 2986 magnam
549 2906 691 2969 civitatis
712 2914 836 2988 partem
858 2923 933 2970 eum
946 2906 1023 2969 'suis
1044 2902 1143 2969 atriis.
1186 2903 1263 2966 ldeo

296 3008 330 3114 in
357 3009 501 3074 civitatis
522 3010 738 3096 descriptione
758 2991 949 3076 concurrere
969 3027 1107 3074 necesse
1128 3017 1187 3072 est.
