3014 4864
704 253 767 319 tta

142 432 354 498 occidentalis
379 432 526 516 juugitur
556 451 647 498 muro
676 431 867 516 aquilonari.
918 435 1006 498 Ante
1033 436 1120 498 huuc
1156 435 1313 519 angulum

143 549 193 606 cat
213 538 372 621 quaedam
393 538 532 602 altitudo
552 549 585 601 et
606 547 714 601 terrae
734 546 857 620 tumor,
878 541 912 600 in
934 557 997 622 quo
1018 541 1129 604 ruinae
1151 558 1313 606 murorum

142 651 235 724 suut3
257 643 302 706 ibi
323 643 418 705 etiam
440 644 601 727 quondam
622 641 712 705 stetit
734 643 830 703 turris
852 642 1021 724 altissima,
1037 661 1123 727 quae
1144 641 1313 720 dicebatur

143 745 302 810 Phaselus
333 747 387 810 vel
418 748 590 810 Psaollnoa
619 745 795 829 llippious‚
827 761 934 830 aqua
955 747 1016 809 luit
1035 759 1241 831 prospectus
1272 749 1314 814 ad

142 859 313 933 utrumque
334 869 442 928 mare,
472 852 631 914 orientale
659 848 809 930 seilicet,
837 849 923 932 quod
945 859 996 912 est
1018 867 1106 911 mare
1136 861 1311 930 mortuum,

145 966 180 1016 et
211 955 253 1018 ad
280 973 368 1018 mare
403 955 620 1036 oocidentale‚
654 954 740 1037 qnod
768 961 820 1016 est
850 971 938 1016 mare
973 963 1118 1018 nostrum
1162 974 1314 1038 magnum

127 1059 432 1141 mediterraneum,
474 1068 510 1124 ut
537 1059 635 1122 habet
656 1057 822 1140 dosephus
844 1057 886 1120 de
917 1058 1003 1121 bello
1036 1059 1175 1124 Judaioo
1205 1062 1226 1125 l.
1250 1062 1309 1126 Vl.

143 1181 213 1246 cap.
235 1165 266 1228 8.
289 1163 340 1224 lle
361 1181 425 1245 quo
446 1169 554 1226 tamen
576 1164 711 1227 miratus
730 1179 803 1225 sum
823 1179 935 1246 saepe,
957 1181 1031 1225 oum
1052 1148 1173 1227 civitas
1193 1175 1309 1230 saneta

142 1268 184 1332 ad
206 1267 407 1332 occidentem
429 1267 547 1331 habeat
568 1277 722 1331 montana
742 1269 1015 1350 supereminentia
1035 1267 1171 1330 civitati.

226 1370 278 1434 Ab
300 1373 362 1434 hoo
384 1389 462 1454 orgo
489 1372 609 1456 angulo
639 1373 798 1436 vertimus
829 1389 890 1436 uos
922 1382 1035 1436 contre
1064 1372 1239 1454 orientem,
1276 1383 1311 1438 et

142 1494 242 1560 supra
260 1477 387 1541 fossata
407 1478 632 1558 processimus,
673 1477 722 1541 llri
743 1474 884 1540 vidimus
906 1493 1054 1560 mquam
1076 1486 1202 1560 partem
1223 1477 1311 1540 anti-

142 1599 276 1664 quorum
307 1599 486 1663 murorum3
508 1581 570 1644 luit
590 1581 676 1644 enim
698 1597 810 1644 murus
832 1579 1030 1662 duplicatus,
1063 1582 1110 1644 ita
1132 1581 1218 1663 quod
1248 1599 1309 1665 per
1336 1589 1343 1604 ¹

143 1683 283 1750 medium
305 1686 376 1768 ejus
398 1685 459 1748 fuit
481 1688 637 1750 transitus
659 1680 742 1748 intra
767 1703 912 1766 murum,
933 1685 1068 1750 interius
1090 1693 1124 1748 et
1145 1669 1307 1770 superins,

143 1800 176 1854 et
197 1807 310 1875 rupes,
342 1807 440 1871 supra
471 1807 555 1872 quas
585 1807 696 1853 murus
729 1789 884 1853 fundatus
916 1799 984 1871 cst,
1021 1792 1056 1852 ln
1085 1789 1194 1853 multis
1227 1790 1309 1854 locis

142 1903 235 1960 erant
268 1903 338 1958 arto
368 1893 559 1976 quadratae,
592 1911 692 1976 supra
721 1911 804 1979 quas
825 1900 933 1956 turres
959 1900 1125 1956 steterant.
1172 1893 1221 1956 Ab
1253 1879 1310 1958 illa

140 2002 224 2064 euim
246 2009 338 2081 parte
369 1997 431 2060 fuit
450 1998 566 2058 civitas
598 1995 682 2059 bene
713 1999 853 2077 multitu,
882 1995 1022 2078 quia'ibi
1054 2006 1162 2078 potest
1193 1998 1309 2061 melius

63 2169 64 2172 ,
138 2103 320 2186 impugnari
351 2097 462 2176 (πθ
472 2098 558 2180 Α),-
575 2098 662 2161 uude
691 2097 884 2180 saladinus,
917 2117 977 2162 rex
1010 2100 1149 2180 Egypti,
1188 2101 1228 2162 ab
1250 2101 1307 2164 illa

138 2215 230 2290 parte
273 2205 438 2268 civitatem
481 2203 567 2285 oepit
606 2204 719 2267 ultimo
757 2203 798 2268 de
839 2208 1001 2285 potestate
1051 2210 1085 2263 et
1121 2201 1162 2264 de
1198 2205 1306 2267 maui-

139 2315 220 2378 buss
244 2307 499 2374 Christianorum
546 2323 630 2371 anuo
664 2305 755 2374 118⁷.
809 2305 952 2372 Ulterius
989 2308 1023 2370 in
1057 2323 1213 2390 processu
1245 2326 1309 2370 ve-

139 2417 245 2480 nimus
276 2414 318 2478 ad
351 2418 475 2497 portam
507 2414 660 2496 Ephraim
697 2413 752 2477 vel
793 2413 899 2476 sancfi
934 2410 1110 2498 Stephani,
1144 2430 1227 2496 quae
1256 2421 1308 2478 est

134 2521 231 2604 juxta
251 2519 404 2604 angulum
426 2518 631 2602 orientalem,
653 2521 688 2582 in
710 2537 774 2604 quo
801 2535 912 2582 murus
933 2516 1130 2601 aquilonaris
1158 2517 1305 2601 Jungitur

138 2645 229 2690 muro
259 2625 414 2688 orientali.
458 2623 557 2688 Porro
597 2643 708 2688 munta
739 2624 795 2688 ille
816 2622 981 2688 orientalis
1012 2641 1078 2686 non
1108 2622 1304 2685 hebetante

138 2731 374 2809 retonsarum,
407 2727 467 2790 sed
488 2729 607 2790 vallem
643 2725 823 2808 doaaplrat,
853 2743 952 2808 snpra
979 2745 1075 2809 quarn
1097 2727 1131 2787 in
1164 2721 1228 2790 alto
1255 2736 1307 2789 est

140 2832 314 2912 deductus,
337 2839 370 2892 et
390 2830 467 2894 licet
495 2833 538 2893 sit
559 2825 675 2894 semita
695 2827 796 2910 parva
817 2829 857 2890 ab
880 2829 999 2910 angulo
1021 2829 1167 2892 orientali
1200 2848 1306 2913 usque

139 2933 181 2994 ad
212 2932 367 3012 angulum
407 2935 505 2994 mnrb
521 2931 674 3020 australis
702 2929 858 2994 adlatus
891 2931 974 2992 muri
1005 2930 1172 2992 orientalis
1199 2911 1304 3014 ‘supra

97 3089 100 3096 .
140 3034 278 3116 vallem,
310 3052 374 3096 non
406 3043 514 3096 tumen
545 3034 616 3096 ausi
648 3049 761 3098 sumus
782 3034 971 3095 continuare
1001 3035 1218 3096 circuitionem
1248 3051 1307 3118 per

139 3138 288 3201 remitam
308 3137 395 3200 illam
417 3146 547 3220 propter
568 3135 820 3198 Sarracenorum
842 3135 1086 3217 coemeterium,
1122 3135 1208 3218 quod
1229 3145 1306 3201 aute

138 3250 264 3324 portam
294 3258 424 3306 auream
447 3247 515 3324 est,
539 3259 597 3323 por
626 3239 713 3327 qnod
743 3239 882 3302 transire
903 3240 1091 3303 uobis-non
1112 3235 1218 3321 licuit,
1240 3240 1305 3302 nisi

137 3345 264 3429 ingenti
282 3345 426 3428 periculo
447 3363 507 3408 nos
529 3363 690 3427 exponere
711 3341 941 3428 voluissemus,
961 3354 996 3410 ut
1017 3351 1108 3428 patet
1132 3343 1186 3407 fol.
1205 3346 1249 3408 82
1259 3343 1301 3406 A.

137 3459 169 3514 et
192 3449 251 3514 tlt
275 3449 311 3511 ll.
354 3447 518 3512 Dereliota
539 3463 622 3532 ergo,
638 3449 755 3512 semita
775 3448 831 3511 illtt
843 3453 898 3525 „ab
921 3450 1042 3534 angulo
1075 3449 1303 3515 descendimus

96 3600 100 3606 -
135 3573 195 3638 per
217 3571 374 3637 praeceps
395 3556 430 3616 in
450 3553 569 3618 vallem
586 3554 764 3636 Joaaplrat,
786 3549 890 3639 usqne
912 3555 946 3617 in
967 3562 1140 3618 torrentem
1163 3553 1302 3639 cedron,

136 3657 196 3740 pe'r
226 3675 323 3742 quem
359 3656 587 3722 descendimus
619 3657 776 3721 habentes
796 3667 937 3722 montem
970 3658 1082 3740 templi
1104 3667 1137 3720 et
1157 3659 1302 3723 civitatis

135 3762 180 3824 ab·
198 3779 262 3826 uno
284 3770 317 3824 et
338 3770 477 3824 moutarn
490 3757 611 3825 Oliveti
632 3762 673 3824 ab
692 3762 755 3824 alio
776 3761 890 3846 latere,
912 3771 945 3824 et
968 3763 1176 3845 pervenimus
1197 3779 1305 3845 usque

135 3863 177 3927 erl
196 3863 324 3928 radices
345 3864 578 3946 montisssyou
601 3865 634 3926 iu
656 3865 774 3927 vallem
809 3864 940 3948 Silone,
961 3867 1006 3928 ini
1027 3872 1304 3934 autemooriver-

135 3969 229 4031 timue
251 3985 311 4031 nos
332 3968 375 4029 ad
394 3965 606 4050 occidentem,
628 3977 660 4030 ot
682 3969 890 4051 pervellem,
913 3987 998 4052 quae
1019 3969 1135 4033 dividit
1160 3970 1302 4034 montom

135 4069 226 4152 Syon
249 4090 268 4135 a
289 4078 400 4136 monte
421 4071 644 4136 Acheldemah
665 4080 699 4134 et
728 4073 842 4156 Gyou,
871 4073 1101 4137 adscendimua
1122 4091 1231 4156 usque,
1258 4073 1300 4136 ad

133 4190 246 4253 muru
269 4175 414 4256 lullonis,
437 4176 492 4239 ulti
513 4177 694 4259 incepimus
726 4173 912 4259 circuitum,
935 4186 968 4239 et
989 4195 1048 4261 por
1079 4186 1205 4264 portam
1227 4179 1302 4259 pls-

133 4275 219 4338 cium
230 4275 370 4360 ingrcssi
382 4281 669 4366 sumuspivitatem
680 4290 960 4367 spectametounr
972 4282 1110 4362 domipis
1120 4279 1301 4364 peregrinis
