3014 4864
598 211 774 334 'tau

157 453 195 514 ln
217 449 342 514 vertice
362 459 467 514 antem
489 447 576 512 illius
601 449 718 513 montis
738 450 850 512 inveni
865 447 992 513 domurn
1007 467 1167 534 magnam,
1184 463 1321 513 vascam

158 563 278 638 umen,
300 554 341 618 de
361 573 426 637 qun
448 553 567 636 optime
587 560 760 620 cantentur
783 554 840 636 fui,
854 572 917 616 nnn
938 555 1023 618 enim
1046 556 1180 622 inissem
1201 555 1322 636 buspas

157 669 270 743 gratam
305 659 524 722 babitantibus
557 658 592 722 in
613 675 653 720 ea
674 656 874 724 sarracenis.
917 661 955 722 le
987 661 1050 725 hoo
1078 671 1186 726 monte
1217 660 1326 724 erosit·

156 765 287 828 Salomo
307 765 370 828 dno
391 765 525 848 profana
547 761 710 846 aedilicia,
743 764 869 827 scilicet
889 766 1042 847 templum
1072 765 1158 830 idolo
1179 765 1321 845 blolnolt¹

65 889 68 895 ’
158 881 191 934 et
212 869 337 933 ἁοιιιιιιιι
367 871 437 932 suis
468 868 673 950 concubinis,
707 869 888 952 exquibus
917 869 1015 933 valde
1045 870 1179 935 offendit
1204 869 1341 946 naun„

157 973 234 1040 Ideo
254 991 347 1040 mous
369 972 558 1037 offensionis
579 970 714 1056 dieitur,
734 983 770 1036 ut
793 975 928 1038 babetur
950 975 981 1039 8.
1003 975 1086 1058 aeg.
1108 977 1150 1037 11.

240 1079 339 1143 Parra
369 1079 507 1142 Moluob·
535 1076 655 1140 idolum
680 1077 903 1143 crudelissimo
925 1081 1014 1144 cultu
1034 1081 1219 1160 colebatur,
1247 1076 1322 1140 ldso

157 1183 363 1268 singulariter
389 1184 498 1246 laesit.
519 1182 571 1246 au.
603 1181 794 1264 pmhibitum
816 1185 1022 1248 strictissime
1048 1185 1121 1266 init,
1137 1168 1322 1247 sacrificare

157 1293 196 1353 ei.
234 1287 307 1367 Quo
334 1297 442 1352 tamen
463 1287 699 1350 nonobstante
720 1285 883 1371 Salomon,
905 1288 1056 1354 inductus
1075 1309 1135 1374 per
1159 1285 1322 1367 mulieres,

47 1405 53 1410 ‘
157 1396 189 1458 in
217 1394 272 1458 illo
301 1402 409 1458 motrte
435 1391 587 1475 templum
617 1392 720 1454 erexit
753 1392 901 1476 Moloob,
934 1404 967 1457 et
993 1394 1146 1478 populum
1176 1393 1217 1457 ad
1249 1392 1321 1474 ejus

116 1549 118 1552 .
157 1499 277 1564 anitum
298 1497 440 1580 induxit,
467 1506 501 1560 et
522 1495 745 1560 sacerdotibus
765 1496 843 1560 idoli
874 1499 1034 1580 stipendia
1061 1498 1206 1564 cuntulit.
1249 1497 1321 1560 'l'ali

156 1612 263 1667 autem
283 1605 346 1667 boc
367 1603 488 1666 idolum
509 1603 675 1666 colebatur
692 1602 763 1684 ritu,
784 1611 819 1665 nt
841 1611 1033 1667 coaretatur
1051 1605 1201 1667 inientes.
1240 1603 1320 1666 ilrst

157 1709 241 1772 enirn
260 1704 392 1771 illelooh
413 1710 519 1790 imago
540 1705 679 1772 hominis
700 1723 828 1788 magna,
850 1705 892 1769 de
913 1725 988 1770 aere
1010 1709 1095 1791 tissa,
1117 1717 1149 1772 et
1171 1709 1321 1772 abintus

156 1820 274 1890 cavata
294 1833 353 1894 per
365 1813 520 1876 universa
539 1811 693 1892 membra,
715 1809 887 1894 stabatque
907 1814 940 1874 in
963 1813 1069 1876 medie
1090 1813 1201 1896 templi
1220 1831 1321 1896 snpra

156 1909 353 1997 columnam,
374 1916 522 1979 extensis
542 1913 688 1977 manibus
710 1919 745 1974 et
761 1913 919 1997 brachiis,
952 1918 1046 1999 qnasi
1077 1915 1266 1980 desiderans
1285 1925 1320 1980 et

156 2029 352 2101 exspectans
372 2034 489 2082 munus
510 2019 657 2100 accipere
677 2016 718 2078 ad
739 2016 880 2097 brachia,
901 2019 936 2080 iu
955 2021 1084 2084 madum
1104 2022 1177 2102 piae
1198 2022 1320 2104 matris,

157 2100 240 2208 onae
265 2121 419 2206 ,extendit
445 2122 577 2184 brachia
607 2119 649 2182 ad
670 2121 910 2200 suscipiendum
940 2140 1034 2186 suunt
1064 2124 1237 2204 iniantem3
1270 2127 1321 2186 sio

156 2230 241 2294 enirn
258 2234 351 2290 arant
372 2227 508 2290 formata
530 2219 660 2290 brachia
683 2223 770 2306 idoli,
792 2235 827 2288 ut
848 2245 929 2308 puer
949 2227 1019 2310 (B)
1041 2228 1075 2290 in
1096 2228 1145 2290 ais
1162 2227 1321 2291 accubem

155 2341 279 2420 posset,
301 2342 463 2417 tamquam
482 2333 519 2395 iu
540 2332 695 2395 maternis
717 2330 866 2396 brachiis
910 2333 1069 2415 'l'ornporo
1089 2339 1197 2394 autern
1217 2331 1321 2393 sacri-

155 2444 316 2522 ficiorum,
339 2436 468 2524 qnando
490 2447 560 2501 arat
588 2436 633 2500 ibi
653 2455 733 2520 puer
762 2437 993 2521 immolandus,
1025 2436 1186 2521 ponebant
1207 2453 1323 2500 sacer-

156 2547 249 2611 dotes
282 2546 434 2612 ardentes
466 2545 625 2609 carbones
651 2543 694 2606 in·
707 2561 826 2626 eorpus
854 2536 949 2626 idoli,
976 2545 1147 2628 ipsumque
1176 2543 1321 2607 candens

155 2661 188 2714 et
205 2638 344 2734 'ignitum
376 2649 553 2732 iaciebant,
586 2657 619 2710 aa
640 2667 772 2732 puerum
801 2650 1005 2713 innocentem
1025 2669 1124 2713 unum
1146 2657 1179 2711 et
1205 2666 1320 2712 mum

156 2756 198 2838 de
222 2756 370 2818 manibus
390 2741 574 2834 parentum,
596 2755 651 2835 qui
672 2773 745 2816 eum
767 2753 993 2816 immolandum
1017 2756 1206 2836 attulerant,
1229 2754 1321 2816 acei-

155 2861 296 2940 piebant,
318 2866 352 2920 et
373 2859 517 2921 brachiis
536 2857 615 2920 idoli
635 2859 849 2941 imponebant.
872 2859 914 2921 Et
935 2877 979 2919 ne
999 2869 1152 2939 parentes
1173 2868 1206 2920 ot
1227 2859 1321 2921 amici

156 2965 403 3024 circumstantes
428 2971 474 3020 eni
497 2958 618 3040 ejulatu
644 2963 735 3041 pueri
762 2963 894 3024 nimiunn
915 2963 1138 3042 turbarentur,
1168 2964 1320 3024 astabatd

156 3063 354 3146 sacerdotes,
377 3079 450 3125 curn
472 3063 636 3124 sonorosis
658 3065 830 3144 tympanis,
853 3062 1011 3144 cymbalis
1033 3075 1066 3127 st
1089 3067 1175 3128 tubis
1197 3066 1321 3128 isrtiter

156 3171 410 3252 concrepabant,
432 3184 475 3226 ue
494 3173 646 3248 parentes
666 3183 782 3228 vocem
811 3167 901 3248 pueri
923 3168 1088 3232 morientis
1106 3167 1221 3232 audire
1240 3185 1321 3250 pos·

155 3283 245 3354 sent,
268 3281 302 3337 et
321 3283 386 3336 tam
400 3270 462 3333 din
484 3271 533 3334 aie
554 3270 729 3352 sonabant,
752 3287 921 3354 uitansque
952 3291 1034 3356 puer
1054 3275 1103 3338 sio
1123 3276 1158 3337 lu
1174 3273 1320 3336 brachiis

154 3379 233 3444 idoli
263 3379 399 3443 adustus
431 3374 618 3459 exspiraret.
669 3373 741 3453 Quo
768 3377 824 3438 sie.
850 3387 1018 3443 consumto
1046 3379 1249 3461 sacerdotes,·
1287 3387 1320 3442 et

156 3494 270 3544 ornnes
302 3483 357 3564 qni
388 3481 547 3546 saoriiloio
581 3481 730 3562 aderant,
762 3481 914 3562 jocundis
945 3483 1089 3548 vultibus
1131 3485 1319 3568 parentibus

156 3586 478 3668 congratulabantur,
512 3605 570 3669 pro
602 3605 658 3667 aaa
681 3585 776 3668 'quod
799 3587 887 3670 digni
908 3588 1009 3652 babiti
1031 3590 1168 3653 finissent
1200 3589 1320 3654 babere

155 3707 288 3772 puerum
309 3691 342 3752 in
364 3692 558 3754 consortium
592 3690 723 3754 deorum
755 3701 958 3758 assumtum..
986 3695 1038 3756 lix
1069 3713 1108 3757 eo
1130 3701 1237 3760 autom
1267 3693 1320 3756 die

155 3811 267 3856 omnes
287 3794 475 3858 idololatrae
496 3803 597 3858 tutam
618 3783 705 3859 illam
727 3797 951 3880 genealogiam
978 3808 1141 3884 tamquam
1167 3798 1320 3863 nobilita-

154 3906 219 3978 tam
241 3899 440 3962 honorabant
462 3909 496 3963 et
516 3899 703 3982 credebant,
726 3900 810 3982 quud
833 3919 946 3966 omnes
968 3904 1062 3967 amici
1091 3904 1182 3987 pueri
1204 3905 1320 3969 immo-

154 3999 211 4064 lati
232 4002 450 4067 meliora·iata
471 4013 504 4067 et
527 4005 671 4068 fortunas
692 4013 803 4070 essenti
825 4004 980 4090 deinceps
1001 4009 1148 4072 babituri.
1194 4007 1319 4072 Similis

155 4103 235 4165 ritus
256 4107 341 4188 apud
373 4109 514 4191 gentiles
546 4110 779 4172 observabatur
798 4110 832 4172 in
854 4111 959 4176 saeris
981 4111 1128 4196 Saturni,
1169 4120 1204 4176 et
1225 4114 1318 4194 iorte,

154 4207 240 4289 quod
261 4211 378 4275 Graeci
399 4214 573 4278 Saturnum
591 4215 768 4297 nominant,
787 4215 849 4280 ltoc
870 4215 1016 4280 Hebraei,
1035 4217 1166 4281 Mulooh
1187 4225 1316 4280 vocant.

83 4309 101 4348 ‘l
153 4309 233 4374 diret
255 4313 340 4376 enim
359 4324 469 4382 statua
490 4316 621 4384 Saturni
645 4335 766 4401 aetnae,
798 4319 1021 4405 magnitudine
1039 4320 1201 4405 mirabili,
1224 4321 1317 4404 cujus
