2954 4914
735 229 804 302 N

187 405 373 495 solitudine,
397 430 487 495 quae
504 410 575 490 (B)
598 411 714 475 exnsla
734 411 828 476 solis·
841 412 1010 484 ardoribus
1029 407 1168 476 horridis
1189 412 1365 476 monacbis

177 525 331 602 ,praestat
347 515 588 597 hdritbeulom,
612 519 771 599 putabam
794 537 853 580 ma
876 519 1036 582 interesse
1061 517 1201 579 romanis
1230 515 1363 577 deliciis

186 630 218 686 et
245 620 362 684 adesse
380 617 512 685 blioreis
532 617 722 704 priellarttm.
761 623 799 684 ln
820 622 883 686 hoc
904 623 976 684 loco
997 610 1111 683 beatus
1132 622 1182 683 vir
1204 621 1362 682 continue

185 729 300 809 flebat,
322 720 507 790 etedrnem
528 721 731 790 obedientiae
751 725 859 794 inedia
881 725 1093 810 subjugabat,
1117 723 1175 786 die
1196 739 1236 784 ao
1257 731 1362 786 noete

184 839 300 918 pectus
321 829 523 912 verberabat,
527 836 578 892 'et
600 830 663 894 sibi
681 833 783 902 iratus
805 839 837 893 et
859 831 981 914 rigidus
1004 830 1132 894 deserte
1152 829 1361 910 penetrabat,

185 943 218 996 et
238 934 348 997 socius
380 934 519 998 ferarum
541 943 574 996 et
595 936 800 1016 scorpionum
831 947 909 999 erat
957 931 1056 997 Porro
1091 934 1124 994 iu
1155 933 1218 995 linc
1238 941 1360 994 saneto

184 1038 257 1102 loco
290 1038 556 1121 decreveramus,
600 1039 727 1120 quaudo
759 1057 854 1122 mane
888 1017 929 1102 de
960 1039 1143 1102 Jerusalem
1169 1038 1359 1133 exivimus,

182 1149 392 1226 pernoctare,
425 1149 456 1204 et
479 1143 746 1212 circumuentas
737 1163 770 1207 ιιι
801 1145 882 1224 ipsis
918 1107 1074 1206 aediliciis
1103 1148 1149 1202 et
1158 1141 1259 1205 ruinis
1288 1158 1357 1202 nou

183 1247 389 1309 invenimus
404 1237 592 1326 quiescendi
635 1246 758 1329 locum,
803 1265 864 1310 nec
901 1238 994 1311 extra
1034 1263 1142 1308 muros
1172 1246 1206 1306 in
1238 1261 1355 1324 eampo

184 1367 316 1411 manere
347 1351 506 1431 potuimus
534 1358 664 1433 propter
699 1352 762 1414 loci
791 1347 1036 1414 immunditiam.
1081 1348 1232 1436 Vidimus
1266 1347 1354 1408 euim

183 1453 445 1519 numerabilem
467 1454 700 1520 multitudinem
722 1472 909 1537 magnarum
927 1427 1189 1540 vespertilionum
1211 1454 1355 1514 circum-

184 1554 379 1639 volantium,
414 1541 503 1642 (pilia¹
523 1559 572 1622 sol
608 1562 818 1646 occubuerat,
860 1568 893 1620 et
923 1561 1028 1621 noctis
1064 1549 1239 1621 diluculum
1272 1561 1353 1616 erat

182 1661 358 1724 Dicebatur
379 1671 485 1724 autem
521 1663 631 1746 nobis,
661 1662 747 1746 quod
773 1670 888 1726 'essent
920 1663 1041 1724 mtdtae
1071 1661 1203 1724 alterius
1229 1659 1354 1741 speciei

183 1766 430 1865 vespertiliones
449 1765 600 1850 majores,
613 1755 790 1830 clunibus'
782 1786 821 1830 ιιι
837 1767 941 1829 modis
962 1769 1047 1828 sicut
1068 1765 1244 1846 columbae,
1265 1780 1352 1844 quae

181 1871 216 1932 iu
237 1855 342 1952 plenis
364 1873 507 1935 tenebris
528 1873 777 1953 circumvolent,
804 1871 998 1956 insidientur
1019 1870 1245 1953 singulariter
1244 1867 1353 1932 homi-
1452 1857 1453 1871 ¹

182 1975 278 2037 nibus
300 1985 332 2038 et
354 1979 535 2058 impetuose
555 1994 593 2038 se
614 1978 792 2059 iugeraut'
784 1997 816 2038 ιιι
838 1976 978 2038 hominis
999 1976 1122 2038 vultum
1132 1982 1272 2058 ,aperto
1294 1989 1352 2034 ore

182 2090 217 2143 et
238 2080 389 2144 dentibus
422 2081 677 2164 apprehendant·
694 2081 833 2143 hominis
854 2099 983 2163 nasum,
1017 2099 1081 2164 quo
1101 2080 1145 2140 iu
1175 2081 1242 2140 ictu
1266 2076 1351 2138 oculi

187 2194 351 2267 amputato
373 2187 505 2248 awleut
534 2194 631 2267 capta
661 2185 716 2247 illa
738 2185 866 2266 praeda.
912 2187 1081 2256 Habentes
1105 2186 1223 2266 longos
1250 2197 1349 2252 nasos

169 2279 259 2367 ,ιιῖιιι
288 2286 322 2350 iu
352 2289 467 2368 ,majori
496 2289 649 2372 periculo.
701 2291 794 2351 Haec
823 2295 930 2351 autem
966 2289 1135 2374 audientes
1163 2286 1348 2369 diligentius

182 2411 244 2453 nos
266 2379 530 2473 observavimus,
560 2410 660 2454 manu
681 2400 795 2458 nasum
825 2399 985 2474 tegentes.
1029 2393 1223 2458 Audiuimus
1252 2390 1347 2450 etiam

181 2493 294 2584 sibiips
312 2494 489 2558 multorum
511 2497 698 2576 serpentum
725 2497 767 2558 de
799 2499 950 2562 cavernis
981 2517 1140 2560 murorum
1163 2495 1347 2558 exeuntium

180 2590 222 2661 ad
243 2607 380 2680 pastum.
424 2599 534 2661 Locus
555 2601 651 2662 etiam
685 2597 924 2689 extramuros,
962 2605 1081 2685 inquo
1106 2589 1288 2679 stabamus,
1311 2603 1347 2658 ut

138 2782 142 2790 .
179 2705 214 2766 iu
237 2719 276 2764 eo
298 2721 396 2766 onera
409 2703 670 2786 ¹deponeremus,
708 2714 777 2768 erat
798 2705 940 2788 repleius
961 2705 1169 2771 foraminibus
1191 2702 1347 2766 vermium

181 2816 215 2871 et
242 2810 460 2892 'scorpionum
514 2812 652 2894 iusuper
684 2810 724 2873 de
757 2812 836 2873 meri
877 2821 1000 2874 mortuo
1037 2812 1150 2874 nobis'
1169 2808 1347 2890 propinquo

180 2915 375 2978 exhalabant
395 2915 483 3000 soliti
504 2915 657 2998 foetores,
674 2934 755 2997 quos
777 2935 836 2998 per
855 2925 980 2978 noctem
997 2917 1159 2978 sustinere
1179 2910 1348 2973 videbatur

179 3003 277 3084 no'bis'
295 3021 504 3096 intolerfflle‘.
551 3021 619 3084 Sed
644 3030 676 3082 et
697 3023 786 3104 ipsos
814 3021 979 3082 Beduiuos
1007 3019 1133 3092 Arabes
1157 3015 1347 3094 etdladia-

178 3127 265 3190 uitas
287 3129 460 3211 timuimus,
481 3148 524 3190 ne
546 3125 630 3196 forte
649 3115 919 3207 supervenientes
944 3134 1040 3187 nocte
1062 3141 1122 3186 nos
1148 3121 1344 3186 tribularent.
1452 3113 1453 3172 ἒ

178 3229 223 3288 Et
250 3230 302 3290 bis
329 3229 370 3289 de
399 3207 508 3292 causis
537 3230 747 3292 resumsimus
779 3231 1063 3326 ariorumuuibus·
1084 3228 1233 3291 ascensis
1265 3225 1346 3290 mari
1452 3289 1453 3296 ,

179 3337 303 3392 mortuo
325 3331 454 3394 dorsum
478 3331 641 3413 dedimus,
674 3341 707 3393 et
725 3335 760 3394 in
783 3329 925 3397 tenebris
954 3343 1066 3396 eontra
1097 3340 1222 3417 montes
1243 3328 1346 3392 lsrael
1452 3389 1453 3400 ,

177 3435 396 3515 processimus
423 3454 483 3516 per
509 3435 574 3496 lata
597 3444 629 3496 et
650 3421 795 3502 taediosa
829 3441 1038 3521 campestria,
1073 3421 1251 3521 inquibus
1279 3451 1345 3496 uon

177 3537 371 3620 complacuit
392 3539 485 3602 uobis
509 3557 651 3622 manere,
672 3541 731 3604 sed
753 3543 795 3605 ad
816 3543 1085 3608 montana-lsrael
1107 3539 1357 3608 festinavimus..
1452 3563 1453 3572 ¹

176 3643 231 3705 Ad
251 3641 379 3708 radices
401 3659 479 3724 ergo
501 3644 655 3706 montium
681 3647 759 3710 curri
775 3649 1000 3729 venissemus,
1030 3646 1150 3710 vallem
1183 3641 1342 3727 quandam

176 3748 360 3828 umbrosam
385 3746 583 3826 intravimus
602 3759 634 3813 et
655 3751 930 3834 percrepidinem
948 3755 982 3813 in
1009 3752 1074 3813 alta
1095 3748 1343 3814 conscendimus

176 3860 209 3914 ct
230 3851 273 3915 ad
293 3853 455 3925 tutissima
482 3848 555 3918 loca
586 3854 748 3939 Euggadi
769 3859 979 3938 pervenimus
1007 3857 1103 3939 paulo
1132 3863 1206 3918 ante
1238 3855 1342 3915 noctis

174 3955 331 4040 medium,
353 3963 387 4020 et
407 3958 539 4048 invento
562 3959 633 4023 loeo
653 3965 730 4043 apto
753 3960 876 4024 bestias
899 3959 1029 4023 famulis
1051 3962 1174 4024 uostris
1194 3959 1341 4039 resigna-

174 4063 282 4126 vimus
325 4071 358 4125 et
388 4041 675 4152 comedentes‘de
696 4065 837 4128 sacculis
858 4068 981 4129 uostris
1003 4066 1156 4150 reliquias
1187 4060 1341 4147 produxi·

174 4185 247 4232 mus
279 4177 314 4231 et
333 4168 447 4231 reiecti
477 4185 607 4252 sumus,
625 4178 675 4248 ,et
703 4170 736 4232 iu
765 4189 804 4232 eo
835 4170 924 4254 loco,
957 4189 1021 4253 quo
1043 4158 1185 4252 qudibet
1213 4165 1341 4229 sederat
1450 4191 1451 4232 1

174 4271 216 4334 ad
246 4273 495 4412 corrpdeud'um,
525 4274 574 4356 ibi
590 4273 664 4351 'sibi
695 4275 819 4356 aceepit
850 4274 956 4339 locum
978 4273 1019 4337 ad
1042 4271 1296 4364 decerpendum„
1309 4279 1341 4340 et
