2842 4882
584 349 589 354 Ι
622 251 682 316 ιιι

55 445 240 518 torrentes,
261 433 518 515 valles,montes
542 441 575 514 et
595 431 695 496 coiies
718 432 951 516 progrediendo
972 449 1090 514 versus
1110 433 1240 518 plagam

54 540 318 604 meridionalem.
341 541 470 604 Interea
489 537 654 620 regionem
668 547 699 600 ot
717 519 879 603 desertum
893 538 1095 606 Gebelbelcll
1112 538 1242 601 arabice

56 647 184 708 dictum
206 638 348 728 ingressi
369 631 492 723 snmus,
514 643 547 703 in
580 660 644 724 qno
673 640 802 705 deserto
829 645 978 709 altissimi
1006 652 1132 708 montes
1162 636 1241 706 sunt

56 751 230 833 coagulati
245 747 487 830 iimpidissimis
519 746 670 829 rupibus,
696 752 730 808 et
752 753 819 810 tcto
848 745 975 811 dioillo
996 748 1079 811 inter
1102 747 1240 810 medium

57 856 218 918 montium
235 833 454 917 transivimus.
485 849 560 913 Sole
583 859 688 914 autem
704 867 855 914 occasum
873 859 1003 935 petente
1024 853 1057 914 in
1079 850 1242 914 desertum

57 959 238 1042 Magareth
260 957 380 1020 dictum
414 947 577 1018 venimus
593 955 653 1016 sub
676 955 836 1028 montanis
867 959 900 1018 in
932 955 1039 1018 iocum
1070 973 1241 1018 arenosum

22 1053 23 1088 ¹
57 1065 174 1148 ibique
195 1064 333 1125 tentoria
353 1061 483 1124 fiximus
505 1067 538 1121 ot
560 1067 722 1122 sarmenta
744 1061 1018 1143 comportavimus¹
1033 1056 1075 1120 ad
1096 1073 1243 1140 coquen-

59 1168 171 1234 dumu
195 1169 300 1230 Porro
332 1185 433 1247 prope
454 1183 525 1246 nos,
557 1173 593 1226 ut
625 1163 817 1247 apparebat,
846 1169 916 1224 erat
943 1181 1037 1225 mous
1067 1161 1244 1245 singularis
1312 1237 1330 1262 θ

59 1271 226 1336 rotundus
257 1268 342 1332 altus
374 1276 407 1330 et
429 1267 469 1330 ad
503 1267 742 1331 ascendendum
765 1265 888 1349 facilis,
916 1267 950 1329 in
975 1267 1047 1350 ejus
1076 1269 1244 1330 cacumine

22 1401 23 1410 ι
60 1377 161 1460 quasi
177 1373 337 1458 quoddam
351 1369 531 1436 aedificium
546 1372 720 1456 apparebat
730 1391 739 1454 ;
751 1372 837 1434 hunc
853 1381 990 1434 montem
1000 1371 1086 1455 (88
1094 1377 1139 1450 a)
1153 1371 1244 1434 desi-

60 1481 178 1544 deravi
211 1477 389 1540 ascendere
420 1477 461 1540 ad
485 1476 676 1561 videndum,
698 1474 778 1560 quid
802 1482 892 1538 esset
913 1476 947 1538 in
969 1495 1026 1562 ec,
1049 1487 1080 1540 et
1113 1476 1155 1540 ad
1176 1477 1243 1539 cir-

22 1593 25 1638 Ι
62 1582 343 1666 cumspiciendum
366 1601 424 1665 per
449 1582 622 1650 desertum.
667 1581 777 1643 Grave
806 1589 913 1643 tamen
942 1581 1021 1645 mibi
1042 1590 1112 1644 erat
1138 1580 1243 1644 solnm

22 1701 25 1740 i
59 1695 112 1756 iro
151 1707 213 1752 nec
255 1705 347 1770 spem
378 1687 476 1750 habui
507 1685 548 1749 de
582 1685 777 1751 inveniendo
811 1684 902 1748 socio
930 1685 1015 1749 inter
1043 1688 1242 1769 peregrinos

22 1807 25 1852 ι
61 1796 221 1858 Assumsi
243 1801 352 1854 tamen
368 1792 512 1853 animum
541 1799 573 1850 ct
606 1787 757 1851 derelicto
790 1790 936 1853 exercitu
967 1791 1063 1873 quasi
1094 1785 1243 1853 oraturos

22 1919 24 1956 ι
61 1897 156 1962 solus
182 1899 216 1960 iu
238 1913 386 1976 campum
408 1895 554 1976 processi
583 1893 669 1954 etin
691 1893 837 1964 cumulos
858 1911 1027 1956 arenarum
1048 1896 1136 1977 veui,
1158 1895 1244 1955 inter

22 2023 25 2064 ι
61 2020 148 2085 quos
173 1999 392 2062 deambulans·
415 1993 703 2059 coutra‘moutem
738 1997 877 2058 festinus
893 1997 955 2074 ivi
987 1996 1075 2060 nullo
1104 1997 1239 2059 sciente.

22 2129 25 2192 μ
62 2105 144 2168 Post
165 2104 264 2166 horae
292 2110 398 2162 autern
429 2099 632 2182 spatiumad
665 2099 805 2162 radicem
837 2100 956 2163 montis
986 2101 1081 2182 veui,
1100 2100 1241 2182 'muitum

22 2237 26 2278 ι
63 2219 175 2294 ιιιιιοηι
196 2202 310 2268 fefellit
331 2223 382 2265 rue
405 2206 523 2266 montis
545 2206 790 2288 aspectus,.qui
812 2205 963 2267 remotior
982 2223 1004 2266 a
1024 2205 1145 2266 nostris
1167 2211 1242 2264 ten-

62 2313 153 2377 toriis
176 2311 324 2393 distabat,
341 2328 438 2392 quam
467 2310 690 2391 aestimabam,
703 2318 735 2370 et
757 2309 855 2390 multo
876 2309 970 2371 altior
986 2307 1142 2390 ot'major
1163 2315 1242 2390 erat,

22 2451 24 2486 ι
65 2436 160 2502 quam
188 2417 371 2497 apparebat.
415 2415 478 2476 His
502 2422 608 2476 tamen
633 2433 696 2477 nou
728 2416 932 2478 obstantibus
953 2422 1066 2498 coepta
1088 2411 1244 2496 perlicere

63 2521 154 2586 volui
187 2530 219 2583 at
241 2538 299 2602 per
319 2520 438 2582 montis
466 2520 586 2583 clivum
609 2521 818 2603 praecipitem
848 2521 932 2584 intra
957 2517 1109 2600 scopulos
1131 2524 1165 2579 et
1186 2534 1244 2598 per
1357 2532 1366 2540 ·

22 2645 148 2690 saxa
169 2625 345 2708 asperrima
366 2623 508 2687 ascendi
522 2635 553 2688 ct
586 2643 657 2700 curp
683 2624 780 2689 multo
809 2624 919 2702 labore
946 2633 978 2686 ct
999 2623 1117 2686 sudore
1137 2639 1244 2704 usque

22 2769 24 2808 ,
64 2733 98 2796 in
119 2749 189 2812 epus
201 2745 355 2792 cacumen
378 2730 465 2810 veui,
467 2729 535 2792 nbi
557 2729 636 2792 nibil
657 2713 774 2792 aliud'
766 2731 887 2811 iuveni,
903 2729 966 2791 nisi
989 2746 1138 2810 maguam
1156 2742 1240 2788 cou-

22 2879 23 2918 ,
65 2835 187 2916 geriem
210 2831 353 2913 lapidum
384 2849 484 2912 super
514 2835 712 2898 seinvicem
742 2834 919 2915 positorum
940 2833 973 2893 iu
1004 2831 1112 2894 altum.
1157 2829 1242 2894 Steti

22 2977 24 3020 ,
68 2955 145 3019 ergo
176 2945 211 2997 et
231 2937 447 3023 circumspexi
481 2944 513 2997 et
534 2937 613 2999 nihii
633 2936 699 2998 vidi
721 2955 778 3018 per
799 2937 977 3018 circuitum,
999 2935 1062 2997 uisi
1086 2933 1240 2998 vastissi-

22 3085 24 3128 ,
69 3059 152 3104 mam
176 3036 596 3128 solitudinemmontibus,
618 3039 754 3102 collibus
788 3049 820 3101 et
847 3039 1042 3102 torrentibus
1065 3037 1243 3132 distortam,

22 3189 23 3230 ,
68 3149 184 3225 inqua
209 3160 270 3205 nec
292 3143 416 3205 bestiae
447 3161 508 3204 nec
540 3161 621 3206 aves
650 3160 712 3205 nec
743 3144 890 3206 homines
919 3142 1082 3227 habitant,
1104 3145 1244 3212 tentoria

22 3283 23 3332 ι
68 3259 172 3312 autem
191 3253 347 3310 nostrast
369 3249 545 3311 exercitum
560 3247 670 3312 videre
692 3267 756 3310 nou
769 3248 860 3330 potui
881 3256 1010 3330 propter
1024 3248 1242 3326 remotionem,

71 3362 195 3417 montes
218 3360 325 3414 autern
346 3352 437 3415 albos
460 3361 492 3415 et
511 3354 621 3436 nigros
642 3352 709 3416 vidi
731 3362 763 3414 ot
785 3361 883 3416 totam
906 3362 1011 3416 terrae
1039 3352 1243 3437 superficiem

69 3459 151 3526 solis
173 3456 342 3520 ardoribus
363 3457 524 3536 adustam,
547 3475 609 3520 noc
640 3457 761 3541 aliquid
791 3457 896 3520 viride
922 3457 988 3521 vidi
1022 3477 1157 3542 parvum
1188 3467 1244 3534 aut

69 3582 236 3647 magnum,
261 3560 321 3624 sed
341 3563 462 3626 infelici
495 3563 667 3626 sterilitate
698 3562 912 3624 maledictum.
957 3560 1115 3628 cumulus
1137 3573 1260 3634 autem,

69 3669 205 3752 iapiduru
234 3669 268 3729 in
301 3668 469 3730 cacumine
489 3676 558 3730 erat
581 3671 658 3730 viae
685 3669 829 3752 signum,
852 3685 925 3729 nam
946 3668 1065 3752 ubique
1094 3687 1153 3753 per
1184 3669 1244 3732 de-

68 3785 183 3838 sertum
202 3775 235 3834 in
256 3772 365 3835 acutis
387 3771 550 3834 montibus
567 3781 647 3836 ¹suut
677 3772 796 3836 cumuli
817 3772 959 3856 lapidum
985 3767 1103 3857 erecti,
1124 3773 1242 3857 quibus

70 3885 270 3960 monstratur,
285 3895 343 3960 per
358 3894 441 3960 quas
464 3874 567 3940 vallos
582 3879 636 3940 'sit
651 3877 907 3962 ingrediendum,
933 3886 975 3940 et·
986 3879 1050 3940 nisi
1070 3876 1127 3941 illa
1145 3878 1242 3958 sigua

71 3986 188 4062 essent,
205 3996 299 4042 neruo
314 3989 426 4060 posset
442 3979 603 4043 desertum
620 3991 800 4064 penetrare,
815 3982 891 4064 quia
901 3990 935 4044 ut
955 3980 1125 4063 plurimum
1138 3979 1243 4062 majo-
1337 3987 1342 3996 '

75 4101 127 4146 rcs
141 4082 244 4144 valles
265 4101 329 4145 non
342 4084 474 4166 perviae
495 4084 652 4166 sunt,sed
672 4086 705 4146 in
720 4085 973 4148 extremitatibus
994 4084 1136 4167 clausae,
1148 4091 1180 4146 et
1200 4084 1253 4147 ita'

71 4196 235 4272 postquam
261 4185 376 4268 aliquis
397 4189 502 4250 tribus
523 4196 577 4250 ant
596 4198 732 4272 quatuor
751 4187 865 4268 diebus
883 4188 1080 4252 ambulasset
1102 4185 1244 4268 sequens

70 4291 164 4355 valiis
193 4289 293 4372 viam,
316 4290 444 4368 tandem
466 4291 571 4353 redire
593 4300 771 4374 cogeretur.
815 4292 872 4356 Sic
898 4294 993 4355 etiam
1021 4299 1072 4354 est
1102 4291 1135 4354 iu
1164 4294 1242 4354 mari
