2962 5022
221 573 256 628 et
286 561 461 630 mirabilem
488 560 621 645 fatigem
648 579 723 626 eum
753 563 924 645 peregrino
944 561 1000 626 illo
1025 563 1203 626 habuimus.
1248 565 1376 628 lauden

220 667 292 731 Deo
329 665 505 728 auxiliante
542 661 620 746 (4¹7
640 667 687 747 a)
726 666 760 728 in
799 665 955 728 vertieem
996 667 1113 728 montis
1145 665 1252 748 Synai
1295 671 1378 732 verti-

220 787 304 850 mus,
324 769 366 833 ad
390 768 573 852 angelicum
611 768 818 850 sepulchrum
832 769 1185 852 tutissimaevirginis
1207 769 1244 832 S.
1268 769 1379 834 Callia

219 873 318 936 rinae.
360 871 561 936 Proeidlmns
590 891 669 955 ergo
700 881 734 934 et
764 889 837 934 oum
870 870 1042 935 devotione
1075 872 1178 935 locum
1206 877 1296 936 saeri
1316 894 1378 937 oer-

217 976 307 1059 poris
333 995 391 1059 per
416 977 552 1057 angelos
573 977 733 1058 apportati
755 973 933 1054 deoseulati
954 993 1067 1037 surmus
1095 984 1129 1037 et
1159 976 1372 1060 indulgentias

219 1083 407 1163 aeoepimus
438 1079 519 1164 (†),
542 1078 754 1142 decantantes
783 1079 882 1162 prius,
904 1097 989 1162 quae
1008 1081 1138 1161 signata
1158 1081 1328 1144 habuimus
1345 1083 1372 1143 in

219 1181 453 1266 processionali
474 1192 581 1246 terrae
599 1191 742 1245 senene.
786 1182 885 1258 Porro
918 1191 1006 1271 post,
1024 1185 1201 1244 orationem
1233 1184 1375 1246 consedi-

229 1304 314 1370 mus,
335 1297 368 1348 et
385 1287 574 1369 ineeperunt
596 1286 737 1368 flagrare
765 1284 925 1348 desiderio
945 1288 1039 1368 panis
1061 1294 1093 1347 et
1115 1302 1220 1368 aquae
1240 1295 1274 1347 et
1294 1287 1378 1369 quili-

224 1390 281 1454 bet
314 1391 444 1475 optabat
476 1408 514 1453 se
544 1390 663 1452 habere
696 1408 805 1452 seeum
835 1397 976 1476 sportam
1009 1408 1100 1452 suam
1128 1399 1163 1452 et
1188 1391 1376 1471 amphoram.

221 1493 344 1557 Neseio
371 1504 496 1574 autem,
530 1511 594 1576 qua
624 1493 826 1574 providentia
847 1493 987 1575 aooidit,
1008 1502 1043 1555 ut
1064 1510 1126 1575 ego
1148 1492 1241 1554 solus
1264 1512 1378 1556 meeum

219 1597 371 1660 haberem
400 1604 546 1678 sportam
576 1613 649 1658 eum
679 1597 893 1679 paximatiis,
907 1601 980 1659 ovis
998 1596 1099 1678 duris,
1119 1596 1271 1660 carnibus
1294 1597 1381 1659 iumi-
1410 1605 1416 1628 ¹

219 1700 318 1782 gatis,
333 1707 367 1761 et
386 1717 494 1782 mseo,
510 1716 603 1781 ¹quae
622 1695 682 1782 pr'o
698 1721 751 1764 me
760 1703 831 1783 ipso
853 1700 999 1782 tuleram,
1021 1699 1075 1761 alii
1091 1701 1199 1761 omnia
1220 1717 1284 1762 sna
1303 1701 1380 1762 inle-

219 1803 288 1864 rius
315 1820 387 1865 oum
411 1803 592 1888 peregrinis
614 1806 853 1868 remanentibus
875 1803 1071 1884 dimiserant,
1093 1810 1127 1864 et
1147 1802 1317 1887 videmos,
1338 1823 1381 1866 me

218 1923 297 1970 esse
310 1949 313 1958 ·
326 1909 512 1990 provisum,
549 1909 853 1991 neugratulabautur
890 1907 1017 1990 quidem
1049 1907 1126 1968 mihi
1155 1917 1187 1968 et
1214 1909 1378 1990 providum
1436 1939 1437 1944 ¹

196 2030 274 2076 ,me
302 2007 539 2095 praedicabant,
561 2012 725 2094 sibiipsis
745 2032 825 2076 vero
847 2006 1095 2094 indignabantur
1116 2010 1157 2072 de
1177 2011 1381 2094 negligentia,

221 2125 254 2179 et
280 2116 494 2199 petebantme
513 2124 607 2199 unns,
628 2125 664 2180 nt
685 2114 792 2178 darem
806 2115 868 2178 sihi
889 2114 1064 2198 pauxillum
1085 2117 1190 2197 panis,
1212 2115 1298 2179 alter
1318 2137 1382 2180 ma-

222 2220 329 2284 diuum
357 2221 482 2302 earnis,
514 2219 599 2282 alius
628 2237 739 2301 parum
774 2221 862 2282 emet
884 2227 917 2280 et
941 2221 1049 2301 panis,
1076 2219 1131 2281 alii
1151 2219 1304 2282 haustum
1324 2221 1385 2282 viui
1438 2253 1439 2308 p

217 2325 420 2408 quaerebant
441 2345 461 2388 o
484 2344 544 2386 me.
590 2325 721 2412 lloout
742 2322 829 2404 vidi,
847 2322 1043 2404 jucundatus
1062 2323 1108 2386 fui
1130 2332 1162 2385 et
1188 2322 1271 2385 nulli
1294 2323 1384 2406 quid·

196 2439 320 2510 'qnam
353 2426 443 2510 dedi,
475 2426 535 2490 sed
563 2437 705 2509 sportam
727 2427 846 2510 arripui
868 2436 902 2490 et
924 2429 1038 2510 omnia,
1061 2428 1202 2510 quaein
1224 2445 1267 2488 ea
1286 2437 1384 2502 eraut,

222 2531 256 2593 in
278 2533 517 2593 concavitatem
541 2541 669 2614 petrae,
703 2549 787 2614 quae
811 2530 910 2612 juxta·
937 2551 999 2597 uos
1020 2541 1109 2614 erat,
1129 2529 1230 2593 effudi
1251 2534 1288 2594 in
1308 2532 1387 2611 locu,

221 2633 277 2694 ubi
298 2643 396 2713 esput
421 2634 455 2694 S.
490 2634 688 2699 catharinae
719 2635 859 2717 positum
883 2635 1004 2720 iuerat,
1036 2645 1071 2698 et
1089 2635 1146 2726 tali
1168 2634 1293 2698 iaeetia
1312 2653 1389 2696 usus

222 2733 348 2798 nobiles
364 2750 367 2757 ⁴
382 2744 414 2798 et
448 2741 638 2820 peregrinos
680 2739 815 2800 invitavi
859 2737 994 2802 diosna:
1039 2757 1133 2819 eeee,
1163 2738 1286 2802 domini
1318 2742 1390 2820 mei,

225 2839 362 2922 provida
383 2839 626 2922 dispensatione
645 2844 764 2906 laetum
794 2851 861 2924 est,
892 2843 976 2932 quod
1007 2845 1061 2907 hie
1086 2861 1199 2905 omues
1230 2863 1298 2906 vos
1319 2845 1391 2906 sitis

223 2943 373 3026 hospites
396 2946 458 3006 mei
481 2952 514 3006 et
536 2964 597 3028 ego
624 2948 757 3011 habeam
780 2947 870 3010 solus
881 2965 1054 3030 expensas,
1076 2929 1161 3028 quod
1176 2946 1394 3012 libentissime

226 3048 353 3130 faniam,
386 3050 507 3113 utinam
531 3051 617 3114 laute
637 3053 733 3116 vobis
753 3069 927 3133 procurare
951 3069 1091 3133 possem.
1133 3049 1217 3112 Nam
1241 3067 1327 3114 eeee
1365 3053 1395 3114 iu

224 3153 287 3218 hae
308 3152 412 3237 domo,
436 3157 469 3215 iu
489 3155 553 3217 ista
574 3173 723 3238 eamera,
744 3157 778 3217 iu
799 3157 862 3218 hoo
882 3155 1000 3226 leotmo
1028 3155 1184 3218 habitavit
1205 3160 1240 3216 et
1266 3157 1396 3238 quievit

225 3257 413 3320 dulcissima
433 3276 555 3340 sponsa
575 3278 647 3321 nea
676 3260 711 3322 S.
741 3259 916 3323 catherina
948 3259 1031 3322 ultra
1062 3263 1225 3320 trecentos
1248 3277 1398 3324 annosa

224 3377 284 3421 sua
304 3364 468 3445 passione,
490 3381 574 3446 quae
596 3363 673 3426 mihi
702 3366 735 3426 iu
760 3365 932 3446 juventute
953 3361 1151 3444 desponsata
1171 3363 1258 3425 inter
1281 3383 1399 3427 omnes

224 3457 375 3525 eoelestis
394 3467 485 3548 regui
506 3468 759 3552 pretiosissimas
772 3465 1141 3551 virginesdeifioasorte
1165 3485 1185 3528 a
1207 3487 1263 3529 me
1287 3469 1398 3532 electa
1438 3461 1439 3520 l

223 3572 287 3646 est,
319 3565 459 3650 denique
476 3572 509 3632 iu
530 3571 675 3652 ejusdem
697 3573 835 3654 virginis
857 3574 943 3636 leste
973 3590 1058 3634 auno
1082 3570 1164 3634 1452
1185 3569 1261 3651 ejus
1285 3591 1399 3636 amore

227 3670 358 3733 saeculo
378 3676 561 3738 renuntiavi
594 3686 627 3738 et
649 3678 794 3754 habitum
816 3677 947 3740 fratrum
973 3674 1230 3739 Praedicatorum
1257 3681 1401 3762 accepi,

225 3782 259 3835 et
289 3792 374 3838 anno
409 3777 553 3841 revoluto
585 3778 698 3842 eodem
726 3779 778 3843 die
812 3779 1024 3844 obedientiam
1052 3779 1179 3862 publica
1208 3787 1242 3842 et
1266 3781 1404 3844 solenni
1438 3847 1439 3864 χ

223 3879 426 3960 professione
452 3883 617 3967 promissi,
648 3885 761 3967 sieque
788 3893 941 3968 perpetua
969 3883 1166 3968 obligatione
1197 3885 1313 3947 mein
1339 3887 1405 3948 Dei
1438 3867 1439 3892 ¹

224 3985 391 4048 servitium
413 3993 446 4047 et
467 3987 502 4047 in
523 3985 619 4068 hujus
646 3990 783 4072 virginis
815 3990 1003 4071 obsequium
1020 3977 1225 4070 mancipavi.
1273 3990 1407 4054 Venite

225 4105 303 4171 ergo
325 4105 446 4171 omnies,
469 4099 624 4174 quotquot
643 4094 735 4174 estis,
758 4101 875 4156 meum
888 4092 1009 4157 laetitia
1032 4093 1124 4156 edite.
1164 4091 1408 4158 Aooesserunt

160 4255 166 4264 ,
224 4189 265 4252 ad
287 4192 371 4255 hane
396 4193 620 4256 invitationem
643 4214 772 4278 omines,
796 4205 828 4258 et
852 4215 925 4260 oum
946 4196 1048 4262 multa
1068 4177 1189 4259 laetitia
1211 4197 1409 4260 manduea-
1438 4215 1439 4270 ι

224 4291 331 4354 vimus
352 4313 410 4373 ea,
447 4313 532 4376 quae
553 4297 638 4379 apud
660 4317 721 4361 nos
742 4309 842 4362 eraut.
886 4301 924 4362 ln
944 4302 1007 4366 hoc
1028 4301 1177 4364 convivio
1210 4309 1313 4363 erant
1348 4321 1410 4364 co-
1438 4283 1439 4366 l

224 4389 336 4468 mites,
368 4393 507 4476 milites,
545 4400 750 4484 sacerdotes,
778 4402 942 4486 religiosi,
968 4406 1100 4488 iusuper
1134 4403 1189 4468 alii
1216 4415 1320 4468 erant
1367 4405 1410 4468 ibi
1438 4457 1439 4462 ,
