2926 5050
117 2750 179 2826 De
203 2747 366 2828 secunde
399 2748 569 2852 ingressu
599 2747 869 2852 peregrinorum
903 2747 939 2823 in
973 2745 1187 2826 dominicum
1215 2771 1278 2825 se-

118 2869 304 2974 pulchrum
341 2871 451 2948 etde
475 2871 661 2948 creatione
706 2868 854 2947 militnm
879 2869 916 2943 in
954 2891 1001 2944 en
1041 2867 1150 2944 etde
1181 2891 1281 2945 ccm-

400 2983 628 3064 mendaticnc
653 2985 819 3086 ejusdem
842 2987 1000 3064 militiae.

160 3261 163 3268 ,
199 3189 337 3255 Decime
356 3187 496 3272 septima
517 3184 580 3270 die,
605 3199 690 3268 quse
714 3193 766 3248 est
785 3185 821 3250 S.
833 3183 944 3250 Alexli
965 3182 1164 3248 confessoris
1185 3199 1283 3268 pree-

116 3291 250 3360 cedenti
269 3311 420 3379 vespera,
434 3309 507 3357 curn
528 3291 735 3356 venissemus
756 3289 797 3354 de
818 3287 1018 3372 Bethlehem,
1032 3287 1141 3354 vocati
1163 3290 1281 3356 inimus

115 3411 233 3463 omues
255 3397 297 3459 ed
318 3399 430 3462 utrium
452 3393 563 3482 templi
584 3397 690 3462 suncti
711 3393 885 3480 sepulchri.
927 3395 1171 3460 Festinuvlmns
1193 3414 1282 3480 ergo,

116 3508 154 3562 et
174 3497 217 3560 ed
237 3499 390 3580 templum
411 3502 649 3585 descendimus,
670 3510 704 3564 et
725 3499 844 3565 multos
865 3500 1065 3564 Sarracenos
1087 3499 1216 3584 quidem
1237 3498 1282 3564 ihl

118 3604 304 3668 invenimus
326 3610 360 3664 et
391 3616 604 3689 mercatores,
625 3604 685 3668 sed
708 3606 786 3669 nihil
808 3623 936 3688 eornm,
969 3621 1052 3688 quae
1074 3604 1182 3669 mendi
1202 3619 1283 3688 pos-

117 3695 223 3791 sent,'
244 3705 362 3770 venale
395 3713 588 3793 reperimus,
621 3711 707 3800 sicut
736 3711 845 3794 prius,
877 3720 910 3774 et
941 3711 983 3772 de
1010 3711 1072 3773 hoc
1103 3707 1285 3771 conturbati

118 3808 251 3896 inimus,
273 3813 349 3895 quie
370 3812 450 3878 lassi
471 3831 513 3876 ex
527 3815 642 3878 itinere
662 3816 791 3898 luimus,
816 3823 849 3880 et
868 3829 981 3900 perum
1003 3811 1196 3898 quievimus,
1221 3827 1283 3874 nec

120 3935 257 3984 coenem
278 3918 519 4002 tecemmnnet
536 3917 594 3982 ilis
612 3937 673 4004 spe
692 3920 839 3984 velocius
866 3917 1096 4006 descendimus
1119 3920 1281 4000 putantes,
1330 3941 1334 3950 ·

118 4039 181 4110 nos
203 4022 294 4088 cibos
316 4031 499 4107 reperturos
523 4023 557 4087 in
579 4027 669 4107 atrio,
688 4042 769 4107 qnos
790 4023 1057 4088 manducaremus
1078 4023 1111 4085 in
1134 4018 1284 4102 ecclesie,

119 4121 180 4190 sed
201 4128 393 4216 nemoyillcs
416 4127 521 4192 dehet.
565 4127 688 4216 Nescio
710 4128 812 4215 enim,
843 4147 885 4190 ex
912 4144 978 4212 qne
998 4143 1117 4190 censes
1137 4125 1287 4207 contigit,-

120 4229 176 4294 vel
196 4231 272 4314 quis
293 4234 542 4317 practiceverit,
558 4232 644 4316 quod
668 4230 786 4295 domini
807 4231 960 4296 custodes
980 4231 1090 4313 templi
1113 4231 1284 4296 sarraceni

120 4335 343 4417 prohibuerint
366 4339 400 4402 in
421 4337 569 4418 civitate,
591 4337 725 4420 nequis
745 4339 927 4422 peregrinis
948 4343 1133 4418 apportaret
1154 4335 1283 4402 etheris.

545 4519 814 4630 innuen
1037 4441 1051 4490 ¹
