2842 4882
613 247 676 313 452

62 447 149 514 quac
179 428 221 493 alo
248 426 316 492 alta
344 429 423 511 rupe
444 375 552 492 scissa
571 427 731 497 *deorsum
754 445 989 516 perpraeceps
1010 429 1074 494 ruit
1104 437 1136 493 et
1160 428 1235 494 viae

61 533 207 596 directae
227 548 357 596 sursum
377 530 509 614 duccuti
530 533 729 596 obstaculum
751 535 967 617 existit,'·ita,
999 533 1084 618 quod
1104 535 1235 617 propter

61 637 180 699 molam
207 639 301 700 tstam
324 642 451 718 oportet
472 635 582 698 facero
603 637 780 700 circuitum.
822 621 918 706 tinae
938 645 1046 702 autom
1066 644 1232 720 rupturam

61 750 175 824 petrae
213 739 323 804 dicuat
347 749 498 826 tempore
525 738 642 802 Heliae
663 740 779 804 lactem
810 757 898 823 esse,
926 741 1055 824 quaudo
1084 741 1114 804 ei
1140 743 1234 804 Deos

54 844 246 926 ,mandaria
275 842 374 906 atde
393 861 494 926 specu
516 844 628 906 exiret.
672 844 715 906 lllt
736 842 811 906 dum
832 849 935 908 staret
954 861 1063 909 eorem
1085 845 1232 929 Domino,
1348 881 1350 886 ·

59 964 140 1010 ecce
160 947 320 1010 Dominus
341 919 482 1009 transiit*
497 956 529 1009 et
555 948 692 1030 spiritus
711 947 845 1031 mandis
866 956 899 1010 et
921 947 1015 1011 fortis
1035 947 1231 1044 sulrvertsus

58 1059 189 1114 montes
215 1058 247 1111 et
269 1056 443 1138 conterens
464 1057 589 1133 petras„
604 1051 845 1136 3.lteg.x1x.,
868 1051 909 1116 ale
930 1052 1016 1115 lacto
1037 1047 1121 1113 euim
1139 1050 1233 1132 juxta

59 1153 149 1218 illam
175 1163 298 1237 partem
329 1153 447 1241 montis
475 1161 527 1216 cst
554 1154 684 1219 horride
697 1166 873 1238 “petrarum
894 1163 927 1219 et
949 1156 1072 1236 rupium
1104 1155 1232 1220 eversio

10 1221 13 1338 ᾗ
59 1267 93 1318 et
120 1258 245 1340 ruptio,
275 1257 369 1339 quasi
397 1256 572 1338 singularis
602 1269 778 1350 tempestas
799 1259 843 1322 ibi
864 1265 1060 1342 grassasset.
1103 1257 1147 1320 llt
1169 1257 1233 1320 hoc
1261 1247 1265 1252 ’

10 1343 13 1362 ’
61 1361 252 1444 intelligunt
273 1361 391 1423 lectum
414 1375 490 1421 esse
510 1361 543 1420 iu
568 1367 744 1444 conspectu
757 1363 883 1446 ileliae,
904 1381 968 1426 nou
989 1361 1094 1424 solum
1115 1359 1233 1444 imagi·
1272 1407 1276 1413 .

58 1465 190 1541 native,
212 1463 272 1528 sed
293 1472 327 1525 ct
347 1463 563 1546 corporaliter.
607 1463 701 1526 Unde
727 1466 886 1549 Magister
906 1467 939 1529 iu
961 1465 1057 1548 Spoc.
1079 1465 1154 1528 hist.
1178 1463 1231 1528 li-
1281 1445 1284 1466 ⁸

59 1568 115 1648 cit,
135 1568 221 1650 quod
241 1567 387 1648 tria'illa‚
407 1567 440 1630 iu
459 1566 649 1649 quibusuou
666 1569 913 1652 eratllomiuus,
933 1579 1025 1633 eraut
1042 1567 1229 1652 corporalia·

55 1671 165 1735 Primo
192 1680 312 1735 ventus
342 1671 554 1753 fortissimus,
587 1681 758 1736 conterens
786 1681 914 1759 petras3
945 1673 1088 1737 occurram
1124 1681 1230 1746 terrac

10 1837 11 1842 ,
57 1779 243 1857 commotio,
261 1775 458 1850 subverteris
477 1783 624 1856 moutes;
645 1777 738 1840 tertio
759 1778 844 1859 iguis
864 1795 1012 1861 mugitus,
1035 1778 1229 1842 comburens

11 1963 12 1968 ἵ
56 1886 89 1938 et
111 1895 309 1943 consumens
330 1884 365 1938 et
385 1875 563 1939 iriceuoleus
586 1894 692 1960 rupes.
734 1879 778 1941 llt
804 1879 891 1943 illius
919 1878 1078 1943 horribilis
1102 1889 1228 1962 tempe-
1272 1897 1277 1908 ’

11 1973 12 1990 ’
54 1983 152 2045 statis
172 1985 271 2064 sigua
292 1978 387 2042 hodie
407 1977 573 2061 apparent.
1204 2045 1207 2050 Δ

10 2059 12 2102 ¹
139 2083 367 2170 Ascendimus
390 2101 469 2166 ergo
496 2101 556 2170 per
585 2083 741 2148 contritos
769 2067 893 2167 lapides
916 2092 950 2144 et
977 2098 1111 2146 eversas
1132 2093 1230 2164 rupes

10 2267 12 2312 Ι
54 2205 129 2250 cum
162 2204 281 2271 magno
316 2187 426 2250 labore
457 2196 489 2248 et
522 2185 641 2252 sudore
672 2196 703 2249 ct
733 2204 838 2269 paene
867 2205 972 2272 usquo
1004 2187 1037 2248 iu
1069 2185 1227 2248 verticem

55 2309 218 2356 verrimus.

138 2395 209 2460 Sub
235 2395 402 2457 cacumine
423 2395 456 2457 in
474 2393 593 2458 mortis
615 2393 698 2458 collo
718 2395 868 2458 venimus
889 2393 930 2458 ad
951 2401 1085 2480 petram,
1102 2394 1140 2456 iu
1162 2409 1227 2476 qua
1330 2477 1336 2489 x

10 2469 13 2520 ¹
52 2495 198 2564 foreman
217 2505 287 2562 eret
307 2504 342 2560 et
363 2496 449 2562 istud
472 2499 613 2562 toramen
635 2507 686 2562 est
704 2497 793 2580 illud,
816 2498 942 2583 dequo
963 2499 1099 2566 habetur
1119 2495 1224 2560 llsotli

10 2577 13 2626 ¹
51 2599 208 2667 xxxin.
251 2599 438 2670 cumcuim
456 2604 592 2685 Moyses
613 2603 772 2686 colloquio
793 2602 922 2666 Domini
943 2604 1111 2685 inseratur,
1133 2600 1225 2664 desi-

10 2683 13 2762 !
54 2685 190 2776 derelict
216 2704 330 2787 vilere
357 2706 474 2769 faciem
495 2707 558 2768 llel
586 2717 621 2769 ct
646 2708 826 2772 claritatem
851 2709 921 2772 lter.
967 2706 1030 2771 Cui
1051 2706 1224 2770 Dominust
1321 2773 1324 2778 ,

55 2825 121 2869 uon
143 2809 265 2891 poteris
286 2807 398 2871 videre
419 2787 538 2872 lactem
555 2827 677 2891 mecm,
710 2829 774 2872 uou
803 2814 887 2874 euim
914 2810 1038 2874 videbit
1059 2827 1111 2870 mc
1131 2809 1227 2870 homo

10 2981 13 3038 Ι
56 2918 90 2970 et
110 2914 215 2980 vivet.
250 2913 370 2999 Ecce,
402 2916 455 2972 est
478 2910 569 2973 locus
591 2912 675 2993 apud
696 2930 764 2994 me,
798 2915 911 2997 iuquit,
934 2922 967 2976 et
994 2911 1099 2975 stabis
1127 2927 1226 2990 super

10 3081 13 3142 ¹
55 3123 169 3193 petrae
190 3127 223 3181 et
244 3123 412 3198 pertegam
434 3123 467 3178 te
489 3114 627 3187 dextera
641 3135 723 3179 mea.
756 3119 794 3178 lu
815 3115 918 3197 ipsam
940 3114 1226 3198 ergo‘voraginem

10 3204 13 3234 ³
58 3214 138 3278 licet
165 3227 287 3283 arctam
316 3229 348 3282 et
374 3223 538 3302 strictam,
565 3221 599 3284 in
626 3238 692 3304 que
712 3221 850 3302 Moyses
878 3236 1035 3282 recurvus
1057 3221 1089 3280 io
1111 3225 1227 3280 vestra

10 3302 14 3340 ³
53 3315 172 3396 jacens
194 3325 258 3388 fuit
280 3341 301 3385 a
321 3324 458 3387 Domino
479 3324 616 3408 positus,
637 3324 827 3387 immisimus
847 3339 908 3385 nos
925 3323 1022 3385 etiam
1043 3320 1226 3385 devotionis

10 3405 13 3450 ¹
58 3439 188 3489 caussa.
237 3426 319 3491 Cum
348 3427 456 3491 labore
482 3431 566 3491 enim
596 3426 638 3492 etl
665 3427 873 3491 imitationem
900 3427 1075 3510 prophetae
1102 3427 1135 3488 lu
1163 3424 1225 3487 hoc

10 3503 13 3552 ¹
54 3523 212 3594 toramine
231 3548 291 3594 uos
310 3532 514 3598 involvimus.
556 3534 617 3596 llst
639 3532 888 3596 euim'l'oramcu
913 3531 1073 3612 paululum
1095 3548 1115 3593 a
1139 3537 1225 3593 torro
1326 3595 1329 3602 ,

11 3605 13 3646 ⁸
55 3639 172 3714 estque
198 3635 375 3706 demissum
397 3646 430 3700 et
450 3655 513 3700 non
534 3637 651 3720 mum,
682 3637 744 3698 uisi
774 3633 861 3718 quod
881 3634 945 3718 (b)
967 3635 1062 3699 homo
1083 3637 1116 3696 ln
1138 3643 1234 3706 terra¹

10 3711 13 3754 ¹
54 3739 149 3797 stans
171 3747 278 3822 potest
299 3728 444 3804 extensis
464 3738 605 3805 brachiis
626 3758 698 3802 cum
727 3741 834 3822 capite
855 3756 893 3801 se
921 3739 1141 3803 intromittere.
1185 3735 1225 3797 st

10 3841 11 3854 ¹
56 3843 162 3901 cutem
192 3843 261 3904 vult
290 3845 383 3906 otiam
414 3853 545 3926 pectore
573 3847 707 3926 intrare,
740 3852 881 3926 oportet,
913 3841 998 3926 quod
1025 3860 1063 3903 se
1096 3842 1184 3902 levet
1203 3857 1225 3900 a

10 3917 12 3960 ἱ
59 3940 148 4000 terra
180 3953 213 4005 et
243 3953 322 4008 tunc
348 3948 496 4028 brachia,
528 3957 642 4030 peetus
672 3956 705 4008 et
735 3953 834 4029 caput
863 3956 940 4010 sunt
966 3943 1096 4027 quidem
1124 3944 1222 4020 intus,

10 4017 12 4060 l
57 4037 117 4098 sed
140 4059 234 4110 crure
255 4066 325 4110 cum
349 4057 418 4112 tota
434 4054 612 4133 posteriore
633 4059 724 4138 parte
745 4059 836 4111 extra
858 4049 1038 4132 dependeat
1059 4047 1099 4108 ab
1118 4043 1225 4124 pmbi-

10 4205 11 4214 χ
56 4131 129 4218 lico,
152 4157 183 4212 et
203 4150 249 4212 ita
268 4152 363 4214 bomo
377 4151 465 4234 jacet
484 4157 577 4236 qussi
598 4155 683 4230 iptcr
705 4153 786 4215 duas
798 4154 909 4236 molas,
931 4153 1007 4238 quic
1023 4157 1095 4235 cutm
1109 4155 1223 4210 veutre

53 4236 142 4315 iacet
176 4270 274 4336 super
294 4263 416 4336 partam
433 4263 561 4344 petrae
587 4257 768 4321 inferiorem
800 4266 831 4320 ct
854 4252 1120 4338 dorsompremit
1140 4268 1222 4336 pars

57 3021 183 3092 petram
206 3031 342 3096 eamque
362 3013 567 3095 pertransibit
582 3016 685 3096 gloria
712 3031 796 3080 mea.
830 3013 952 3076 Ponam
973 3018 1009 3073 te
1028 3013 1061 3076 iu
1082 3013 1248 3074 foramcu'
1299 3085 1303 3100 Κ
1409 3005 1410 3034 ¹
