3016 4872
32 479 35 486 ·
151 445 254 523 mque
291 437 530 502 adnumerum
563 437 640 500 XX.
685 437 837 500 millium
858 453 987 504 crucem
1028 449 1224 525 receperam
1264 438 1318 503 di-

108 541 111 600 ἶ
151 550 273 627 centes,
295 561 333 606 se
354 542 440 607 velle
461 543 510 606 ire
530 544 563 604 in
584 542 765 606 subsidium
787 551 893 606 terrae
913 555 1057 629 sauctae,
1079 546 1137 629 qui
1156 544 1317 608 turmatim

150 648 192 712 sd
214 648 363 712 diversos
383 649 481 712 maris
501 656 614 730 portus
635 647 732 711 divisi
753 658 964 712 accessemnt
984 660 1017 713 et
1028 653 1142 714 inanes
1162 669 1203 713 ac
1218 649 1317 713 vacui

152 751 325 822 redierunt.
367 753 530 815 lt'erebant
551 760 674 834 autem,
697 750 784 833 quod
804 753 936 816 vetulus
958 751 998 816 dc
1021 761 1131 817 monte
1143 794 1153 837 ,
1174 753 1317 836 quiAr·

149 859 302 922 sachidas
323 875 344 920 a
364 857 503 939 pueritia
522 857 643 918 nutrire
672 867 903 941 consueverat,
935 857 1017 920 duos
1038 858 1174 922 clericos
1196 859 1317 921 cisma-

36 1029 43 1036 ,
73 1030 78 1040 ,
153 965 240 1026 riuos
268 964 365 1045 longo
397 970 541 1044 tempore
561 961 594 1022 ln
625 977 758 1023 carcere
794 959 992 1042 detinuerat,
1024 962 1080 1045 qui
1111 979 1184 1025 cum
1207 965 1319 1022 esseut

101 1141 104 1144 ,
152 1067 298 1131 homines
323 1064 434 1128 ualde
464 1066 596 1128 litterati
629 1074 661 1128 et
703 1083 761 1127 eos
793 1067 1005 1147 comperisset
1038 1066 1072 1128 iu
1104 1065 1319 1148 nigromantia

151 1171 431 1252 instructissimos,
460 1170 614 1252 asseruit,
639 1187 678 1231 sc
708 1186 881 1252 numquam
903 1169 975 1232 illos
1007 1170 1224 1250 dimissurum,
1254 1168 1318 1231 nisi

151 1293 269 1359 pueros
290 1276 487 1338 Francorum
510 1281 544 1335 et
565 1273 812 1337 Alamannorum
848 1272 894 1335 illi
919 1274 1081 1337 adducere
1112 1274 1318 1340 affirmarent.

152 1381 204 1442 Ab
227 1381 279 1443 his
298 1397 375 1461 ergo
395 1378 594 1440 affirmantur
614 1377 770 1459 praedicti
802 1379 904 1461 pueri'
925 1379 1085 1442 diabolica
1109 1377 1260 1442 illusione
1287 1383 1320 1438 et

140 1485 246 1548 'falsis
266 1483 445 1546 visionibus
467 1500 506 1544 ac
526 1483 794 1565 promissionibus
814 1482 957 1563 inducti,
980 1491 1017 1546 ut
1039 1503 1167 1548 crucem
1189 1484 1320 1565 accipe-

152 1599 233 1672 rent,
255 1589 331 1673 quia
352 1588 559 1668 nonnisi-per
581 1587 769 1649 innocentes
791 1605 909 1668 pueros
925 1587 1018 1652 Deus
1038 1591 1157 1652 terram
1173 1596 1319 1650 sanctam

151 1704 186 1756 et
196 1675 377 1757 Jerusalem
400 1709 590 1776 recuperare
612 1690 844 1758 decrevisset·
864 1693 905 1754 Et
928 1711 1000 1755 cum
1023 1693 1199 1777 adportas
1222 1691 1320 1754 maris

127 1783 331 1879 ‘vertissent
357 1797 446 1858 multi
469 1796 510 1857 de
530 1797 579 1858 eis
601 1813 621 1856 a
642 1798 755 1876 piratis
783 1797 945 1858 submersi
966 1806 1057 1878 suut,
1087 1798 1178 1861 multi
1201 1797 1319 1860 Sarra-

152 1905 243 1966 ccnis
263 1901 388 1964 venditi
409 1909 442 1960 et
464 1899 536 1963 aliis
558 1901 690 1981 exteris,
702 1898 794 1962 multi
804 1919 883 1982 prae
894 1901 1001 1970 inedia
1022 1904 1148 1983 mortui,
1170 1908 1204 1964 ct
1220 1901 1319 1983 aliqui

153 2006 196 2070 ad
228 2012 380 2087 parentes
408 2003 542 2063 reuersi.
594 2001 708 2078 Qualis
741 2002 865 2065 delusio
893 2005 1070 2086 puerorum
1093 2024 1176 2068 aevo
1207 2013 1319 2068 nostro
1384 2011 1386 2018 '

153 2108 273 2172 accidit
294 2124 377 2171 auno
396 2105 526 2166 Domini
550 2105 641 2172 1454.
670 2107 868 2186 peregrinari
898 2108 1084 2170 volentibus
1112 2108 1153 2171 ad
1174 2117 1320 2170 sanctum

147 2212 354 2278 Michaclem.
395 2205 488 2285 Quae
509 2209 724 2290 peregrinatio
745 2229 843 2292 quam
859 2211 950 2278 ,utilis
972 2212 1080 2292 luerit,
1102 2212 1224 2274 inutilia
1245 2211 1320 2274 finis
1404 2205 1407 2213 ’

72 2361 77 2372 ,
154 2299 225 2400 ejus
246 2314 406 2398 patefecit.
490 2369 493 2374 .
1011 2325 1013 2332 ·
1054 2355 1058 2364 ,

235 2413 345 2495 (204
362 2417 416 2500 Α)
429 2419 525 2482 Attno
544 2419 675 2480 Domini
698 2417 788 2483 tarr.
810 2427 885 2501 post
906 2419 1076 2482 concilium
1097 2421 1319 2510 [lateranense

152 2524 271 2605 signati
294 2531 369 2586 sunt
390 2541 486 2586 cruce
506 2525 663 2590 innuneri
685 2512 1209 2610 courtmsshaeretioosAlbigcnses,
1233 2526 1318 2588 sicut

153 2627 263 2690 Simon
293 2643 402 2690 comes
433 2627 670 2712 Meritisfortis,
707 2631 740 2692 in
773 2630 866 2694 cuius
899 2631 1052 2693 comitatu
1082 2639 1152 2694 erat
1182 2636 1317 2694 sanctus

154 2741 375 2816 paternoster
398 2733 584 2820 Dominicus
614 2743 645 2794 et
668 2731 794 2816 (luido,
827 2734 912 2797 filius
941 2735 1077 2816 praefati
1106 2737 1250 2811 comitiS,
1283 2742 1317 2796 et

152 2837 345 2918 laudunicus,
367 2835 452 2899 filius
478 2838 566 2918 regis
586 2837 795 2907 Francorum.
837 2831 949 2920 Aliqui
969 2859 1047 2902 vero
1068 2849 1101 2902 et
1119 2840 1221 2921 major
1239 2854 1318 2920 pars

151 2959 250 3002 cruce
270 2943 389 3022 signati
406 2949 482 3002 sunt
503 2941 537 3002 iu
557 2940 735 3004 subsidium
757 2951 862 3004 terrae
880 2953 1014 3006 scanciae
1045 2954 1078 3008 ct
1097 2943 1318 3026 recuperatio-

152 3063 227 3106 nem
248 3044 440 3106 Jerusalem.
481 3046 530 3106 llo
553 3045 637 3106 enim
658 3063 743 3108 auno
765 3049 942 3130 exspiravit
975 3057 1157 3130 treugarum
1188 3056 1317 3128 tempus

137 3149 236 3222 ,inter
257 3147 458 3209 Christianos
481 3156 514 3209 et
536 3147 744 3230 sarracenice,
768 3151 855 3212 unde
875 3154 1037 3215 exercitus
1049 3152 1316 3228 Christianorum,

152 3253 208 3333 qui
229 3258 303 3333 pust
315 3249 538 3314 Lateraneuse
551 3254 720 3316 consilium
731 3253 858 3318 cru'ccm
871 3267 1070 3339 acceperant,
1092 3256 1228 3318 transito
1240 3254 1318 3316 mari

150 3357 186 3419 in
217 3354 447 3418 Ptolemaidem
485 3358 539 3419 vel
575 3360 666 3420 Acon
698 3370 864 3424 venerunt.
916 3361 994 3424 llrat
1025 3371 1132 3425 autem
1164 3363 1316 3443 copiosus

151 3464 314 3524 exercitus
334 3478 407 3523 cum
428 3461 533 3524 tribus
553 3463 695 3545 regibus,
717 3465 843 3528 scillcet
862 3465 1045 3530 Jerrrsalem
1077 3476 1110 3530 et
1129 3466 1317 3548 Hungariae

153 3578 184 3627 et
206 3565 317 3649 Cypri.
359 3565 464 3628 affuit
484 3569 580 3630 mam
596 3567 662 3630 dux
680 3567 832 3633 Austrlao
854 3581 885 3634 et
907 3554 1105 3655 Pannonico,
1135 3585 1318 3654 magnaque

153 3672 266 3734 militia
285 3671 377 3754 regni
397 3673 592 3753 theutonici3
611 3689 669 3734 rex
692 3681 801 3736 autern
821 3675 1096 3760 Jcrosolymorum
1134 3686 1211 3742 tunc
1247 3681 1318 3738 erat

151 3777 322 3839 Johauues
340 3780 478 3854 nomine,
501 3778 556 3860 qui
578 3793 620 3839 ex
640 3775 723 3842 duce
734 3777 969 3844 Viennensium
989 3783 1024 3845 in
1034 3783 1173 3846 Francia
1193 3783 1317 3844 electus

154 3881 258 3944 ilrerat
279 3899 337 3946 rex
352 3881 536 3944 Jerusalem
566 3882 726 3963 prioribus
756 3885 867 3968 annis,
889 3888 941 3948 vir
961 3886 1072 3969 utique
1104 3895 1255 3950 strenuus
1283 3887 1317 3946 in

153 3988 251 4049 armis
272 3993 306 4049 ct
334 3986 491 4070 devotus,
519 4004 562 4048 ex
592 3988 695 4069 stirpe
721 3990 911 4072 progenitus
943 3990 1029 4053 illius
1058 3989 1229 4054 clarissimi
1253 3990 1317 4062 viri

153 4087 344 4172 (lotht‘redi,
379 4092 473 4173 primi
505 4090 602 4174 regis-
617 4091 911 4176 ierosolymorum,
948 4096 1001 4160 cui
1035 4091 1177 4160 conradi
1217 4109 1318 4175 quac-

153 4193 226 4256 dam
249 4195 443 4260 marchionis
463 4196 530 4260 illia
549 4195 779 4280 desponsatur,
807 4199 955 4262 et-ambo
976 4199 1061 4282 apud
1082 4199 1202 4281 'l'yrum
1224 4213 1318 4260 coro-

152 4305 280 4363 nantur.
314 4298 949 4384 Assentisitsquearmisscadbollnm
961 4311 1074 4368 contra
1083 4302 1190 4368 mucis
1203 4301 1317 4368 lroates
