2926 5050
215 607 249 666 ln
282 603 400 668 vallera
426 599 585 684 Jcsaplrat
626 609 661 666 et
689 601 825 666 transite
856 607 1000 666 terrente
1032 603 1074 668 ab
1104 605 1168 670 alia
1198 616 1297 690 parte
1328 629 1394 692 per

213 705 409 791 crepidinem
431 703 656 788 ascendimus,
683 707 739 790 qui
772 704 886 770 dividit
907 713 1049 770 montem
1071 708 1194 774 Oliveti
1222 731 1242 775 a
1270 723 1393 775 monte

212 811 412 880 offensionis.
453 811 558 873 lavia
574 819 682 874 autem
700 817 962 876 monstraverunt
983 813 1076 878 rrebis
1094 833 1190 878 unam
1211 820 1389 899 antiquam

213 916 342 982 domum
364 922 496 978 menam
517 931 616 997 cpere
641 915 770 997 iactam,
792 915 982 998 desolatam,
1004 918 1261 999 quamdicebant
1274 921 1389 984 lirisse

214 1025 340 1086 domurn
360 1015 482 1084 'dudm
507 1019 676 1084 lscamctis
710 1019 894 1104 proditoris.
951 1024 1089 1085 Domum
1127 1023 1211 1087 hanc
1246 1025 1388 1107 quidem

212 1126 415 1212 respexi-us
439 1129 473 1186 et
493 1121 719 1206 despeximus,
741 1133 902 1205 tamquam
935 1124 1063 1188 demum
1091 1124 1304 1211 discalceati,
1328 1130 1389 1213 qui

212 1233 386 1316 despectus
408 1230 468 1293 luit
489 1230 525 1292 in
546 1227 657 1290 lsrael.
700 1227 786 1292 Nam
807 1229 963 1294 licut&
986 1231 1199 1313 praecipitur:
1228 1234 1259 1294 si
1280 1233 1389 1296 irater

213 1339 323 1404 fratris
356 1335 500 1400 defuncti
530 1333 603 1397 sine
632 1332 742 1398 liberis
782 1333 920 1397 noluerit
941 1336 1101 1398 suscitare
1129 1354 1252 1415 semen,
1284 1338 1389 1401 debet

211 1462 294 1508 uxer
315 1440 458 1503 deiuncti
479 1457 551 1502 eum
574 1437 782 1520 discalceare,
806 1445 839 1500 et
858 1455 978 1520 spuere
1006 1440 1040 1502 in
1068 1440 1184 1504 taciem
1213 1441 1306 1523 ejus,
1353 1452 1389 1504 et

207 1545 267 1610 illa
290 1544 375 1607 lactc
403 1540 518 1605 demus
547 1542 621 1625 ejus
642 1541 808 1606 dicebatur
829 1541 944 1606 demus
973 1542 1168 1608 discalceati.
1211 1548 1286 1609 Hoc
1314 1547 1388 1610 irn-

212 1649 334 1734 pletum
354 1654 406 1710 est
426 1646 461 1708 in
482 1644 657 1727 apostolis,
686 1647 762 1730 quia
782 1646 915 1729 quilibet
937 1665 1046 1710 eorum
1067 1649 1229 1712 insolitum
1251 1653 1387 1733 accepit

211 1752 353 1818 efficium
375 1748 552 1834 generandi
568 1749 653 1812 lilius
674 1747 708 1812 in
730 1751 886 1834 ccclesia,
906 1769 970 1814 nen
998 1752 1061 1816 sibi
1081 1752 1141 1815 sed
1163 1752 1312 1838 christo,
1339 1775 1386 1818 ex

213 1857 423 1939 eiusncmine
441 1853 664 1918 nominandas.
708 1856 782 1918 lice
803 1864 910 1919 aulem
933 1855 1079 1918 iecerunt
1095 1857 1231 1939 apostoli
1244 1856 1385 1924 cinisio

204 1963 354 2043 'martuo‚
374 1957 480 2022 dadas
508 1963 609 2043 vero,
641 1959 717 2042 quia
744 1960 1028 2024 noluit'suscitare
1049 1978 1163 2024 semen
1185 1961 1295 2025 fratris
1314 1965 1384 2047 sui,

212 2067 360 2149 privatus
396 2072 448 2127 est
469 2064 557 2126 omni
579 2063 679 2146 benc,
700 2073 733 2127 et
754 2064 905 2146 eeclesia,
927 2081 1009 2128 uxor
1029 2063 1164 2149 Christi,
1195 2067 1282 2148 spuit
1313 2068 1383 2130 sibi

205 2169 247 2234 ¹in
268 2169 405 2250 faciem,
435 2187 508 2230 eum
541 2167 696 2250 abjiciens
734 2177 767 2230 et
797 2169 967 2232 Matthiam
998 2169 1149 2252 eligens(
1174 2169 1270 2232 Unde
1297 2169 1383 2234 nihil

183 2275 359 2360 ⁸reliquit,
386 2272 449 2336 nisi
477 2271 605 2336 demum
631 2271 820 2336 discalceati
855 2273 1025 2336 confusam
1055 2280 1090 2336 et
1105 2273 1380 2355 ignominiosam.

211 2382 308 2446 Unde
328 2377 530 2443 benedicitur
548 2377 702 2442 Proverb.
729 2377 787 2442 1⁷2
816 2375 994 2440 conturbat
1026 2376 1154 2440 domurn
1177 2393 1289 2460 snam,
1322 2379 1383 2459 qui

213 2491 356 2549 sectatur
376 2482 554 2544 avaritiam.
597 2477 680 2542 Cum
701 2480 906 2564 displicentia
918 2489 1022 2546 autern
1034 2480 1162 2545 domum
1174 2481 1257 2546 hanc
1273 2481 1382 2543 malc-

214 2588 331 2652 dietam
345 2586 634 2670 pertransivimus,
655 2585 732 2668 quie
753 2584 866 2648 domus
887 2603 1086 2668 exasperans
1107 2594 1158 2648 est
1168 2631 1179 2669 ,
1199 2585 1322 2651 Enoch.
1345 2588 1380 2650 2.

213 2823 274 2926 De
298 2820 394 2910 locc,
418 2817 478 2893 nbi
497 2817 674 2894 Dominus
698 2817 891 2894 maledixit
908 2819 1013 2894 ficum
1042 2818 1206 2906 arborem
1230 2842 1296 2920 pre
1319 2843 1379 2913 ec,

461 2937 558 3038 quod
578 2961 650 3012 non
673 2937 811 3013 invenit
835 2939 871 3013 in
895 2962 941 3015 ea
962 2939 1112 3015 fructus.

296 3122 424 3189 Relicta
444 3130 520 3205 pest
540 3137 602 3186 nos
624 3119 718 3186 demo
738 3122 884 3204 praelata
913 3123 948 3183 tn
969 3120 1133 3202 crepidine
1159 3121 1380 3202 processimus
1417 3143 1420 3146 ·

214 3232 300 3293 inter
320 3228 478 3293 maceries
499 3228 662 3304 hortorum
684 3234 718 3290 et
738 3226 981 3307 viridariorum,
1003 3227 1119 3288 inimo
1140 3229 1248 3288 autern
1269 3227 1381 3308 crepi-

208 3334 317 3415 dinis,
347 3353 367 3395 a
398 3351 462 3415 quo
483 3333 621 3396 ulterius
642 3341 694 3394 est
714 3349 885 3408 ascensus,
907 3332 1057 3394 venimus
1078 3328 1237 3392 adunam
1258 3329 1381 3412 volup-

214 3443 342 3498 tuosum
362 3433 559 3518 viridarium,
590 3435 624 3496 in
646 3443 717 3517 quo·
730 3435 900 3498 multitudo
927 3433 1061 3497 ficorum
1083 3433 1209 3516 stabat,
1240 3451 1283 3496 ex
1311 3452 1379 3515 quc

214 3541 345 3601 arbores
368 3538 486 3601 licunm
508 3537 737 3619 dependebant
758 3540 1040 3619 supermaceriam
1057 3539 1203 3601 inviam.
1231 3538 1310 3598 iiic
1326 3546 1379 3600 est

213 3643 336 3723 hortus,
357 3643 392 3703 ln
413 3649 476 3724 qu‘c
495 3640 578 3704 vidit
596 3640 697 3703 decus
718 3641 813 3705 licum
834 3644 980 3728 alonge,
1002 3663 1074 3708 cum
1096 3642 1150 3704 liic
1171 3642 1337 3724 perviam
1357 3660 1379 3703 a

213 3746 454 3810 Bethaniairet
475 3745 509 3805 in
531 3743 725 3828 Jerusalem,
748 3755 779 3810 et
801 3749 947 3811 esuriret.
991 3749 1033 3810 llt
1061 3749 1231 3828 ingressus
1251 3745 1377 3808 hortum

212 3852 319 3932 venit,
349 3849 510 3934 quaereris
548 3848 698 3930 fructum,
731 3849 791 3914 sed
825 3851 906 3914 dum·
931 3872 996 3916 non
1024 3851 1185 3914 inveniret
1206 3849 1268 3912 nisi
1287 3848 1377 3933 felia,

211 3953 383 4018 maledixit
398 3953 518 4035 arbori,
551 3961 584 4016 et
603 3955 757 4019 contiuuo
779 3957 931 4039 aruit,·nt
952 3957 1090 4020 lnrbetur
1109 3953 1213 4021 Math.
1232 3954 1284 4017 il.
1323 3953 1377 4016 De

215 4077 280 4141 qne
302 4058 376 4122 dum
407 4057 556 4141 discipuli
577 4059 776 4145 mirarentur,
799 4059 880 4123 dixit
895 4059 971 4124 eis:
1000 4062 1107 4122 Amen
1129 4057 1202 4121 dice
1223 4057 1327 4142 vebis,
1345 4058 1377 4120 si

213 4163 389 4228 habueritis
410 4162 526 4246 iidem,
547 4182 619 4226 uon·
634 4164 736 4229 selum
761 4165 803 4228 de
823 4166 888 4228 licu
908 4165 964 4228 illa
984 4165 1128 4245 iacietis,
1156 4161 1270 4225 sed'et
1285 4160 1377 4224 'huic

212 4269 313 4334 manti
335 4267 468 4351 dicetis,
496 4267 582 4331 'telle
602 4273 655 4348 te,
693 4278 725 4333 et
742 4270 832 4352 jacta
860 4277 893 4332 te
910 4271 945 4330 in
966 4286 1075 4352 mare,
1104 4269 1150 4330 ite
1177 4267 1243 4329 liat.
1282 4267 1377 4328 Haec

206 4372 660 4454 ¹tantemllitminus‘dicens,
685 4375 791 4456 'digito
808 4371 1060 4434 demonstravit
1083 4379 1224 4434 montem
1245 4370 1375 4451 oliveti,

215 4477 258 4537 ad
290 4476 385 4558 cujus
426 4477 553 4540 radices
591 4477 674 4538 haec
715 4475 845 4538 tiebant.
919 4473 957 4532 ln
994 4472 1057 4535 hcc
1098 4489 1176 4554 erge
1218 4472 1289 4534 loce
1316 4471 1376 4536 ad
