2842 4882
765 192 829 268 tlt

208 379 289 456 curo⁴
303 389 489 472 elephurte,
519 405 614 469 quero
644 385 744 448 vincit
778 403 879 448 cornu
909 393 1024 468 petens
1054 385 1089 448 in
1118 385 1273 452 molliori
1315 397 1378 469 part

208 495 368 578 corporis,
390 500 423 554 et
441 500 477 554 nt
498 491 615 554 dictum
639 497 701 571 est,
715 490 859 572 virgines
882 491 960 553 miro
983 489 1076 553 modo
1098 500 1310 559 veneratur.

291 595 444 680 Pompeio
480 613 596 678 magno
626 593 686 657 tuit
731 611 816 656 uirus
848 595 1023 657 unicornus
1055 595 1194 659 Romam
1237 595 1378 658 adducto

207 723 265 788 pro
286 699 484 786 spectaculo,
508 707 543 764 ut
564 697 641 762 dicit
662 697 818 762 tilbertus
841 697 882 762 de
905 698 1105 761 animalibus.
1128 699 1300 782 Longam
1328 719 1378 779 erg

208 827 328 872 moram
349 808 485 870 lecimus
506 802 567 866 sub
590 810 714 884 monte,
746 804 780 864 in
799 821 864 886 quo
885 802 990 865 bestia
1011 805 1131 883 stabat,
1157 813 1191 864 et
1218 805 1378 866 videbam

207 909 320 990 uobis,
344 907 428 990 qnod
451 909 537 972 sicut
558 905 630 988 ejus
650 914 803 989 aspectus
825 907 884 969 init
906 907 1001 969 nobis
1024 907 1261 990 delectabilis„
1296 912 1347 972 sic
1364 925 1378 966 n

209 1022 362 1096 aspectus
383 1021 493 1076 nester
514 1011 592 1093 sibi,
621 1010 686 1074 llxr
708 1013 792 1074 enim
827 1012 932 1074 stabat
955 1011 1076 1094 bestia,
1107 1029 1171 1075 neo
1202 1013 1303 1094 fugit
1338 1013 1378 1073 triu

209 1118 304 1182 nobis
324 1116 557 1182 recedentibus.

290 1223 329 1284 ln
356 1239 512 1304 processu
547 1228 709 1303 pastorem
743 1217 882 1282 vidimus
925 1221 1100 1282 minantem
1131 1237 1284 1303 gregem
1342 1239 1375 1301 per

209 1325 405 1407 crepidinem
435 1325 572 1407 montis,
605 1321 691 1407 quod
719 1324 863 1386 mirabile
893 1324 953 1387 tuit
981 1326 1014 1387 in
1036 1325 1140 1387 oculis
1177 1327 1329 1406 nostris,
1355 1343 1372 1382 e:

212 1427 298 1512 quod
320 1427 372 1490 din
396 1429 558 1491 hominem
580 1445 645 1491 uon
666 1427 879 1512 vidissemus,
900 1436 959 1492 eut
980 1430 1115 1492 bestiam
1135 1429 1258 1492 saltim
1284 1429 1373 1491 dome

210 1535 337 1600 stlcam.
379 1532 508 1595 Deinde
541 1533 575 1594 in
605 1532 710 1596 locum
746 1535 912 1617 venimus,
949 1535 981 1597 in
1015 1551 1079 1616 qno
1110 1531 1372 1615 deprehenditis

209 1635 375 1699 habitasse
396 1638 523 1700 noviter
540 1635 684 1720 Arabes,
707 1639 784 1723 quia
804 1637 909 1700 adhuc
931 1637 1062 1699 stabunt
1083 1638 1129 1700 ibi
1151 1638 1273 1721 aliqua
1297 1649 1370 1720 tngo

208 1740 288 1806 riolu
308 1739 349 1804 de
367 1742 549 1822 sarmentis,
569 1741 633 1803 olio
652 1749 745 1804 erent
766 1743 945 1825 combusto,
972 1760 1105 1825 quorum
1128 1743 1224 1824 ignis
1248 1743 1371 1804 nondun

209 1843 400 1936 adplenum
423 1849 711 1928 exstinctuserat,
745 1847 907 1911 timuimus
929 1864 1022 1930 crgo,
1055 1866 1099 1908 ue
1120 1847 1211 1910 forte
1241 1849 1370 1910 nobisir

210 1951 318 2035 aliquo
340 1951 411 2014 loco
433 1958 658 2031 occurrerent,
681 1954 767 2015 sicut
787 1961 819 2014 et
847 1945 981 2034 accidit,
1003 1959 1039 2012 ut
1058 1953 1198 2032 patebit.
1246 1954 1313 2015 Die
1332 1949 1369 2014 al-

211 2066 464 2140 vesperascente
488 2055 649 2118 desertum
672 2053 817 2140 Schoyle
839 2056 959 2119 dictum
981 2055 1120 2137 ingressi
1150 2074 1274 2119 sumus
1304 2069 1334 2119 et
1349 2057 1366 2116 ir

208 2162 297 2226 valle
314 2180 378 2226 uon
398 2179 500 2245 parvo
519 2161 657 2224 tentorio
679 2159 807 2223 humus
829 2170 863 2224 et
885 2159 1078 2242 diligentiori
1100 2177 1182 2222 cura
1206 2171 1307 2226 nocte
1324 2163 1366 2224 istr

210 2265 437 2350 vigilavimus,
459 2284 501 2328 ne
524 2264 652 2328 Arabes
675 2283 777 2348 super
800 2283 860 2329 nos
883 2274 1015 2347 repente
1036 2266 1214 2329 irruerent.

565 2497 699 2571 Gravis
724 2495 861 2570 deserti
888 2495 1022 2574 diaeta.

287 2673 349 2736 Die
369 2674 469 2758 xxi,
490 2693 574 2757 quae
593 2686 642 2740 est
660 2677 819 2738 Matthaei
842 2676 979 2758 apostoli
1001 2685 1033 2738 et
1045 2678 1288 2764 evengelistae,
1302 2697 1360 2764 qun

209 2786 278 2844 erat
300 2777 459 2843 dominice
489 2780 580 2844 XVl.
614 2788 690 2864 post
713 2781 887 2860 Trinitatis,
920 2799 1044 2844 summo
1067 2801 1165 2845 mane
1198 2803 1221 2847 a
1244 2783 1359 2866 Schoylr

209 2871 404 2948 recessimus
428 2895 461 2949 et
480 2905 540 2968 per
562 2886 679 2948 vallem
701 2887 783 2948 satis
798 2891 972 2948 'amoenam
995 2883 1204 2951 ascendimus
1229 2891 1358 2954 babens

207 3001 356 3074 petrosos
372 2997 504 3056 montes
529 2989 569 3052 ad
591 2999 761 3070 utrumque
783 2989 867 3051 lctus
888 2997 919 3051 et
940 2988 1037 3051 valde
1058 2990 1222 3074 excelsos,
1237 3005 1270 3054 et
1289 3001 1357 3054 erut

209 3105 334 3158 montes
356 3096 411 3156 isti
433 3095 579 3158 insuetae
602 3104 632 3156 et
655 3093 811 3158 mirabilis
834 3093 965 3174 formae,
987 3097 1080 3176 quasi
1112 3107 1229 3158 essent
1251 3095 1356 3161 casoul

208 3208 240 3262 et
262 3207 366 3262 terroe
388 3198 507 3261 fundus
529 3199 663 3263 limosus
682 3203 716 3258 et
731 3199 945 3280 graminosus.
977 3197 1092 3281 decipi
1114 3209 1222 3262 autem
1246 3201 1355 3263 faciliter

208 3311 315 3385 potest
341 3303 442 3365 forms
464 3311 496 3364 et
517 3302 685 3385 dispositio
707 3302 833 3366 illorum
855 3303 1008 3365 montium
1029 3305 1061 3364 in
1082 3303 1230 3386 subjecte
1252 3307 1354 3368 liotioor

208 3407 343 3488 poetica,
364 3409 409 3470 ita
430 3415 547 3487 tumen,
563 3405 648 3488 quod
670 3415 833 3488 ponantur
856 3415 982 3470 montes
1001 3409 1166 3471 citeriores
1184 3409 1284 3472 luisse
1300 3419 1354 3470 rou

155 3535 156 3540 ¹
208 3510 269 3571 hos
299 3511 486 3574 anteriores.
530 3509 697 3594 Siquidem
734 3511 852 3593 Dialia,
885 3513 1038 3576 montium
1072 3512 1133 3576 des
1166 3522 1199 3576 et
1230 3513 1354 3577 venatrix

208 3613 452 3696 rhinocerotum,
474 3623 507 3678 et
528 3632 664 3697 praeses
685 3616 828 3697 viarum,
849 3631 871 3676 u
897 3615 1059 3680 littoribus
1091 3619 1189 3680 maris
1219 3617 1353 3681 Eritbnel

207 3719 352 3782 venitin
374 3727 490 3783 terrem
522 3718 654 3782 Madian
680 3728 776 3782 vecta
797 3737 892 3782 curru
914 3722 1166 3803 pretiosissimo,
1188 3741 1279 3804 quem
1306 3721 1353 3782 rlbi

207 3823 297 3886 cervi
326 3823 507 3905 trabebant,
525 3823 680 3890 tendebat
701 3833 808 3888 autern
841 3826 875 3886 in
909 3824 1068 3888 altissima
1106 3833 1269 3909 montane,
1290 3843 1354 3908 anc

207 3934 336 3987 veteres
358 3921 524 3991 orchades
546 3927 766 4005 nominabunt,
786 3945 845 3992 nos
866 3947 946 3992 vero
969 3947 1027 3991 eos
1047 3939 1122 4012 post
1144 3929 1247 3992 datam
1265 3931 1355 4014 Moysi

207 4027 311 4112 legem
328 4028 417 4094 Oreb
439 4039 472 4094 et
484 4030 580 4108 Sinai,
596 4032 744 4114 dicimus,
758 4042 790 4095 et
811 4032 855 4094 ibl
870 4033 983 4095 venari
1003 4034 1141 4097 volebat.
1171 4033 1250 4096 Dum
1265 4043 1355 4097 antero

205 4131 355 4198 inlocum
373 4133 470 4217 hujus
485 4135 592 4217 vallis,
605 4135 661 4219 qui
672 4135 812 4200 nondum
826 4136 924 4198 vallis
943 4146 1022 4218 crat,
1041 4137 1196 4220 venisset,
1207 4139 1356 4221 impeditus

207 4232 266 4298 luit
302 4254 418 4300 cursus
453 4257 623 4304 cervorum
668 4257 794 4330 currum
834 4258 926 4344 snum
963 4242 1153 4306 trabentium
1165 4287 1176 4325 ,
1198 4243 1260 4326 (b)
1296 4247 1356 4330 quir
