2842 4882
647 217 716 285 393

1 433 2 462 1
98 405 298 488 currentem,
327 415 366 462 rc
387 399 417 461 si
439 408 529 461 esset
558 416 661 484 aqua,
693 409 727 464 et
755 419 828 464 cum
849 402 912 466 hoc
943 411 1030 467 totus
1061 421 1118 468 aer
1147 403 1264 489 plenus

99 501 289 584 pulveribus
321 517 387 585 est,
420 521 460 566 ac
480 504 510 568 si
531 514 620 568 esset
650 523 707 567 aer
737 505 932 590 nebulosus,
960 511 1024 591 ita,
1054 508 1140 593 quod
1167 511 1263 575 bomo

98 624 164 668 non
195 599 450 689 potast'oculnm
472 599 596 673 babere
613 618 776 693 apertum,
797 600 856 674 sed
877 629 964 674 nnnc
985 616 1111 696 cogitur
1132 624 1282 698 propter.

1 741 3 798 p
100 710 280 774 incidentes
302 712 455 795 pulveres
485 713 655 799 claudere,
690 733 776 777 nunc
798 724 928 797 propter
958 719 1189 782 necessitatem
1210 721 1264 784 vi-

100 813 196 878 dendi
226 818 351 900 cogitur
382 818 516 900 aperire.
569 813 652 882 Cum
680 827 770 884 tanto
809 827 916 882 autem
946 821 1069 903 impetu
1100 821 1265 911 projicitur

99 938 214 1001 arena,
250 931 371 984 utnon
403 920 506 983 solum
538 923 649 986 oeulos
672 922 795 1008 laedat,
829 924 888 987 sed
919 925 1112 1009 ubicumque
1146 945 1265 1010 corpus

99 1023 294 1088 denudatum
321 1025 443 1109 tangit,
466 1024 574 1095 laedit.
618 1028 663 1092 si.
677 1039 728 1093 est
747 1036 869 1092 ventus
899 1032 1079 1093 contrarius
1101 1040 1134 1094 et
1155 1040 1266 1096 contra

99 1123 230 1192 ventum
253 1129 448 1212 procedant,
469 1119 685 1199 excoecaulnr
717 1135 865 1200 homines
887 1142 920 1196 et
945 1122 1182 1218 nonnumquam
1204 1121 1273 1198 ali-¹

99 1234 155 1317 qui
178 1232 389 1304 suffocantur.
422 1232 624 1318 Quandoque
641 1247 749 1303 antem
771 1247 822 1300 est
843 1246 1020 1322 tempestas
1043 1225 1123 1304 adeo
1144 1226 1265 1319 ualida,

98 1337 186 1422 quod
208 1356 272 1401 non
300 1349 438 1421 possunt
458 1340 632 1423 procedere
662 1352 927 1408 contraventum
957 1343 1044 1407 viam
1066 1363 1176 1428 snam,
1206 1343 1266 1432 sed
1378 1378 1381 1392 ·

1 1491 2 1522 3
98 1452 224 1526 oportet
244 1444 337 1526 sequi
360 1452 512 1527 ventum,
535 1455 568 1508 et
595 1445 730 1509 durante
751 1455 945 1530 tempestate
976 1448 1106 1513 dorsum
1135 1457 1266 1514 ‘vertere

1 1613 2 1632 q
100 1549 243 1630 termino,
274 1568 339 1632 quo
370 1549 545 1613 tendebant
572 1570 630 1634 per
660 1550 760 1614 multa
781 1553 938 1616 milliaria.
981 1553 1026 1616 tu
1051 1555 1116 1618 nisi
1150 1563 1265 1621 natura

98 1651 268 1717 docuisset
283 1636 435 1737 camelos,
449 1653 535 1738 quod
549 1656 621 1718 sine
641 1673 748 1719 errore
769 1675 826 1739 per
842 1658 931 1720 invia
948 1658 1123 1739 procedere
1144 1661 1262 1744 sciunt,
1296 1711 1299 1718 ,
1384 1679 1389 1682 ·

97 1777 270 1843 numquam
291 1758 439 1822 homines
461 1759 824 1841 desertum.penetrare
845 1770 989 1843 possent.
1030 1762 1105 1826 Hoc
1129 1763 1262 1846 insuper

97 1864 272 1948 periculum
294 1863 432 1944 accidit,
453 1863 539 1947 quod
568 1862 642 1925 dum
664 1864 760 1926 vallis
782 1864 890 1950 allqba
912 1864 953 1926 de
974 1884 1059 1930 novo
1090 1874 1143 1929 est
1165 1885 1265 1946 arena

42 1966 48 1974 ’
97 1969 238 2050 impleta,
259 1966 314 2028 vel
336 1967 442 2048 fovea,
465 1965 725 2050 vel'voragines,
749 1968 834 2052 quod
855 1969 979 2033 bestiae
999 1978 1263 2050 pertranseuntes

1 2141 2 2148 χ
98 2090 170 2135 cum
188 2071 370 2134 hominibus
392 2077 424 2132 et
446 2071 596 2134 oneribus
628 2066 817 2154 merguntur
837 2055 1026 2155 profundius
1048 2082 1081 2136 et
1104 2092 1264 2136 nonnum-

1 2235 2 2250 ,
98 2194 194 2261 qnam
214 2175 343 2259 penitus
365 2174 547 2237 obruuntur.
591 2175 652 2237 Est
675 2185 779 2238 antem
803 2194 903 2239 arena
924 2176 1043 2240 deserti
1065 2179 1262 2260 tenuissima,

1 2259 2 2348 s
96 2281 161 2364 ita,
183 2277 270 2365 quod
291 2281 521 2360 optimaesset
543 2279 584 2342 ad
606 2281 774 2364 horologia
795 2300 972 2344 arenarum.

1 2361 2 2376 ¹
174 2381 274 2445 Aliud
296 2381 415 2446 deserti
436 2383 611 2466 periculum
647 2386 761 2454 recitat
787 2386 950 2450 Diodorus
976 2385 1032 2448 iile
1071 2387 1264 2470 expertius&

97 2509 188 2568 mna,
206 2472 279 2573 'qni
295 2489 353 2554 '³0
384 2490 477 2552 annis
510 2491 624 2554 Asiam
658 2490 810 2573 majorem
831 2501 1042 2575 'pervagatus
1070 2502 1138 2574 est,
1168 2493 1206 2554 [ι.
1232 2493 1261 2556 1·

96 2598 131 2661 C.
154 2597 184 2658 5.
228 2596 442 2677 Antiquarum
463 2595 686 2676 historiarum,
715 2595 844 2662 dicens:
875 2605 925 2660 est
964 2598 1047 2660 inter
1079 2594 1209 2678 Syriam
1231 2602 1264 2655 et

95 2700 281 2784 Aegyptum
302 2698 396 2778 palus
417 2697 586 2762 admodum
610 2700 786 2784 profunda,
818 2698 913 2785 quam
938 2701 1126 2764 Servoniam
1151 2697 1263 2760 dicunt
1349 2723 1355 2746 t

96 2802 264 2866 latitudine
282 2803 411 2865 omnino
431 2811 582 2885 angusta,
605 2803 770 2884 longitudo
793 2823 891 2887 super
912 2804 968 2869 CC
1000 2803 1107 2868 stadia
1128 2810 1263 2886 proten·

96 2907 190 2986 ditur,
212 2905 293 2966 locis
313 2905 426 2966 insciis
446 2907 590 2989 pericula
610 2907 776 2987 insperata
797 2908 989 2985 afferuntur,
1011 2909 1045 2970 in
1067 2915 1155 2968 arcto
1178 2903 1269 2965 enim'

1 2981 2 3018 ἶ
96 3017 294 3074 contractam
309 3025 427 3069 arenae
442 3009 559 3070 cumuli
578 3011 798 3095 circumstant,
816 3013 870 3093 qui
888 3013 972 3075 notis
986 3007 1140 3092 [motis‘l]
1156 3008 1264 3070 ventis

98 3113 211 3196 agitati
231 3112 389 3194 inaquam
405 3111 604 3194 deferuntur,
621 3113 702 3175 odeo
715 3095 813 3176 arena
824 3113 936 3196 densa,
949 3124 984 3178 nt
997 3116 1142 3178 immixta
1158 3130 1264 3195 aquae

0 3222 1 3233 ¹
96 3218 265 3280 continens
286 3216 306 3277 i.
330 3234 358 3276 e.
381 3225 467 3278 terra
489 3217 580 3279 firma
601 3215 766 3300 videatur,
789 3237 894 3300 neque
916 3217 1021 3301 facile,
1037 3217 1131 3282 'terra
1156 3218 1198 3280 sit
1221 3235 1262 3278 an

96 3339 196 3405 aqua,
221 3320 360 3382 discerni
396 3328 502 3403 queat.
547 3318 619 3399 Quo
640 3321 693 3402 fit,
726 3331 762 3384 nt
783 3323 892 3406 plnres
920 3325 1032 3406 ignota
1053 3323 1117 3386 loci
1136 3331 1262 3405 natura,

93 3445 201 3510 neque
212 3427 295 3489 viam
313 3424 429 3506 edocti,
444 3424 563 3488 vadum
583 3435 697 3490 tenens
710 3426 915 3511 [tenentes‘d]
930 3430 1100 3492 cumomni
1119 3428 1263 3490 exercitu

0 3516 1 3543 ³
93 3532 237 3616 absorpti
246 3531 319 3594 sint:
328 3528 413 3592 Nam
424 3548 563 3613 arenam,
572 3550 655 3614 qnae
665 3534 792 3594 eminus
802 3542 890 3596 stare
901 3543 934 3596 nt
946 3531 1262 3619 continensvidetur‚

1 3709 2 3714 ἵ
93 3639 234 3721 ingressi
265 3637 414 3699 labuntur
457 3634 605 3718 longius,
649 3655 821 3719 numquam
856 3625 972 3714 deinde
1005 3641 1106 3722 raptis
1135 3639 1263 3722 gurgite

93 3739 296 3824 regrediendi
320 3751 374 3804 aul
396 3742 582 3824 emergendi
603 3741 742 3804 facultas
764 3741 867 3805 datur.
908 3743 1001 3807 lrimo
1021 3745 1105 3808 enim
1125 3741 1263 3824 demersi

94 3846 213 3908 nnllam
236 3855 366 3927 sperant
400 3845 554 3928 salutem,
586 3864 658 3910 cum
686 3848 767 3908 eniti
789 3857 844 3910 ant
864 3849 912 3910 uli
937 3849 1062 3912 viribus
1091 3853 1262 3930 nequeant,

1 3922 3 3966 Ι
95 3947 154 4010 sed
186 3949 420 4013 absorbeantur
449 3952 483 4011 in
504 3950 705 4040 prolundnmss
721 3952 761 4013 ab
790 3969 904 4034 arena,
939 3971 1025 4036 aqua
1056 3950 1262 4028 circumfusa,
1357 4021 1359 4026 Ι

94 4071 169 4116 cum
191 4051 291 4114 veluti
312 4053 406 4116 limus
428 4071 533 4137 neque
556 4054 640 4118 vado
670 4073 776 4139 neque
795 4057 934 4120 navibus
955 4057 1000 4120 sit
1022 4054 1164 4139 pervius,
1179 4063 1263 4134 quae

2 4145 3 4170 ¹
96 4174 152 4220 res
171 4156 274 4220 barali
295 4175 473 4241 cognomen
496 4158 594 4225 dedit.
617 4163 723 4250 xHaec
743 4159 808 4223 ille
847 4163 982 4243 Propter
1004 4160 1154 4243 paludem
1174 4157 1259 4220 illem

2 4245 3 4272 ¹
103 4269 262 4344 coguntur
296 4270 557 4344 pertranseuntes
590 4263 778 4328 solitudinis
809 4265 946 4328 circuire
977 4263 1074 4347 longe
1105 4272 1260 4328 terrarum
