2962 5022
28 11 30 14 ’
74 42 83 53 ”
132 15 195 124 re
317 4 457 164 rusca·-

80 155 315 171 ·-·=·····=·-····-·—·-
371 155 443 164 *Ψ*

187 628 254 689 Per
275 623 372 688 maris
391 621 541 687 immensi
563 629 734 704 terraeque
754 619 897 703 padcuh
916 631 1065 705 percunt,

231 729 275 796 Ut
296 726 428 790 valeant
446 727 568 808 patrios
589 725 647 790 tuti
669 723 781 790 videre
806 723 901 790 lares.

187 833 240 896 lle
260 831 334 896 aliia
363 829 489 896 dumus
512 830 725 896 secietatlbua
755 845 885 894 carmen
913 829 1074 894 conticere
1101 829 1280 911 inceperat,

104 937 167 1000 aed
181 933 372 1019 perflcieudi
390 943 519 1019 tempus
530 953 595 998 noo
615 934 752 998 vacabat
773 941 904 1016 propter
915 933 1090 999 instantem
1105 949 1280 996 recessum.

189 1040 305 1104 Hultia
325 1039 476 1123 precibus
498 1040 607 1102 iusteti
626 1035 712 1122 apud
730 1037 911 1120 praelatura
927 1034 1088 1101 dominum
1110 1038 1281 1119 rhetorem,

103 1156 138 1210 ut
161 1147 196 1208 iu
217 1145 361 1208 carmine
382 1152 492 1207 nostro
523 1143 623 1212 illum,
641 1144 830 1226 terminum,
864 1141 988 1225 gloria,
1020 1149 1173 1222 mutaret,
1205 1141 1282 1222 quia

103 1268 169 1313 uou
190 1247 319 1314 videtur
340 1265 520 1330 congruere
548 1265 609 1312 uec
638 1249 805 1313 ueritatem
834 1247 1022 1330 importare,
1049 1241 1108 1308 sed
1131 1227 1277 1307 chtinere

104 1373 173 1419 uon
194 1355 292 1437 potui.
329 1349 367 1414 st
388 1353 490 1433 euim,
513 1352 627 1435 itrqait,
650 1352 819 1418 veritatem
842 1369 906 1414 nou
927 1351 1025 1414 hahet
1048 1349 1080 1412 iu
1102 1347 1278 1431 proposito,

104 1455 204 1518 babet
222 1455 256 1516 iu
278 1459 446 1540 opposit05
467 1457 554 1540 qaod
579 1457 709 1540 scripsi,
730 1457 856 1540 scripsi.

192 1560 304 1624 Tertia
325 1561 485 1645 eeclesia,
509 1579 593 1645 quac
615 1569 722 1624 tamen
745 1578 809 1624 riou
840 1558 933 1623 debet
961 1575 1022 1622 uec
1052 1564 1194 1622 meretur
1215 1553 1279 1619 dici

104 1663 266 1747 ecclesia,
296 1672 348 1728 est
369 1663 620 1730 Sarraceucrrrm
655 1662 828 1729 iuildelium
864 1664 1034 1746 muschea,
1065 1671 1116 1726 est
1147 1677 1277 1744 magna,

107 1765 286 1851 quadrata,
317 1785 389 1832 cum
428 1770 507 1833 turri
543 1769 674 1833 excelsa
704 1779 736 1832 ot
768 1785 914 1853 annexa,
949 1770 983 1832 iu
1011 1786 1076 1851 qua
1105 1786 1194 1832 more
1214 1784 1275 1831 auo

103 1872 306 1955 proclamant
326 1871 523 1938 diachometi
545 1873 725 1957 praeconia.
770 1873 865 1938 llaec
887 1875 1041 1940 muschea
1061 1881 1125 1936 stet
1147 1872 1181 1935 in
1203 1889 1275 1934 me·

106 1977 178 2059 dio,
199 1977 286 2040 iuter
306 1976 476 2042 ecclesiam
497 1995 648 2062 graecam
671 1984 702 2040 ct
722 1976 865 2062 latiuam,
884 1987 1045 2062 tamquam
1063 1973 1276 2063 principalior.

105 2083 144 2144 lu
170 2082 254 2146 hauc
275 2092 419 2164 tempore
440 2083 609 2174 absentiae
630 2082 772 2144 Arabum
793 2081 888 2143 ctiam
907 2079 1048 2162 ingressi
1067 2079 1196 2161 luimus,
1219 2075 1285 2142 sed·

106 2185 229 2250 nullam
253 2185 405 2269 gratiam,
440 2186 560 2256 nullate
582 2185 805 2268 deustionem,
840 2184 958 2248 trullam
987 2181 1221 2265 indulgentiam
1242 2179 1277 2242 lu

106 2307 148 2352 aa
168 2289 364 2373 reperimur,
386 2289 446 2354 sed
463 2290 594 2355 demum
618 2308 772 2372 vacuam,
795 2288 935 2372 parietes
955 2284 1135 2366 dealbatos,
1156 2282 1278 2346 nullum

107 2394 213 2457 altare
244 2395 289 2457 ibi
312 2395 513 2479 invenimus,
547 2395 624 2480 quia
655 2394 759 2458 selum
786 2392 874 2456 inani
896 2392 957 2454 ritu
988 2387 1145 2453 soluendo
1167 2387 1279 2470 ingre-

107 2499 248 2563 diuntor.
291 2497 390 2561 Aliae
411 2506 594 2564 conuentus
616 2499 765 2564 cilicinae
786 2505 862 2562 srrnt
890 2512 1013 2580 parvae
1033 2501 1066 2557 et
1087 2493 1225 2557 miserae
1246 2498 1280 2554 et

103 2603 246 2666 *cellulae
276 2601 431 2686 exiguae,
470 2601 512 2666 de
541 2603 750 2690 arundinibus
783 2608 954 2666 contextae
974 2607 1006 2662 et
1029 2597 1096 2663 luto
1118 2595 1277 2661 obductae

108 2717 139 2770 et
160 2725 261 2790 auper
280 2721 319 2767 se
338 2707 479 2770 invicem
504 2708 650 2788 innixae,
671 2705 889 2787 inordinatae,
913 2713 944 2767 et
967 2711 1042 2768 suut
1063 2701 1279 2767 domunculae
1312 2697 1315 2708 '

106 2813 192 2886 sicut
225 2809 434 2874 tabernacula
466 2821 628 2893 pastorum
662 2820 696 2875 et
734 2811 862 2894 tuguria
904 2809 1085 2890 hortorum3
1117 2806 1279 2890 dependet

107 2916 192 2980 cuim
215 2915 442 2978 monasterium
465 2935 522 2998 pro
549 2927 640 2999 parte
661 2919 694 2979 iu
715 2917 800 2978 clivo
822 2915 940 2978 moratis
961 2913 1047 2978 Oreb
1078 2922 1109 2976 ct
1141 2911 1278 2976 cellulae

106 3019 239 3082 altiores
261 3017 343 3096 (60
354 3020 401 3101 a)
422 3021 553 3082 innixae
576 3031 650 3084 sunt
684 3018 888 3084 inferioribus
911 3029 944 3084 ct
965 3018 1138 3100 sibiipsis
1160 3033 1278 3097 super·
1320 3037 1328 3050 ·

109 3126 239 3206 poeitae
259 3131 294 3185 et
315 3123 571 3210 conglutinatae,
600 3127 683 3191 sicut
705 3125 770 3188 uidi
792 3121 1003 3187 hirundinum.
1047 3121 1141 3184 ilaec
1160 3117 1278 3182 videus

104 3227 246 3310 cogitavi
265 3225 307 3288 de
327 3228 453 3306 Taxes,
475 3229 541 3292 illio
562 3229 654 3312 coeli,
678 3228 719 3293 de
737 3247 801 3312 qno
821 3227 933 3291 scribit
954 3225 1079 3288 Plinius
1099 3225 1179 3288 libro
1202 3223 1276 3287 Ne-

107 3330 220 3394 turalis
241 3331 416 3416 Historiae,
440 3334 525 3417 quod
547 3335 618 3416 ipse
640 3337 789 3397 inventur
808 3332 867 3396 tuit
889 3331 1011 3416 primus
1032 3329 1111 3394 lutei
1131 3327 1280 3410 aedilicii,

6 3417 7 3430 ¹
105 3435 257 3518 ,exemplo
285 3445 391 3500 sumto
413 3439 453 3500 ab
473 3437 709 3521 hirundinibus3
732 3439 871 3501 nondum
894 3438 979 3499 euim
1006 3433 1173 3497 architecti
1195 3449 1277 3496 ccu-

107 3549 293 3605 struxerant
312 3541 443 3624 palatia.
472 3542 564 3605 illum
584 3543 736 3606 humilem
759 3539 885 3606 modum
908 3536 1112 3604 domidcaudi
1132 3537 1295 3600 illustres

109 3646 234 3728 antiqui
256 3653 288 3708 et
309 3646 466 3728 praecelsi
488 3646 663 3710 Christiani
684 3664 744 3708 suo
766 3644 982 3709 observabant
1005 3651 1159 3723 tempore.
1192 3639 1278 3704 Nam

54 3753 56 3756 ’
109 3747 269 3812 Mmulus
292 3749 443 3816 fundator
464 3751 552 3816 urhis
583 3752 707 3815 Romae
733 3751 765 3812 in
788 3767 888 3833 parva
910 3747 1075 3812 habitabat
1104 3763 1191 3810 casa.
1235 3745 1278 3808 Et

110 3853 275 3948 Abraham
306 3853 361 3924 ille
393 3856 565 3939 praedives
599 3858 631 3917 in
665 3863 751 3917 terra
785 3853 1011 3937 promissionis
1049 3851 1213 3914 habitabat
1244 3851 1281 3912 in

108 3958 241 4039 casulis,
262 3967 297 4021 ut
318 3957 435 4023 dicitur
456 3961 556 4024 liebr.
573 3961 642 4042 XL,
661 3960 703 4023 ed
724 3977 818 4042 quem
839 3957 947 4041 angeli
966 3957 1112 4038 hospites
1133 3954 1278 4018 diverte·

108 4064 203 4144 bunt,
224 4071 259 4125 ut
275 4062 413 4126 habetur
432 4063 553 4130 Gerres.
578 4066 627 4129 18.
649 4067 695 4128 Et
716 4063 881 4146 Diogenes
903 4060 1114 4144 philosophus
1135 4057 1168 4119 iu
1190 4054 1276 4118 delio

107 4167 297 4251 quiescebat
318 4185 460 4251 semper,
483 4187 621 4251 eumque
641 4165 817 4230 secuudum
851 4183 950 4228 aurae
976 4165 1085 4238 ilatum
1117 4158 1275 4248 vertebat,

107 4281 201 4354 prout
223 4272 286 4335 sibi
313 4273 512 4336 conveniens
535 4279 614 4336 erat.
659 4268 796 4332 Ovidius
829 4268 922 4330 etiarn
955 4267 1066 4348 fingit,
1096 4259 1180 4345 quod
1214 4261 1283 4328 dun

104 4391 205 4448 seces
226 4393 388 4458 pauperes
410 4376 583 4440 Palaemon
603 4383 637 4438 et
657 4372 797 4454 llarithi,
823 4368 985 4434 habebant
1006 4367 1166 4450 tugurium
1189 4375 1277 4433 stra·

106 4480 246 4544 minibus
267 4490 451 4563 coopertum
464 4501 473 4564 ς
484 4480 523 4543 ad
545 4480 605 4542 hos
623 4479 821 4544 diverterunt
838 4456 1029 4558 ditsupiter'
1043 4480 1074 4535 et
1085 4463 1279 4554 Mercurius,
1318 4511 1323 4524 ·
