<?xml version="1.0" encoding="UTF-8"?>
<!DOCTYPE html PUBLIC "-//W3C//DTD XHTML 1.0 Transitional//EN"
    "http://www.w3.org/TR/xhtml1/DTD/xhtml1-transitional.dtd">
<html xmlns="http://www.w3.org/1999/xhtml" xml:lang="en" lang="en">
 <head>
  <title>
</title>
<meta http-equiv="Content-Type" content="text/html;charset=utf-8" />
  <meta name='ocr-system' content='tesseract 3.04.00' />
  <meta name='ocr-capabilities' content='ocr_page ocr_carea ocr_par ocr_line ocrx_word'/>
</head>
<body>
  <div class='ocr_page' id='page_1' title='image "./fratrisfelicisf02fabrgoog_0344.png"; bbox 0 0 2896 4872; ppageno 0'>
   <div class='ocr_carea' id='block_1_1' title="bbox 43 738 1254 1004">
    <p class='ocr_par' dir='ltr' id='par_1_1' title="bbox 43 738 1254 1004">
     <span class='ocr_line' id='line_1_1' title="bbox 43 738 1254 860; baseline 0.005 -41"><span class='ocrx_word' id='word_1_1' title='bbox 43 747 123 860; x_wconf 65' lang='grc' dir='ltr'><strong>(ε</strong></span> <span class='ocrx_word' id='word_1_2' title='bbox 134 741 194 856; x_wconf 78' lang='lat' dir='ltr'><strong>a)</strong></span> <span class='ocrx_word' id='word_1_3' title='bbox 204 738 399 831; x_wconf 78' lang='lat' dir='ltr'><strong>Secunda</strong></span> <span class='ocrx_word' id='word_1_4' title='bbox 414 762 511 846; x_wconf 75' lang='lat' dir='ltr'><strong>pars</strong></span> <span class='ocrx_word' id='word_1_5' title='bbox 525 739 770 854; x_wconf 75' lang='lat' dir='ltr'><strong>Evagatorii</strong></span> <span class='ocrx_word' id='word_1_6' title='bbox 783 738 943 824; x_wconf 76' lang='lat' dir='ltr'><strong>Fratris</strong></span> <span class='ocrx_word' id='word_1_7' title='bbox 957 739 1109 824; x_wconf 76' lang='lat' dir='ltr'><strong>nouus</strong></span> <span class='ocrx_word' id='word_1_8' title='bbox 1128 738 1254 825; x_wconf 77' lang='lat' dir='ltr'><strong>naun</strong></span> 
     </span>
     <span class='ocr_line' id='line_1_2' title="bbox 274 872 1061 1004; baseline -0.001 -47"><span class='ocrx_word' id='word_1_9' title='bbox 274 872 494 1004; x_wconf 77' lang='lat' dir='ltr'><strong>deliine,</strong></span> <span class='ocrx_word' id='word_1_10' title='bbox 528 873 690 958; x_wconf 76' lang='lat' dir='ltr'><strong>Ordinis</strong></span> <span class='ocrx_word' id='word_1_11' title='bbox 718 875 1061 960; x_wconf 77' lang='lat' dir='ltr'><strong>Pmedieatorum</strong></span> 
     </span>
    </p>
   </div>
   <div class='ocr_carea' id='block_1_2' title="bbox 45 1084 1258 1432">
    <p class='ocr_par' dir='ltr' id='par_1_2' title="bbox 45 1084 1258 1432">
     <span class='ocr_line' id='line_1_3' title="bbox 45 1084 1253 1188; baseline -0.004 -24"><span class='ocrx_word' id='word_1_12' title='bbox 45 1091 132 1166; x_wconf 84' lang='lat' dir='ltr'><strong>De</strong></span> <span class='ocrx_word' id='word_1_13' title='bbox 165 1085 461 1188; x_wconf 84' lang='lat' dir='ltr'><strong>peregrinatione</strong></span> <span class='ocrx_word' id='word_1_14' title='bbox 483 1111 506 1158; x_wconf 87' lang='lat' dir='ltr'><strong>a</strong></span> <span class='ocrx_word' id='word_1_15' title='bbox 529 1084 679 1159; x_wconf 78' lang='lat' dir='ltr'><strong>civitate</strong></span> <span class='ocrx_word' id='word_1_16' title='bbox 704 1095 832 1160; x_wconf 84' lang='lat' dir='ltr'><strong>saneta</strong></span> <span class='ocrx_word' id='word_1_17' title='bbox 857 1084 1066 1161; x_wconf 82' lang='lat' dir='ltr'><strong>Jerusalem</strong></span> <span class='ocrx_word' id='word_1_18' title='bbox 1089 1085 1128 1160; x_wconf 90' lang='lat' dir='ltr'><strong>in</strong></span> <span class='ocrx_word' id='word_1_19' title='bbox 1149 1109 1253 1161; x_wconf 89' lang='lat' dir='ltr'><strong>mon-</strong></span> 
     </span>
     <span class='ocr_line' id='line_1_4' title="bbox 101 1203 1258 1307; baseline -0.002 -25"><span class='ocrx_word' id='word_1_20' title='bbox 101 1218 195 1283; x_wconf 83' lang='lat' dir='ltr'><strong>tem</strong></span> <span class='ocrx_word' id='word_1_21' title='bbox 217 1205 292 1280; x_wconf 89' lang='lat' dir='ltr'><strong>Dei</strong></span> <span class='ocrx_word' id='word_1_22' title='bbox 314 1203 415 1279; x_wconf 80' lang='lat' dir='ltr'><strong>Oreb</strong></span> <span class='ocrx_word' id='word_1_23' title='bbox 449 1212 487 1279; x_wconf 83' lang='lat' dir='ltr'><strong>et</strong></span> <span class='ocrx_word' id='word_1_24' title='bbox 510 1203 548 1277; x_wconf 92' lang='lat' dir='ltr'><strong>in</strong></span> <span class='ocrx_word' id='word_1_25' title='bbox 577 1214 733 1278; x_wconf 86' lang='lat' dir='ltr'><strong>muntem</strong></span> <span class='ocrx_word' id='word_1_26' title='bbox 756 1203 873 1304; x_wconf 79' lang='lat' dir='ltr'><strong>Syriai</strong></span> <span class='ocrx_word' id='word_1_27' title='bbox 900 1205 947 1280; x_wconf 85' lang='lat' dir='ltr'><strong>ed</strong></span> <span class='ocrx_word' id='word_1_28' title='bbox 973 1205 1202 1307; x_wconf 83' lang='lat' dir='ltr'><strong>sepulchrum</strong></span> <span class='ocrx_word' id='word_1_29' title='bbox 1252 1209 1258 1214; x_wconf 79' lang='grc'><strong>’</strong></span> 
     </span>
     <span class='ocr_line' id='line_1_5' title="bbox 274 1323 1103 1432; baseline 0 -32"><span class='ocrx_word' id='word_1_30' title='bbox 274 1325 478 1422; x_wconf 83' lang='lat' dir='ltr'><strong>angelicum</strong></span> <span class='ocrx_word' id='word_1_31' title='bbox 502 1323 633 1399; x_wconf 82' lang='lat' dir='ltr'><strong>beatae</strong></span> <span class='ocrx_word' id='word_1_32' title='bbox 660 1323 881 1400; x_wconf 85' lang='lat' dir='ltr'><strong>Cathariuee</strong></span> <span class='ocrx_word' id='word_1_33' title='bbox 906 1326 1068 1424; x_wconf 81' lang='lat' dir='ltr'><strong>virginis.</strong></span> <span class='ocrx_word' id='word_1_34' title='bbox 1100 1427 1103 1432; x_wconf 19' lang='grc' dir='ltr'>Ι</span> 
     </span>
    </p>
   </div>
   <div class='ocr_carea' id='block_1_3' title="bbox 55 1503 1328 4408">
    <p class='ocr_par' dir='ltr' id='par_1_3' title="bbox 55 1503 1252 2008">
     <span class='ocr_line' id='line_1_6' title="bbox 162 1503 1252 1592; baseline 0 -22"><span class='ocrx_word' id='word_1_35' title='bbox 162 1505 315 1589; x_wconf 69' lang='lat' dir='ltr'><strong>Evagari</strong></span> <span class='ocrx_word' id='word_1_36' title='bbox 337 1503 458 1566; x_wconf 89' lang='lat' dir='ltr'><strong>denno</strong></span> <span class='ocrx_word' id='word_1_37' title='bbox 475 1505 624 1588; x_wconf 78' lang='lat' dir='ltr'><strong>incipiam</strong></span> <span class='ocrx_word' id='word_1_38' title='bbox 646 1515 721 1588; x_wconf 87' lang='lat' dir='ltr'><strong>post</strong></span> <span class='ocrx_word' id='word_1_39' title='bbox 753 1523 873 1588; x_wconf 80' lang='lat' dir='ltr'><strong>greges</strong></span> <span class='ocrx_word' id='word_1_40' title='bbox 903 1507 1014 1590; x_wconf 81' lang='lat' dir='ltr'><strong>Moysi</strong></span> <span class='ocrx_word' id='word_1_41' title='bbox 1035 1508 1077 1571; x_wconf 91' lang='lat' dir='ltr'><strong>ad</strong></span> <span class='ocrx_word' id='word_1_42' title='bbox 1098 1509 1252 1592; x_wconf 79' lang='lat' dir='ltr'><strong>interiora</strong></span> 
     </span>
     <span class='ocr_line' id='line_1_7' title="bbox 55 1610 1252 1693; baseline -0.002 -17"><span class='ocrx_word' id='word_1_43' title='bbox 55 1613 202 1676; x_wconf 79' lang='lat' dir='ltr'><strong>deserti</strong></span> <span class='ocrx_word' id='word_1_44' title='bbox 223 1619 337 1673; x_wconf 84' lang='lat' dir='ltr'><strong>eontra</strong></span> <span class='ocrx_word' id='word_1_45' title='bbox 358 1616 498 1672; x_wconf 88' lang='lat' dir='ltr'><strong>montem</strong></span> <span class='ocrx_word' id='word_1_46' title='bbox 519 1611 581 1673; x_wconf 86' lang='lat' dir='ltr'><strong>Dei</strong></span> <span class='ocrx_word' id='word_1_47' title='bbox 601 1610 705 1693; x_wconf 76' lang='lat' dir='ltr'><strong>Oret»,</strong></span> <span class='ocrx_word' id='word_1_48' title='bbox 738 1613 845 1674; x_wconf 75' lang='lat' dir='ltr'><strong>Exodi</strong></span> <span class='ocrx_word' id='word_1_49' title='bbox 866 1629 895 1676; x_wconf 86' lang='lat' dir='ltr'><strong>o.</strong></span> <span class='ocrx_word' id='word_1_50' title='bbox 917 1613 974 1676; x_wconf 89' lang='lat'>111.</span> <span class='ocrx_word' id='word_1_51' title='bbox 1018 1611 1252 1676; x_wconf 67' lang='lat' dir='ltr'><strong>Conmmmata</strong></span> 
     </span>
     <span class='ocr_line' id='line_1_8' title="bbox 59 1713 1251 1799; baseline -0.002 -19"><span class='ocrx_word' id='word_1_52' title='bbox 59 1719 166 1780; x_wconf 78' lang='lat' dir='ltr'><strong>enin</strong></span> <span class='ocrx_word' id='word_1_53' title='bbox 187 1725 220 1776; x_wconf 87' lang='lat' dir='ltr'><strong>et</strong></span> <span class='ocrx_word' id='word_1_54' title='bbox 241 1713 405 1796; x_wconf 76' lang='lat' dir='ltr'><strong>descripta</strong></span> <span class='ocrx_word' id='word_1_55' title='bbox 441 1717 635 1796; x_wconf 75' lang='lat' dir='ltr'><strong>evagatione</strong></span> <span class='ocrx_word' id='word_1_56' title='bbox 666 1718 935 1798; x_wconf 68' lang='lat' dir='ltr'><strong>peregrinationis</strong></span> <span class='ocrx_word' id='word_1_57' title='bbox 940 1717 1251 1799; x_wconf 73' lang='lat' dir='ltr'><strong>ierosolymitanae</strong></span> 
     </span>
     <span class='ocr_line' id='line_1_9' title="bbox 62 1819 1250 1903; baseline -0.003 -18"><span class='ocrx_word' id='word_1_58' title='bbox 62 1828 184 1885; x_wconf 74' lang='lat' dir='ltr'><strong>restat</strong></span> <span class='ocrx_word' id='word_1_59' title='bbox 217 1819 391 1900; x_wconf 84' lang='lat' dir='ltr'><strong>deseriptio</strong></span> <span class='ocrx_word' id='word_1_60' title='bbox 422 1821 626 1900; x_wconf 82' lang='lat' dir='ltr'><strong>evagationis</strong></span> <span class='ocrx_word' id='word_1_61' title='bbox 659 1821 933 1903; x_wconf 81' lang='lat' dir='ltr'><strong>peregrinationis</strong></span> <span class='ocrx_word' id='word_1_62' title='bbox 963 1819 1250 1903; x_wconf 82' lang='lat' dir='ltr'><strong>Syuaianae‚eui</strong></span> 
     </span>
     <span class='ocr_line' id='line_1_10' title="bbox 63 1924 735 2008; baseline -0.006 -18"><span class='ocrx_word' id='word_1_63' title='bbox 63 1929 103 1990; x_wconf 85' lang='lat' dir='ltr'><strong>in</strong></span> <span class='ocrx_word' id='word_1_64' title='bbox 126 1924 347 2008; x_wconf 78' lang='lat' dir='ltr'><strong>sequentibus</strong></span> <span class='ocrx_word' id='word_1_65' title='bbox 368 1924 522 1985; x_wconf 84' lang='lat' dir='ltr'><strong>insistere</strong></span> <span class='ocrx_word' id='word_1_66' title='bbox 542 1924 683 1986; x_wconf 85' lang='lat' dir='ltr'><strong>intendo.</strong></span> <span class='ocrx_word' id='word_1_67' title='bbox 730 1968 735 1977; x_wconf 44' lang='lat' dir='ltr'><strong><em>s</em></strong></span> 
     </span>
    </p>

    <p class='ocr_par' dir='ltr' id='par_1_4' title="bbox 66 2027 1250 2424">
     <span class='ocr_line' id='line_1_11' title="bbox 162 2027 1249 2110; baseline -0.002 -20"><span class='ocrx_word' id='word_1_68' title='bbox 162 2027 398 2109; x_wconf 74' lang='lat' dir='ltr'><strong>Compieetitur</strong></span> <span class='ocrx_word' id='word_1_69' title='bbox 430 2037 537 2090; x_wconf 83' lang='lat' dir='ltr'><strong>autem</strong></span> <span class='ocrx_word' id='word_1_70' title='bbox 559 2031 643 2092; x_wconf 85' lang='lat' dir='ltr'><strong>haee</strong></span> <span class='ocrx_word' id='word_1_71' title='bbox 663 2027 809 2090; x_wconf 88' lang='lat' dir='ltr'><strong>seouuda</strong></span> <span class='ocrx_word' id='word_1_72' title='bbox 840 2045 918 2110; x_wconf 90' lang='lat' dir='ltr'><strong>pars</strong></span> <span class='ocrx_word' id='word_1_73' title='bbox 953 2029 1131 2109; x_wconf 83' lang='lat' dir='ltr'><strong>evagatarii</strong></span> <span class='ocrx_word' id='word_1_74' title='bbox 1152 2045 1249 2110; x_wconf 86' lang='lat' dir='ltr'><strong>pere-</strong></span> 
     </span>
     <span class='ocr_line' id='line_1_12' title="bbox 66 2130 1249 2216; baseline -0.003 -22"><span class='ocrx_word' id='word_1_75' title='bbox 66 2133 292 2216; x_wconf 72' lang='lat' dir='ltr'><strong>griumionem</strong></span> <span class='ocrx_word' id='word_1_76' title='bbox 313 2130 434 2194; x_wconf 83' lang='lat' dir='ltr'><strong>deserti</strong></span> <span class='ocrx_word' id='word_1_77' title='bbox 456 2135 565 2215; x_wconf 81' lang='lat' dir='ltr'><strong>magni</strong></span> <span class='ocrx_word' id='word_1_78' title='bbox 579 2134 721 2196; x_wconf 76' lang='lat' dir='ltr'><strong>Arabiae</strong></span> <span class='ocrx_word' id='word_1_79' title='bbox 743 2141 776 2194; x_wconf 87' lang='lat' dir='ltr'><strong>et</strong></span> <span class='ocrx_word' id='word_1_80' title='bbox 796 2132 929 2195; x_wconf 80' lang='lat' dir='ltr'><strong>Madian</strong></span> <span class='ocrx_word' id='word_1_81' title='bbox 951 2138 985 2194; x_wconf 86' lang='lat' dir='ltr'><strong>et</strong></span> <span class='ocrx_word' id='word_1_82' title='bbox 1007 2132 1124 2192; x_wconf 86' lang='lat' dir='ltr'><strong>montis</strong></span> <span class='ocrx_word' id='word_1_83' title='bbox 1136 2130 1249 2213; x_wconf 83' lang='lat' dir='ltr'><strong>Syuai.</strong></span> 
     </span>
     <span class='ocr_line' id='line_1_13' title="bbox 66 2221 1250 2319; baseline -0.002 -21"><span class='ocrx_word' id='word_1_84' title='bbox 66 2240 111 2298; x_wconf 88' lang='lat' dir='ltr'><strong>ln</strong></span> <span class='ocrx_word' id='word_1_85' title='bbox 137 2236 212 2317; x_wconf 88' lang='lat' dir='ltr'><strong>ejus</strong></span> <span class='ocrx_word' id='word_1_86' title='bbox 233 2237 413 2298; x_wconf 85' lang='lat' dir='ltr'><strong>summitate</strong></span> <span class='ocrx_word' id='word_1_87' title='bbox 435 2245 487 2299; x_wconf 83' lang='lat' dir='ltr'><strong>est</strong></span> <span class='ocrx_word' id='word_1_88' title='bbox 507 2236 640 2302; x_wconf 81' lang='lat' dir='ltr'><strong>ultimus</strong></span> <span class='ocrx_word' id='word_1_89' title='bbox 661 2221 818 2301; x_wconf 87' lang='lat' dir='ltr'><strong>terminus</strong></span> <span class='ocrx_word' id='word_1_90' title='bbox 846 2236 887 2298; x_wconf 91' lang='lat' dir='ltr'><strong>ad</strong></span> <span class='ocrx_word' id='word_1_91' title='bbox 908 2254 1005 2319; x_wconf 88' lang='lat' dir='ltr'><strong>quem</strong></span> <span class='ocrx_word' id='word_1_92' title='bbox 1026 2237 1127 2299; x_wconf 86' lang='lat' dir='ltr'><strong>totins</strong></span> <span class='ocrx_word' id='word_1_93' title='bbox 1153 2253 1250 2318; x_wconf 89' lang='lat' dir='ltr'><strong>pere-</strong></span> 
     </span>
     <span class='ocr_line' id='line_1_14' title="bbox 68 2331 750 2424; baseline 0.009 -23"><span class='ocrx_word' id='word_1_94' title='bbox 68 2341 279 2424; x_wconf 82' lang='lat' dir='ltr'><strong>grinationis.</strong></span> <span class='ocrx_word' id='word_1_95' title='bbox 321 2395 327 2404; x_wconf 84' lang='grc'><strong><em>,</em></strong></span> <span class='ocrx_word' id='word_1_96' title='bbox 744 2331 750 2334; x_wconf 59' lang='grc'><strong>’</strong></span> 
     </span>
    </p>

    <p class='ocr_par' dir='ltr' id='par_1_5' title="bbox 71 2443 1249 2842">
     <span class='ocr_line' id='line_1_15' title="bbox 158 2443 1249 2528; baseline -0.001 -22"><span class='ocrx_word' id='word_1_97' title='bbox 158 2444 288 2506; x_wconf 77' lang='lat' dir='ltr'><strong>Deinde</strong></span> <span class='ocrx_word' id='word_1_98' title='bbox 308 2446 452 2508; x_wconf 79' lang='lat' dir='ltr'><strong>eontinet</strong></span> <span class='ocrx_word' id='word_1_99' title='bbox 472 2446 764 2528; x_wconf 83' lang='lat' dir='ltr'><strong>peregrinationem</strong></span> <span class='ocrx_word' id='word_1_100' title='bbox 785 2454 891 2509; x_wconf 88' lang='lat' dir='ltr'><strong>terrae</strong></span> <span class='ocrx_word' id='word_1_101' title='bbox 922 2445 1067 2528; x_wconf 81' lang='lat' dir='ltr'><strong>Aegypti</strong></span> <span class='ocrx_word' id='word_1_102' title='bbox 1103 2453 1137 2506; x_wconf 87' lang='lat' dir='ltr'><strong>et</strong></span> <span class='ocrx_word' id='word_1_103' title='bbox 1170 2443 1249 2506; x_wconf 88' lang='lat' dir='ltr'><strong>des-</strong></span> 
     </span>
     <span class='ocr_line' id='line_1_16' title="bbox 73 2549 1249 2633; baseline -0.001 -20"><span class='ocrx_word' id='word_1_104' title='bbox 73 2567 213 2613; x_wconf 81' lang='lat' dir='ltr'><strong>eensaur</strong></span> <span class='ocrx_word' id='word_1_105' title='bbox 233 2549 317 2631; x_wconf 80' lang='lat' dir='ltr'><strong>Nili,</strong></span> <span class='ocrx_word' id='word_1_106' title='bbox 348 2568 423 2612; x_wconf 88' lang='lat' dir='ltr'><strong>oum</strong></span> <span class='ocrx_word' id='word_1_107' title='bbox 445 2549 518 2630; x_wconf 88' lang='lat' dir='ltr'><strong>ejus</strong></span> <span class='ocrx_word' id='word_1_108' title='bbox 539 2549 772 2633; x_wconf 82' lang='lat' dir='ltr'><strong>descriptione,</strong></span> <span class='ocrx_word' id='word_1_109' title='bbox 804 2559 839 2612; x_wconf 91' lang='lat' dir='ltr'><strong>et</strong></span> <span class='ocrx_word' id='word_1_110' title='bbox 860 2553 1078 2613; x_wconf 87' lang='lat' dir='ltr'><strong>reversionem</strong></span> <span class='ocrx_word' id='word_1_111' title='bbox 1101 2549 1249 2632; x_wconf 84' lang='lat' dir='ltr'><strong>peregri·</strong></span> 
     </span>
     <span class='ocr_line' id='line_1_17' title="bbox 71 2657 1248 2739; baseline -0.002 -22"><span class='ocrx_word' id='word_1_112' title='bbox 71 2673 190 2717; x_wconf 79' lang='grc' dir='ltr'>ιιοιιιι</span> <span class='ocrx_word' id='word_1_113' title='bbox 211 2671 270 2736; x_wconf 83' lang='lat' dir='ltr'><strong>per</strong></span> <span class='ocrx_word' id='word_1_114' title='bbox 291 2671 380 2716; x_wconf 85' lang='lat' dir='ltr'><strong>mare</strong></span> <span class='ocrx_word' id='word_1_115' title='bbox 401 2661 435 2715; x_wconf 86' lang='grc' dir='ltr'><strong>οι</strong></span> <span class='ocrx_word' id='word_1_116' title='bbox 454 2673 512 2736; x_wconf 84' lang='lat' dir='ltr'><strong>per</strong></span> <span class='ocrx_word' id='word_1_117' title='bbox 533 2663 648 2716; x_wconf 87' lang='lat' dir='ltr'><strong>terram</strong></span> <span class='ocrx_word' id='word_1_118' title='bbox 680 2673 786 2738; x_wconf 81' lang='lat' dir='ltr'><strong>nsque</strong></span> <span class='ocrx_word' id='word_1_119' title='bbox 806 2657 948 2739; x_wconf 87' lang='lat' dir='ltr'><strong>Ulmam,</strong></span> <span class='ocrx_word' id='word_1_120' title='bbox 980 2675 1066 2738; x_wconf 81' lang='lat' dir='ltr'><strong>quae</strong></span> <span class='ocrx_word' id='word_1_121' title='bbox 1085 2657 1184 2718; x_wconf 78' lang='lat' dir='ltr'><strong>uros</strong></span> <span class='ocrx_word' id='word_1_122' title='bbox 1196 2661 1248 2715; x_wconf 86' lang='lat' dir='ltr'><strong>est</strong></span> 
     </span>
     <span class='ocr_line' id='line_1_18' title="bbox 76 2758 900 2842; baseline 0.006 -23"><span class='ocrx_word' id='word_1_123' title='bbox 76 2758 237 2821; x_wconf 77' lang='lat' dir='ltr'><strong>terminus</strong></span> <span class='ocrx_word' id='word_1_124' title='bbox 259 2775 280 2820; x_wconf 88' lang='lat' dir='ltr'><strong>a</strong></span> <span class='ocrx_word' id='word_1_125' title='bbox 300 2777 383 2842; x_wconf 85' lang='lat' dir='ltr'><strong>quo,</strong></span> <span class='ocrx_word' id='word_1_126' title='bbox 407 2767 441 2820; x_wconf 83' lang='lat' dir='ltr'><strong>et</strong></span> <span class='ocrx_word' id='word_1_127' title='bbox 461 2758 574 2820; x_wconf 84' lang='lat' dir='ltr'><strong>ultimo</strong></span> <span class='ocrx_word' id='word_1_128' title='bbox 595 2760 667 2822; x_wconf 83' lang='lat' dir='ltr'><strong>loeo</strong></span> <span class='ocrx_word' id='word_1_129' title='bbox 688 2759 900 2824; x_wconf 69' lang='lat' dir='ltr'><strong>describetur:</strong></span> 
     </span>
    </p>

    <p class='ocr_par' dir='ltr' id='par_1_6' title="bbox 160 2836 1162 2947">
     <span class='ocr_line' id='line_1_19' title="bbox 160 2836 1162 2947; baseline -0.001 -23"><span class='ocrx_word' id='word_1_130' title='bbox 160 2863 270 2924; x_wconf 72' lang='lat' dir='ltr'><strong>flaua</strong></span> <span class='ocrx_word' id='word_1_131' title='bbox 292 2865 391 2926; x_wconf 72' lang='lat' dir='ltr'><strong>aian</strong></span> <span class='ocrx_word' id='word_1_132' title='bbox 412 2863 494 2926; x_wconf 84' lang='lat' dir='ltr'><strong>haee</strong></span> <span class='ocrx_word' id='word_1_133' title='bbox 513 2881 590 2946; x_wconf 82' lang='lat' dir='ltr'><strong>pars</strong></span> <span class='ocrx_word' id='word_1_134' title='bbox 611 2882 674 2927; x_wconf 84' lang='lat' dir='ltr'><strong>sex·</strong></span> <span class='ocrx_word' id='word_1_135' title='bbox 693 2875 868 2947; x_wconf 86' lang='lat' dir='ltr'><strong>traotatus,</strong></span> <span class='ocrx_word' id='word_1_136' title='bbox 890 2864 977 2926; x_wconf 81' lang='lat' dir='ltr'><strong>sieut</strong></span> <span class='ocrx_word' id='word_1_137' title='bbox 998 2873 1030 2924; x_wconf 87' lang='lat' dir='ltr'><strong>et</strong></span> <span class='ocrx_word' id='word_1_138' title='bbox 1051 2836 1162 2944; x_wconf 79' lang='lat' dir='ltr'><strong>prima</strong></span> 
     </span>
    </p>

    <p class='ocr_par' dir='ltr' id='par_1_7' title="bbox 79 2967 1250 3260">
     <span class='ocr_line' id='line_1_20' title="bbox 164 2967 1250 3052; baseline 0 -24"><span class='ocrx_word' id='word_1_139' title='bbox 164 2967 294 3028; x_wconf 78' lang='lat' dir='ltr'><strong>Priasus</strong></span> <span class='ocrx_word' id='word_1_140' title='bbox 308 2975 476 3049; x_wconf 71' lang='lat' dir='ltr'><strong>irroratus,</strong></span> <span class='ocrx_word' id='word_1_141' title='bbox 484 2986 540 3050; x_wconf 83' lang='lat' dir='ltr'><strong>qur</strong></span> <span class='ocrx_word' id='word_1_142' title='bbox 558 2976 612 3031; x_wconf 83' lang='lat' dir='ltr'><strong>est</strong></span> <span class='ocrx_word' id='word_1_143' title='bbox 625 2971 802 3052; x_wconf 73' lang='lat' dir='ltr'><strong>septimus·</strong></span> <span class='ocrx_word' id='word_1_144' title='bbox 793 2989 827 3030; x_wconf 90' lang='lat' dir='ltr'><strong>m</strong></span> <span class='ocrx_word' id='word_1_145' title='bbox 837 2968 949 3031; x_wconf 90' lang='lat' dir='ltr'><strong>ordine</strong></span> <span class='ocrx_word' id='word_1_146' title='bbox 963 2973 1156 3029; x_wconf 82' lang='lat' dir='ltr'><strong>traotatuum</strong></span> <span class='ocrx_word' id='word_1_147' title='bbox 1167 2983 1250 3028; x_wconf 85' lang='lat' dir='ltr'><strong>eva·-</strong></span> 
     </span>
     <span class='ocr_line' id='line_1_21' title="bbox 79 3069 1250 3156; baseline 0 -24"><span class='ocrx_word' id='word_1_148' title='bbox 79 3071 213 3152; x_wconf 80' lang='lat' dir='ltr'><strong>gatorii,</strong></span> <span class='ocrx_word' id='word_1_149' title='bbox 248 3069 360 3150; x_wconf 84' lang='lat' dir='ltr'><strong>inoipit</strong></span> <span class='ocrx_word' id='word_1_150' title='bbox 390 3071 462 3154; x_wconf 82' lang='lat' dir='ltr'><strong>hio,</strong></span> <span class='ocrx_word' id='word_1_151' title='bbox 494 3074 702 3156; x_wconf 85' lang='lat' dir='ltr'><strong>eontinetque</strong></span> <span class='ocrx_word' id='word_1_152' title='bbox 739 3073 1028 3155; x_wconf 77' lang='lat' dir='ltr'><strong>peregrinationem</strong></span> <span class='ocrx_word' id='word_1_153' title='bbox 1060 3069 1180 3134; x_wconf 85' lang='lat' dir='ltr'><strong>deserti</strong></span> <span class='ocrx_word' id='word_1_154' title='bbox 1216 3079 1250 3132; x_wconf 89' lang='lat' dir='ltr'><strong>et</strong></span> 
     </span>
     <span class='ocr_line' id='line_1_22' title="bbox 79 3172 770 3260; baseline 0.007 -25"><span class='ocrx_word' id='word_1_155' title='bbox 79 3172 329 3255; x_wconf 75' lang='lat' dir='ltr'><strong>deseripttonen</strong></span> <span class='ocrx_word' id='word_1_156' title='bbox 348 3178 466 3237; x_wconf 78' lang='lat' dir='ltr'><strong>montis</strong></span> <span class='ocrx_word' id='word_1_157' title='bbox 487 3175 575 3238; x_wconf 88' lang='lat' dir='ltr'><strong>0reb</strong></span> <span class='ocrx_word' id='word_1_158' title='bbox 600 3185 634 3238; x_wconf 83' lang='lat' dir='ltr'><strong>et</strong></span> <span class='ocrx_word' id='word_1_159' title='bbox 655 3177 770 3260; x_wconf 81' lang='lat' dir='ltr'><strong>synai.</strong></span> 
     </span>
    </p>

    <p class='ocr_par' dir='ltr' id='par_1_8' title="bbox 82 3277 1250 3474">
     <span class='ocr_line' id='line_1_23' title="bbox 162 3277 1250 3366; baseline 0.002 -26"><span class='ocrx_word' id='word_1_160' title='bbox 162 3277 332 3340; x_wconf 74' lang='lat' dir='ltr'><strong>Secundus</strong></span> <span class='ocrx_word' id='word_1_161' title='bbox 353 3287 522 3363; x_wconf 78' lang='lat' dir='ltr'><strong>tractatus,</strong></span> <span class='ocrx_word' id='word_1_162' title='bbox 535 3283 591 3363; x_wconf 87' lang='lat' dir='ltr'><strong>qni</strong></span> <span class='ocrx_word' id='word_1_163' title='bbox 609 3290 661 3343; x_wconf 87' lang='lat' dir='ltr'><strong>est</strong></span> <span class='ocrx_word' id='word_1_164' title='bbox 682 3290 829 3366; x_wconf 78' lang='lat' dir='ltr'><strong>octavus,</strong></span> <span class='ocrx_word' id='word_1_165' title='bbox 841 3280 985 3346; x_wconf 84' lang='lat' dir='ltr'><strong>ooutiuet</strong></span> <span class='ocrx_word' id='word_1_166' title='bbox 994 3280 1139 3364; x_wconf 84' lang='lat' dir='ltr'><strong>Aegypti</strong></span> <span class='ocrx_word' id='word_1_167' title='bbox 1153 3297 1250 3362; x_wconf 88' lang='lat' dir='ltr'><strong>pere·</strong></span> 
     </span>
     <span class='ocr_line' id='line_1_24' title="bbox 82 3382 745 3474; baseline 0.009 -31"><span class='ocrx_word' id='word_1_168' title='bbox 82 3382 295 3474; x_wconf 81' lang='lat' dir='ltr'><strong>grinationem</strong></span> <span class='ocrx_word' id='word_1_169' title='bbox 313 3400 372 3465; x_wconf 83' lang='lat' dir='ltr'><strong>per</strong></span> <span class='ocrx_word' id='word_1_170' title='bbox 385 3402 536 3446; x_wconf 86' lang='lat' dir='ltr'><strong>mensem</strong></span> <span class='ocrx_word' id='word_1_171' title='bbox 560 3383 745 3449; x_wconf 78' lang='lat' dir='ltr'><strong>Octobrem.</strong></span> 
     </span>
    </p>

    <p class='ocr_par' dir='ltr' id='par_1_9' title="bbox 82 3488 1249 3676">
     <span class='ocr_line' id='line_1_25' title="bbox 128 3488 1249 3574; baseline 0.004 -25"><span class='ocrx_word' id='word_1_172' title='bbox 128 3503 131 3509; x_wconf 78' lang='grc'><strong>“</strong></span> <span class='ocrx_word' id='word_1_173' title='bbox 159 3488 299 3571; x_wconf 73' lang='lat' dir='ltr'><strong>Tertius,</strong></span> <span class='ocrx_word' id='word_1_174' title='bbox 316 3489 372 3571; x_wconf 80' lang='lat' dir='ltr'><strong>qui</strong></span> <span class='ocrx_word' id='word_1_175' title='bbox 392 3496 445 3550; x_wconf 88' lang='lat' dir='ltr'><strong>est</strong></span> <span class='ocrx_word' id='word_1_176' title='bbox 466 3507 582 3572; x_wconf 78' lang='lat' dir='ltr'><strong>nouus,</strong></span> <span class='ocrx_word' id='word_1_177' title='bbox 595 3493 883 3574; x_wconf 83' lang='lat' dir='ltr'><strong>peregrinationem</strong></span> <span class='ocrx_word' id='word_1_178' title='bbox 902 3491 1001 3554; x_wconf 83' lang='lat' dir='ltr'><strong>maris</strong></span> <span class='ocrx_word' id='word_1_179' title='bbox 1019 3498 1055 3554; x_wconf 85' lang='lat' dir='ltr'><strong>et</strong></span> <span class='ocrx_word' id='word_1_180' title='bbox 1074 3489 1249 3554; x_wconf 77' lang='lat' dir='ltr'><strong>insularum</strong></span> 
     </span>
     <span class='ocr_line' id='line_1_26' title="bbox 82 3589 827 3676; baseline 0.011 -26"><span class='ocrx_word' id='word_1_181' title='bbox 82 3589 325 3675; x_wconf 82' lang='lat' dir='ltr'><strong>deseriptionem</strong></span> <span class='ocrx_word' id='word_1_182' title='bbox 345 3605 406 3676; x_wconf 80' lang='lat' dir='ltr'><strong>per</strong></span> <span class='ocrx_word' id='word_1_183' title='bbox 428 3611 574 3658; x_wconf 85' lang='lat' dir='ltr'><strong>mensem</strong></span> <span class='ocrx_word' id='word_1_184' title='bbox 597 3595 827 3660; x_wconf 83' lang='lat' dir='ltr'><strong>Novembrem.</strong></span> 
     </span>
    </p>

    <p class='ocr_par' dir='ltr' id='par_1_10' title="bbox 83 3694 1328 3867">
     <span class='ocr_line' id='line_1_27' title="bbox 159 3694 1328 3802; baseline 0.004 -42"><span class='ocrx_word' id='word_1_185' title='bbox 159 3694 313 3780; x_wconf 73' lang='lat' dir='ltr'><strong>Quamne,</strong></span> <span class='ocrx_word' id='word_1_186' title='bbox 333 3699 390 3780; x_wconf 87' lang='lat' dir='ltr'><strong>qui</strong></span> <span class='ocrx_word' id='word_1_187' title='bbox 403 3704 464 3761; x_wconf 83' lang='lat' dir='ltr'><strong>est</strong></span> <span class='ocrx_word' id='word_1_188' title='bbox 484 3697 645 3786; x_wconf 77' lang='lat' dir='ltr'><strong>damnus,</strong></span> <span class='ocrx_word' id='word_1_189' title='bbox 661 3703 805 3766; x_wconf 86' lang='lat' dir='ltr'><strong>eontinet</strong></span> <span class='ocrx_word' id='word_1_190' title='bbox 824 3701 1063 3784; x_wconf 81' lang='lat' dir='ltr'><strong>navigationem</strong></span> <span class='ocrx_word' id='word_1_191' title='bbox 1079 3703 1177 3766; x_wconf 87' lang='lat' dir='ltr'><strong>maris</strong></span> <span class='ocrx_word' id='word_1_192' title='bbox 1191 3721 1249 3784; x_wconf 90' lang='lat' dir='ltr'><strong>per</strong></span> <span class='ocrx_word' id='word_1_193' title='bbox 1321 3791 1328 3802; x_wconf 92' lang='lat'><strong><em>.</em></strong></span> 
     </span>
     <span class='ocr_line' id='line_1_28' title="bbox 83 3802 816 3867; baseline 0.01 -6"><span class='ocrx_word' id='word_1_194' title='bbox 83 3815 220 3864; x_wconf 73' lang='lat' dir='ltr'><strong>tanmem</strong></span> <span class='ocrx_word' id='word_1_195' title='bbox 241 3802 465 3867; x_wconf 82' lang='lat' dir='ltr'><strong>Deeombrem.</strong></span> <span class='ocrx_word' id='word_1_196' title='bbox 610 3847 613 3852; x_wconf 88' lang='lat'>-</span> <span class='ocrx_word' id='word_1_197' title='bbox 812 3843 816 3848; x_wconf 97' lang='lat'>-</span> 
     </span>
    </p>

    <p class='ocr_par' dir='ltr' id='par_1_11' title="bbox 83 3903 1248 4180">
     <span class='ocr_line' id='line_1_29' title="bbox 154 3903 1247 3993; baseline 0.003 -23"><span class='ocrx_word' id='word_1_198' title='bbox 154 3903 302 3990; x_wconf 72' lang='lat' dir='ltr'><strong>Quintus,</strong></span> <span class='ocrx_word' id='word_1_199' title='bbox 316 3909 373 3990; x_wconf 86' lang='lat' dir='ltr'><strong>qui</strong></span> <span class='ocrx_word' id='word_1_200' title='bbox 386 3917 439 3972; x_wconf 84' lang='lat' dir='ltr'><strong>est</strong></span> <span class='ocrx_word' id='word_1_201' title='bbox 453 3906 654 3992; x_wconf 79' lang='lat' dir='ltr'><strong>mdeeimm,</strong></span> <span class='ocrx_word' id='word_1_202' title='bbox 667 3912 811 3975; x_wconf 82' lang='lat' dir='ltr'><strong>eontinet</strong></span> <span class='ocrx_word' id='word_1_203' title='bbox 825 3912 1115 3993; x_wconf 83' lang='lat' dir='ltr'><strong>peregrinationem</strong></span> <span class='ocrx_word' id='word_1_204' title='bbox 1130 3913 1165 3973; x_wconf 92' lang='lat' dir='ltr'><strong>iu</strong></span> <span class='ocrx_word' id='word_1_205' title='bbox 1175 3911 1247 3974; x_wconf 91' lang='lat' dir='ltr'><strong>Ve-</strong></span> 
     </span>
     <span class='ocr_line' id='line_1_30' title="bbox 83 4007 1248 4150; baseline 0.003 -79"><span class='ocrx_word' id='word_1_206' title='bbox 83 4007 177 4071; x_wconf 72' lang='lat' dir='ltr'><strong>uram</strong></span> <span class='ocrx_word' id='word_1_207' title='bbox 196 4018 231 4073; x_wconf 89' lang='lat' dir='ltr'><strong>et</strong></span> <span class='ocrx_word' id='word_1_208' title='bbox 246 4011 459 4078; x_wconf 75' lang='lat' dir='ltr'><strong>venetiarum</strong></span> <span class='ocrx_word' id='word_1_209' title='bbox 489 4013 738 4125; x_wconf 73' lang='lat' dir='ltr'><strong>descriptionem</strong></span> <span class='ocrx_word' id='word_1_210' title='bbox 769 4024 803 4078; x_wconf 88' lang='lat' dir='ltr'><strong>et</strong></span> <span class='ocrx_word' id='word_1_211' title='bbox 823 4018 1067 4150; x_wconf 76' lang='lat' dir='ltr'><strong>peregrinorum</strong></span> <span class='ocrx_word' id='word_1_212' title='bbox 1087 4013 1248 4096; x_wconf 81' lang='lat' dir='ltr'><strong>repatria-</strong></span> 
     </span>
     <span class='ocr_line' id='line_1_31' title="bbox 85 4110 563 4180; baseline 0.024 -10"><span class='ocrx_word' id='word_1_213' title='bbox 85 4110 223 4176; x_wconf 78' lang='lat' dir='ltr'><strong>tionem</strong></span> <span class='ocrx_word' id='word_1_214' title='bbox 213 4135 249 4178; x_wconf 92' lang='grc' dir='ltr'><strong>ιιι</strong></span> <span class='ocrx_word' id='word_1_215' title='bbox 268 4135 384 4180; x_wconf 83' lang='lat' dir='ltr'><strong>menne</strong></span> <span class='ocrx_word' id='word_1_216' title='bbox 404 4118 563 4180; x_wconf 74' lang='lat' dir='ltr'><strong>ianuarii.</strong></span> 
     </span>
    </p>

    <p class='ocr_par' dir='ltr' id='par_1_12' title="bbox 84 4216 1246 4408">
     <span class='ocr_line' id='line_1_32' title="bbox 154 4216 1246 4305; baseline -0.001 -24"><span class='ocrx_word' id='word_1_217' title='bbox 154 4216 286 4300; x_wconf 83' lang='lat' dir='ltr'><strong>Sextus,</strong></span> <span class='ocrx_word' id='word_1_218' title='bbox 300 4223 357 4303; x_wconf 87' lang='lat' dir='ltr'><strong>qui</strong></span> <span class='ocrx_word' id='word_1_219' title='bbox 377 4231 429 4285; x_wconf 87' lang='lat' dir='ltr'><strong>est</strong></span> <span class='ocrx_word' id='word_1_220' title='bbox 444 4221 664 4305; x_wconf 87' lang='lat' dir='ltr'><strong>duodeeimus,</strong></span> <span class='ocrx_word' id='word_1_221' title='bbox 679 4223 1044 4287; x_wconf 83' lang='lat' dir='ltr'><strong>eontinetAiemanuiae</strong></span> <span class='ocrx_word' id='word_1_222' title='bbox 1056 4229 1091 4281; x_wconf 85' lang='lat' dir='ltr'><strong>et</strong></span> <span class='ocrx_word' id='word_1_223' title='bbox 1102 4220 1246 4283; x_wconf 80' lang='lat' dir='ltr'><strong>civitatis</strong></span> 
     </span>
     <span class='ocr_line' id='line_1_33' title="bbox 84 4309 1246 4408; baseline 0.003 -23"><span class='ocrx_word' id='word_1_224' title='bbox 84 4312 237 4388; x_wconf 85' lang='lat' dir='ltr'><strong>Ulnonais</strong></span> <span class='ocrx_word' id='word_1_225' title='bbox 258 4309 450 4391; x_wconf 72' lang='lat' dir='ltr'><strong>infisaimam</strong></span> <span class='ocrx_word' id='word_1_226' title='bbox 472 4325 729 4408; x_wconf 75' lang='lat' dir='ltr'><strong>descriptionem.</strong></span> <span class='ocrx_word' id='word_1_227' title='bbox 773 4329 816 4391; x_wconf 79' lang='lat' dir='ltr'><strong>nt</strong></span> <span class='ocrx_word' id='word_1_228' title='bbox 837 4329 925 4392; x_wconf 77' lang='lat' dir='ltr'><strong>huno</strong></span> <span class='ocrx_word' id='word_1_229' title='bbox 953 4331 1140 4404; x_wconf 86' lang='lat' dir='ltr'><strong>traetatum,</strong></span> <span class='ocrx_word' id='word_1_230' title='bbox 1171 4326 1246 4406; x_wconf 82' lang='lat' dir='ltr'><strong>quia</strong></span> 
     </span>
    </p>
   </div>
   <div class='ocr_carea' id='block_1_4' title="bbox 0 0 1452 4872">
    <p class='ocr_par' dir='ltr' id='par_1_13' title="bbox 0 0 1452 4872">
     <span class='ocr_line' id='line_1_34' title="bbox 0 0 1452 4872; baseline 0 1"><span class='ocrx_word' id='word_1_231' title='bbox 0 0 1452 4872; x_wconf 95' lang='lat' dir='ltr'><strong> </strong></span> 
     </span>
    </p>
   </div>
  </div>
 </body>
</html>
