2962 5022
240 558 301 635 lle
324 552 533 656 regionibus
564 551 708 647 mnndi,
743 577 833 653 quas
855 553 1011 630 vidimus
1036 557 1073 630 iu
1105 559 1259 655 quotuor
1290 555 1397 658 plagis

289 687 412 754 terrae
438 699 488 752 ex
508 673 580 751 hoc
604 696 713 751 sacro
734 685 859 751 monte
881 685 921 751 et
944 675 1145 779 descriptio
1172 685 1362 771 terrarum,

692 821 867 896 aquarum
891 807 963 873 etc.

325 982 364 1046 lu
385 977 560 1063 supercilio
579 979 698 1040 montis
718 987 852 1042 smctrc
865 977 1063 1042 Cethoriuec
1082 977 1235 1042 stetimus
1258 987 1293 1042 et
1312 990 1398 1043 tems

243 1105 285 1151 ec
304 1085 490 1170 provincius
516 1093 550 1146 et
571 1083 722 1165 regiones
748 1103 809 1166 per
839 1103 957 1168 gyrum
989 1082 1287 1166 eonsiderovimus,
1318 1087 1397 1148 etiru
1438 1141 1439 1152 ,

245 1194 343 1276 longe
374 1189 570 1272 existentes,
610 1185 768 1273 siquidem
809 1189 850 1252 ed
882 1188 1103 1273 longissimam
1136 1187 1250 1250 mundi
1291 1200 1396 1272 purtem

244 1297 404 1377 vidimus,
437 1295 514 1376 quio
541 1291 639 1355 uelde
659 1293 694 1354 iu
715 1291 780 1355 olto
811 1295 997 1376 stebnmus,
1029 1311 1090 1355 nec
1109 1312 1168 1375 per
1188 1295 1329 1358 nebulus
1356 1301 1396 1356 eut

244 1403 328 1466 nlius
348 1400 434 1462 aeris
454 1395 717 1480 indispositioues
737 1397 967 1480 impedimenta
988 1400 1170 1464 habuimus.
1202 1399 1396 1482 Coujecimus

244 1523 324 1588 ergo
345 1503 458 1568 oculos
479 1502 583 1584 primo
609 1511 721 1565 contro
750 1503 904 1568 orientem
926 1506 960 1570 in
988 1505 1182 1568 latissimum
1215 1505 1333 1570 fretum
1340 1551 1349 1587 ,
1374 1503 1398 1565 in

244 1613 352 1676 sinum
374 1609 555 1688 amnicum,
590 1608 647 1688 qui
668 1616 701 1669 et
721 1626 811 1670 mere
839 1612 968 1686 rubrum
998 1608 1115 1673 (licitur
1135 1618 1169 1671 et
1189 1607 1234 1671 (lc
1263 1611 1343 1672 rnru‘
1360 1611 1399 1670 in·

245 1714 318 1778 dioc
338 1709 565 1794 progreditur,
586 1727 649 1772 nec
678 1712 841 1793 potuimus
862 1723 976 1779 contro
998 1716 1153 1778 orientem
1174 1714 1293 1777 videro
1312 1713 1399 1778 ocul'n

160 1847 164 1856 =
245 1817 408 1901 corporeis
435 1814 500 1880 nisi
530 1832 651 1898 eques,
672 1834 757 1900 quac
778 1836 816 1881 se
837 1820 1056 1883 extendebant
1081 1837 1186 1904 usque
1208 1820 1243 1881 iu
1264 1827 1401 1881 montem

247 1923 399 2005 Medion,
419 1922 483 2002 ite,
505 1919 591 2002 quod
613 1923 707 2005 quasi
732 1941 792 2004 per
811 1924 980 2004 circuitum
1002 1925 1120 2016 montis
1142 1922 1250 2006 Synei
1278 1921 1401 1986 uiuimus

246 2049 337 2096 more
359 2026 500 2091 rubrum
542 2024 634 2088 Dure
658 2025 757 2090 nimis
778 2036 811 2090 et
832 2031 1015 2113 periculose
1043 2028 1210 2110 navigatio
1245 2034 1300 2090 est
1320 2027 1400 2088 muris

247 2135 352 2219 rubri,
374 2130 462 2196 unde
482 2129 679 2213 leronymus
700 2130 742 2194 ro
762 2131 933 2198 Rusticum
960 2133 1152 2196 monachum
1173 2130 1217 2194 de
1238 2132 1400 2194 monestict

247 2245 317 2307 vito
338 2241 388 2303 sio
409 2237 450 2300 de
471 2236 533 2298 hoc
554 2234 625 2300 loeo
646 2234 803 2319 loquitur:
825 2239 1032 2322 Navigantes
1053 2255 1141 2300 more
1162 2237 1296 2299 rubrum
1312 2234 1401 2298 multu

250 2343 497 2410 difficultatibus
527 2358 568 2404 cc
602 2341 754 2422 periculis
788 2343 831 2406 od
862 2345 974 2408 urbem
1006 2344 1178 2406 mammem
1226 2341 1403 2423 perveniunt

248 2459 385 2531 utreque
406 2447 491 2509 cuim
512 2445 619 2508 littore
639 2451 764 2527 gentes
776 2461 895 2532 vagae,
916 2450 981 2512 imo
1003 2448 1130 2511 belluae
1150 2444 1312 2528 hubitant,
1332 2444 1406 2506 lero-

249 2551 417 2632 cissimuc3
449 2565 577 2632 semper
597 2548 743 2633 solliciti,
776 2570 905 2636 semper
933 2555 1045 2618 armati
1052 2599 1063 2636 ,
1094 2552 1194 2615 tetius
1215 2552 1297 2613 mni
1316 2549 1408 2612 lerunt

250 2655 386 2734 ciborie5
409 2653 584 2718 latentibus
605 2655 696 2716 suxis
708 2655 876 2740 ‚tradisque
888 2657 1069 2722 durissimis
1085 2657 1182 2741 plene
1204 2662 1286 2717 sunt
1307 2651 1409 2728 omniu,

249 2761 354 2824 itaut
375 2755 612 2838 speculatorio
635 2777 761 2824 summo
783 2763 897 2825 arbore
924 2762 1037 2826 redeat
1058 2770 1091 2824 et
1110 2759 1187 2822 iude
1220 2757 1365 2842 regendo
1387 2763 1411 2816 et

251 2859 530 2930 circumflecteudo
552 2863 647 2927 novis
669 2863 789 2926 dictato
816 2866 993 2948 praedicet.
1036 2865 1131 2950 Felix
1159 2880 1282 2926 cursus
1303 2859 1415 2936 est‚si

251 2976 328 3056 post
360 2987 422 3032 sex
461 2983 593 3029 meuses
624 2969 829 3049 suprodictae
872 2972 962 3034 urbis
995 2979 1122 3054 portum
1151 2975 1282 3049 teneat,
1319 2985 1341 3028 ι
1362 2981 1416 3048 quo

254 3075 367 3159 incipit
386 3091 424 3135 se
445 3073 572 3154 operire
604 3091 763 3157 oceanus,
790 3094 965 3161 perquem
997 3076 1055 3138 vix
1086 3091 1170 3140 euno
1202 3080 1365 3154 perpetuo
1385 3065 1417 3130 ul

251 3178 374 3243 Indiam
402 3177 589 3259 pervenitur
610 3185 645 3239 et
666 3177 708 3240 od
731 3177 879 3262 Gerrgem
902 3181 1053 3261 fluvium,
1074 3195 1169 3260 quern
1191 3193 1292 3239 stem
1311 3173 1419 3254 Scrip-

252 3293 326 3348 tnrt
345 3282 466 3347 Phison
488 3282 644 3365 nominat,
666 3283 720 3345 ubi
743 3294 920 3347 rrercuutur
940 3283 1174 3366 pretiosissimo
1195 3299 1373 3364 quaeque,
1395 3287 1419 3336 et

253 3395 380 3451 montes
400 3387 489 3449 curci
510 3387 555 3448 ibi
576 3399 661 3470 sunt,
676 3403 757 3470 quos
776 3383 868 3450 odire
884 3397 1014 3470 propter
1028 3389 1172 3472 gryphos
1201 3394 1235 3449 ct
1255 3385 1420 3449 dracones

254 3499 289 3556 ct
310 3493 536 3555 immensorum
560 3508 729 3574 corporum
751 3503 896 3556 monstro
926 3493 1109 3558 homiuibus
1140 3489 1354 3573 impossibile
1375 3495 1439 3578 esp

253 3597 348 3660 Haec
376 3596 584 3678 Jeronymus.
634 3595 685 3658 De
719 3597 831 3660 eodem
860 3601 938 3662 mori
974 3598 1081 3661 iudico
1106 3591 1232 3660 'contre
1270 3597 1420 3658 oriente·

158 3737 163 3748 ·
254 3701 337 3765 nlius
358 3700 451 3763 sinus
473 3699 595 3763 recedit
615 3717 779 3784 maguus,
792 3704 847 3786 qui
869 3713 920 3766 est
941 3706 1036 3766 sinus
1064 3703 1212 3784 persicus
1232 3709 1272 3763 et
1293 3701 1334 3761 in
1356 3696 1423 3758 Per·

254 3804 358 3870 sidem
381 3805 544 3886 regionem
576 3823 614 3868 se
645 3807 805 3890 extendit,
827 3827 847 3871 a
873 3826 937 3890 quo
959 3816 991 3869 et
1013 3825 1128 3870 nomen
1151 3806 1294 3887 occepit.
1344 3805 1425 3866 nme

41 3959 43 3974 ,
134 3925 170 3950 ··
255 3911 347 3993 regio
389 3909 551 3973 nominato
610 3912 644 3972 iu
697 3929 792 3976 suere
846 3911 1014 3996 Scriptura
1061 3910 1197 3973 Perside
1245 3908 1378 3972 dieitur
1416 3917 1430 3958 ⁸

253 4015 393 4096 Perseo,
423 4031 501 4095 rege
533 4015 751 4098 Argivorum,
783 4033 918 4099 graece,
961 4017 1016 4097 qui
1052 4033 1123 4077 com
1160 4013 1275 4076 multis
1295 4008 1432 4095 proelis

256 4119 376 4184 hebius
398 4117 518 4181 devicit
540 4128 572 4181 ct
593 4130 733 4202 gentem,
757 4139 841 4203 quac
862 4120 969 4184 adnue
990 4119 1130 4202 agrestis
1152 4118 1222 4197 fuit,
1247 4115 1435 4179 humarum:

257 4225 371 4287 vivere
393 4225 500 4304 coegit
520 4232 552 4286 et
573 4242 593 4285 e
614 4243 652 4286 sc
671 4226 793 4308 regioni
816 4243 933 4288 nomeu
954 4224 1113 4305 imposuit.
1147 4220 1198 4283 Dc
1221 4221 1290 4283 hoc
1313 4221 1439 4282 Perse*

257 4332 373 4397 poetae
395 4325 494 4386 multe
515 4327 642 4406 fingunt
664 4333 703 4389 et'
727 4328 768 4390 de
788 4329 860 4409 cJ’us
883 4329 968 4392 cleto
989 4346 1071 4411 equo
1102 4326 1179 4390 vide
1200 4325 1320 4409 aliqum
1348 4327 1439 4388 Pom

260 4417 289 4475 1.
305 4419 360 4478 fol.
375 4421 467 4490 ⁷813.
489 4415 531 4486 lu
551 4427 607 4490 ille
630 4430 762 4509 regione
784 4440 854 4494 erut
874 4431 1034 4514 quondam
1057 4432 1175 4495 civiles
1192 4433 1439 4512 potentiam*
