2948 4876
738 254 804 320 ate

190 437 454 520 admittebantur,
475 454 536 500 uec
557 437 687 520 pagani,
709 435 764 518 qui
786 454 920 520 reguum
929 435 1263 520 ierosolymitanum
1291 447 1407 502 tene-

191 545 284 624 bunt,
317 539 531 606 advenientes
560 541 750 624 peregrinos
779 537 985 605 infestabant.
1030 541 1107 604 Non
1140 543 1238 604 enim
1288 543 1402 605 resti·

190 655 295 713 tuerat
316 643 454 710 Carolus
483 663 617 728 regnum
640 643 856 728 Christianis,
882 664 945 709 nee
972 645 1051 709 illud
1079 645 1144 709 sibi
1175 647 1402 729 subjecerat

189 752 249 816 sed
271 760 394 816 tanturn
415 767 528 834 pacem
549 752 636 812 inter
662 747 868 814 Christianos
891 759 923 814 et
945 767 1092 834 paganos
1114 751 1399 830 reformaverat,

190 876 275 942 qtrae
297 856 352 922 diu
374 854 527 920 durabilia
549 872 613 916 nou
636 862 714 916 erat.
756 853 873 918 Stante
895 863 1002 918 tamen
1027 873 1108 938 pace
1132 873 1210 918 eum
1244 854 1398 938 maguis

190 964 303 1028 turmis
324 959 540 1026 occidentales
563 957 635 1023 loca
655 967 770 1022 sancta
791 959 925 1023 cottidie
945 957 1188 1041 perlustrabant
1219 969 1263 1022 et
1304 977 1394 1022 noc-
1425 1009 1426 1014 ,

189 1069 278 1134 tibus
299 1069 333 1131 iu
364 1063 506 1128 ecclesie
527 1061 678 1126 dominici
699 1063 862 1145 sepulchri
889 1064 1104 1146 dormiebant,
1135 1063 1216 1147 quia
1248 1064 1391 1126 nullum

190 1174 363 1256 hospitium
393 1189 451 1252 pro
470 1169 598 1233 Latinis
628 1168 662 1230 in
696 1168 833 1232 civitate
864 1177 950 1252 erat,
985 1167 1123 1231 nondum
1154 1169 1246 1231 enim
1289 1173 1390 1229 erant

190 1275 363 1358 hospitalia
399 1290 461 1336 nec
488 1271 596 1354 aliqua
627 1271 767 1334 ecelesia
797 1272 913 1354 latina,
957 1273 1017 1337 red
1051 1272 1231 1336 ecclesiam
1268 1273 1385 1335 sancti

192 1379 356 1463 sepulchri
380 1387 412 1442 et
435 1376 516 1439 alias
539 1375 698 1439 ecclesias
720 1375 841 1440 (ireeei
872 1379 1102 1443 irroiiiciabant.
1146 1377 1297 1440 Accidit
1322 1395 1383 1439 au-

192 1495 256 1550 tem
278 1484 342 1547 iliis
364 1481 495 1563 diebus,
526 1480 611 1564 quod
645 1488 842 1545 mercatores
864 1483 906 1546 de
935 1484 1055 1569 Apulia
1084 1481 1250 1568 quasdam
1276 1501 1380 1565 pere-

191 1590 302 1674 grinas
329 1603 470 1669 merces,
499 1603 581 1669 quas
602 1586 711 1648 oriens
733 1587 822 1667 prius
844 1608 909 1650 non
930 1598 1082 1671 noverat,
1116 1587 1198 1651 lucri
1223 1583 1377 1649 faciendi

192 1712 291 1758 causa
313 1689 543 1754 Alexandriam
577 1689 755 1773 deferrent,
788 1711 870 1774 quos
892 1694 1026 1756 creduut
1050 1687 1150 1756 fuisse
1181 1691 1374 1772 avellanas,

192 1802 279 1864 sieut
299 1805 386 1881 patet
406 1795 503 1859 Parte
523 1796 563 1857 11.
587 1794 641 1857 fol.
666 1796 727 1858 trs
749 1796 789 1856 A.
832 1791 903 1860 Ha's
926 1817 1050 1861 merces
1089 1807 1258 1879 tamquam
1293 1813 1372 1877 pre-

193 1906 298 1993 tiosas
328 1902 511 1967 detulerunt
530 1898 572 1962 ad
595 1918 704 1982 regem
727 1901 889 1984 Aegypti,
910 1906 965 1986 qui
991 1913 1023 1966 et
1045 1904 1219 1983 Arabiam,
1247 1901 1370 1962 Palae-

191 2011 311 2074 stinam
333 2017 365 2071 et
386 2005 542 2072 Judaeam
566 2007 775 2088 gubernabat.
818 2007 892 2070 Rex
913 2003 1017 2070 antem
1047 2008 1183 2071 allectus
1215 2008 1370 2068 novitate

192 2119 346 2180 mercium
380 2109 614 2178 mercatoribus
645 2109 710 2174 illia
739 2112 772 2173 iu
804 2130 1047 2197 recompensam
1077 2112 1234 2195 gratiam,
1271 2125 1368 2192 quarn

192 2229 354 2305 peterent,
397 2235 434 2280 se
468 2215 695 2304 praestiturum
731 2215 951 2299 pollicebatur.
1006 2217 1172 2281 Petierunt
1209 2231 1295 2296 ergo
1335 2219 1365 2274 et

193 2324 417 2404 obtinuerunt,
444 2329 481 2382 ut
502 2321 535 2381 iu
565 2319 765 2402 Jerusalem,
787 2321 819 2382 in
841 2338 1044 2406 quocumque
1070 2322 1142 2385 loco
1164 2319 1363 2397 voluissent,

193 2435 380 2490 construere
395 2432 531 2507 possent
552 2423 766 2512 habitaculum
790 2444 847 2508 pro
866 2427 1046 2510 peregrinis
1057 2425 1254 2492 barinorum.
1288 2423 1362 2485 Sic-

194 2550 258 2614 que
289 2539 366 2592 ante
388 2529 521 2610 januam
549 2528 709 2591 ecclesiae
730 2528 910 2592 dominicae
939 2531 1183 2595 resurrectionis
1199 2529 1360 2592 aedifica-

193 2642 311 2700 verunt
340 2633 567 2696 monesterium
600 2633 634 2695 in
664 2635 819 2699 honorem
847 2635 962 2698 beatae
993 2637 1117 2698 Mariae
1141 2635 1292 2716 Virginis
1328 2640 1359 2696 et

194 2740 342 2804 abbatem
364 2745 395 2800 et
418 2737 593 2802 monaches
615 2737 731 2802 latinus
758 2739 989 2823 imposuerunt.
1034 2741 1076 2802 Et
1098 2744 1174 2824 quia
1195 2739 1306 2802 Latini
1326 2737 1357 2800 id

162 2825 169 2842 ⁹
195 2829 372 2930 fecerunt,
392 2843 497 2909 locum
530 2845 637 2934 ipsum
669 2847 874 2907 nominarunt
903 2844 943 2908 ad
975 2845 1127 2908 Sanctam
1158 2830 1296 2907 Mariam
1318 2843 1355 2906 de

193 2953 329 3033 Latina,
361 2959 494 3034 eratque
532 2948 617 3014 dieta
650 2951 790 3012 ecclesia
820 2951 877 3012 vix
898 2948 939 3012 ad
968 2948 1084 3032 lapidis
1108 2951 1230 3032 Jactum
1252 2951 1353 3011 sitas

194 3057 355 3124 dominico
377 3055 560 3140 sepulchro.
594 3054 708 3118 Abbas
727 3055 834 3119 eutem
856 3064 889 3117 et
910 3055 1074 3133 monaehi,
1095 3058 1158 3120 viri
1179 3053 1354 3136 religiosis-

193 3163 284 3244 simi,
317 3163 550 3225 maniniocum
579 3161 712 3224 caritate
742 3162 931 3243 peregrinos
962 3163 1188 3224 ultramarinos
1219 3161 1352 3241 reeipie-

195 3268 274 3326 bant
295 3275 326 3327 et
347 3264 577 3328 humanissime
599 3268 788 3330 tractabant.
818 3265 1009 3330 confluente
1030 3275 1136 3330 autem
1158 3265 1349 3328 multitudine

194 3369 445 3452 peregrinorum,
467 3370 608 3434 virorum
630 3379 664 3434 et
684 3373 868 3454 mulierum,
890 3373 953 3434 viri
975 3371 1101 3456 quidem
1125 3370 1364 3454 recipiebantur,

193 3476 278 3536 intra
296 3477 541 3558 monesterium,
570 3477 603 3538 in
625 3477 752 3540 domum
781 3477 958 3560 hospitum,
993 3477 1151 3539 foeminae
1171 3495 1248 3539 uero
1267 3474 1345 3554 alibi,

194 3586 288 3662 prout
309 3587 476 3663 poterent,
499 3589 591 3644 extra
612 3583 782 3646 manebant
809 3591 842 3644 et
862 3600 1100 3667 nonnumquam
1123 3599 1144 3644 a
1165 3579 1342 3644 sarracenis

194 3681 446 3746 molestabantur
486 3694 518 3747 et
550 3685 710 3748 delectum
742 3689 952 3770 patiebantur.
1007 3687 1102 3752 Unde
1132 3683 1275 3749 monachi
1302 3682 1342 3746 illi

194 3790 344 3871 invocata
364 3789 470 3853 Maria
500 3789 657 3872 adjutrice
686 3793 926 3874 peregrinorum
953 3783 1222 3854 ¹aedificaverunt
1254 3807 1340 3871 prope

193 3914 288 3958 suum
310 3897 536 3959 monasterium
558 3895 599 3958 ad
622 3916 744 3958 murum
760 3896 919 3960 ecclesiae
939 3897 1046 3959 sancti
1062 3896 1224 3978 sepulchri
1244 3911 1340 3955 mone-

194 4001 329 4065 sterium
351 4000 436 4064 aliud
469 4001 676 4063 foeminarum
699 4003 742 4064 ad
762 4003 926 4064 sinistrum
955 4002 1108 4084 templum
1138 3999 1338 4084 ingredientis,

194 4104 280 4190 quod
313 4104 356 4168 ad
387 4113 531 4166 sanctam
566 4106 702 4168 Mariam
729 4107 955 4190 Magdaleuam
989 4107 1154 4188 dicebant,
1187 4114 1219 4167 et
1243 4101 1337 4165 inille

194 4211 432 4294 recipiebantur
451 4205 602 4270 mulieres
623 4213 813 4294 peregrinae
840 4221 872 4274 et
892 4213 979 4276 bene
1010 4213 1235 4275 tractabantur.
1273 4205 1337 4270 Sio-

194 4331 258 4393 que
279 4316 367 4377 facta
389 4321 437 4375 est
469 4313 709 4394 peregrinorum
742 4315 985 4378 occidentalium
1019 4315 1130 4378 melior
1162 4315 1290 4378 conditio
1307 4315 1334 4375 iu
