2926 5050
103 449 266 514 bucael.
290 447 1278 533 Ounilloergooaatnadsuperioravaoiuos,uhierat

104 553 370 638 mesaneos
360 573 394 618 m
414 572 489 639 qao
501 562 610 617 mutus
630 553 813 616 Zacharias
842 553 948 637 sedit,
981 555 1091 639 ibique
1111 551 1279 635 postulato

104 658 257 741 pugillari
276 661 424 742 scripsit:
441 658 613 722 Johanuss
633 667 687 721 est
705 675 833 720 nomem
853 657 935 740 ejus.
977 658 1026 720 ihi
1048 657 1146 720 etiam
1177 675 1276 738 aper-

105 774 176 827 tum
196 773 258 827 cat
266 763 353 828 illico
374 781 415 828 os
434 761 530 845 ejus,
551 769 587 825 et
605 762 813 846 prophetavit
832 760 945 824 dicens
970 769 1005 824 ct
1023 769 1177 827 cantans·
1207 761 1282 823 Be-‚

106 867 256 930 nedietus
273 867 433 932 Dominus
452 875 515 932 etc.
559 867 608 929 lhi
626 883 705 948 ergo
724 868 760 927 iu
781 867 926 948 oratione
942 883 1009 928 nos
1040 867 1275 948 prostravimus
1347 865 1352 872 ’

107 980 141 1034 et
168 970 389 1054 indulgentias
408 971 592 1054 resupinus
617 971 686 1053 (is).
728 969 884 1053 Domum,
917 987 990 1032 cum
1019 960 1276 1034 surrexissemns

106 1079 149 1138 ab
170 1077 333 1160 oratioue,
354 1063 573 1142 convertimus
601 1091 663 1138 uos
684 1072 726 1136 ad
747 1073 811 1137 loci
844 1073 1152 1156 considerationem,
1188 1081 1222 1134 et
1242 1073 1282 1138 iu

106 1179 240 1256 sinistro
249 1181 373 1264 pariete
384 1181 524 1247 vidimus
534 1179 868 1264 maguamecelesiam
878 1175 1144 1260 aieuestramffl,
1155 1177 1277 1240 iactam

107 1303 168 1366 pro
188 1285 405 1349 reservaoulo.
436 1289 474 1348 in
495 1286 558 1349 hoo
579 1283 820 1347 reservaculum
842 1283 974 1347 intmsit
993 1282 1160 1345 Elisabeth
1180 1300 1277 1346 suum

107 1388 310 1471 infantulum,
330 1398 479 1452 ειιιιιιιιιιι
489 1389 673 1465 Johaunem
681 1387 877 1471 Baptistam,
898 1396 931 1450 ot
951 1386 1131 1468 abscondit,
1147 1385 1276 1469 quaudo

107 1495 198 1556 servi
226 1493 367 1557 Herodis
389 1493 608 1560 discurrerunt
627 1511 693 1575 per.
713 1491 797 1554 lines
829 1489 903 1554 illos
932 1491 974 1555 ud
1002 1490 1222 1581 quaerendum
1242 1498 1277 1552 et

29 1587 33 1593 ’
108 1596 319 1664 occidendum
339 1598 491 1661 infantes
535 1595 686 1660 Creditur
706 1598 810 1678 euim,-
828 1596 915 1678 quod
938 1598 1066 1660 etiam
1056 1616 1089 1659 ιιι
1107 1596 1195 1661 illam
1214 1593 1276 1658 do-

108 1717 196 1778 mum
216 1700 434 1764 ascenderunt
454 1700 733 1784 adquaerendam
753 1701 905 1764 infantes.
940 1699 1008 1764 Sed
1030 1719 1116 1765 cnm
1125 1698 1276 1764 viderent

108 1803 191 1868 duos
211 1823 311 1871 senes
330 1806 490 1888 homines,
510 1805 703 1870 Zachariam
724 1813 759 1868 et
779 1805 958 1887 Elisabeth,
974 1825 1040 1868 uon
1059 1805 1276 1888 suspicaban·
1277 1855 1281 1860 .

108 1917 161 1970 tur
181 1909 268 1990 apud
287 1927 347 1972 eos
368 1911 524 1974 infantem
541 1910 681 1992 aliquem
712 1919 745 1972 et
765 1910 864 1974 citius
885 1919 1109 1992 recesserunt,
1142 1917 1177 1972 et
1195 1926 1280 1994 puer

108 2013 278 2075 Johonnes
310 2017 440 2076 marrsit.
482 2013 642 2077 Albertus
666 2022 775 2076 ιιιιιιιιιι
806 2013 919 2077 scribit
950 2033 1048 2096 super
1078 2013 1159 2075 huc.
1181 2030 1209 2076 e.
1234 2013 1275 2092 l.,

107 2116 303 2180 Zachariam
332 2117 377 2179 ihi
412 2117 453 2179 ah
484 2117 681 2180 Herodianis
709 2118 869 2200 occisum
902 2107 978 2200 quia
1007 2117 1108 2181 noluit
1140 2113 1276 2198 prodere

109 2238 265 2303 puerum,
289 2230 325 2285 ut
346 2220 432 2283 inira
452 2222 585 2302 patebit.
629 2223 667 2306 ln
686 2221 746 2283 illa
767 2221 894 2303 capella
925 2229 1004 2284 sunt
1024 2221 1139 2284 altaria
1159 2219 1279 2300 nmio,

110 2323 343 2388 attestudines
364 2327 531 2407 ruinosae,
565 2333 600 2388 et
619 2327 654 2387 in
674 2325 852 2408 parietibus
873 2327 1026 2408 antiquae
1057 2325 1219 2409 picturae,
1242 2329 1284 2385 et,

110 2437 261 2492 crescunt
277 2436 345 2492 tam
365 2431 516 2512 superins
534 2448 630 2514 quam
646 2429 782 2493 inferius
805 2431 938 2495 arbusta
958 2439 993 2493 ct
1013 2430 1162 2512 gremino
1178 2445 1277 2511 super

110 2534 302 2603 testudines.
335 2531 502 2612 Quaedam
523 2543 630 2598 autem
650 2551 753 2617 grana
774 2533 883 2598 blavei
908 2533 1027 2598 coloris
1047 2535 1092 2599 ihi
1112 2540 1275 2609 creseunt,

110 2639 197 2700 sicut
215 2639 327 2721 labae,
353 2657 440 2722 quae
458 2639 587 2723 nullibi,
608 2639 674 2702 nisi
704 2639 766 2724 ibi,
788 2642 1000 2724 reperiuntur.
1043 2638 1129 2702 Olim
1149 2637 1210 2701 fuit
1232 2637 1277 2700 rhi

111 2741 246 2822 pulchra
263 2751 295 2804 et
314 2745 459 2825 gratiosa
478 2742 637 2825 ecelesia,
672 2751 704 2805 et
727 2743 914 2807 habitabant
933 2745 1029 2825 juxta
1052 2761 1123 2806 eam
1144 2735 1179 2805 in
1205 2739 1277 2804 cel-

113 2844 188 2908 lulis
207 2847 364 2928 monachi,
386 2845 446 2910 sed
462 2847 542 2930 jam,
563 2847 644 2912 heu!
667 2847 755 2910 iacta
776 2855 827 2912 est
847 2848 1003 2912 habitatio
1028 2845 1161 2910 deserto
1181 2847 1277 2909 unius

113 2948 285 3010 miserrimi
298 2947 482 3012 sarraceni.

115 3192 175 3268 De
199 3192 294 3286 loeo,
319 3192 356 3268 in
382 3217 452 3294 quo
477 3193 667 3272 Johennes
698 3195 767 3270 init
790 3205 897 3272 natus
919 3196 956 3272 in
979 3196 1074 3272 huno
1098 3195 1275 3272 mundum.

196 3373 249 3438 Ab
270 3374 333 3439 hoc
359 3375 431 3440 loco
461 3385 698 3460 consequenter
727 3378 954 3442 descendimus
989 3387 1023 3442 et
1055 3386 1212 3452 exeuntes
1234 3377 1277 3441 ad

114 3480 236 3543 iontem
257 3478 455 3562 praedictum
478 3481 621 3564 regressi
641 3501 772 3566 sumus,
795 3492 828 3546 et
849 3482 1005 3546 ¹delente
1025 3482 1060 3544 in
1082 3481 1197 3545 oollem
1219 3500 1278 3564 per

113 3584 233 3648 olivum
254 3583 475 3668 ascendimus,
497 3592 533 3648 et
553 3603 634 3669 cum,
647 3587 681 3651 iu
701 3589 830 3652 sublimi
852 3603 1017 3669 essemus,
1038 3585 1079 3649 ad
1101 3586 1276 3649 aeclesiam
1297 3654 1300 3659 ,

113 3706 211 3752 unam
232 3707 390 3771 magnam
404 3689 572 3771 vonimus,
594 3699 629 3753 et
649 3692 683 3754 in
705 3710 745 3776 ca
772 3692 928 3775 hymnum
958 3701 995 3755 ut
1015 3699 1168 3774 qnantum
1193 3691 1276 3753 laxis

115 3791 188 3854 altis
220 3793 358 3856 vocibus
385 3795 596 3858 cantavimus.
639 3795 805 3860 Esteuirn
841 3797 982 3878 ecelesia
995 3796 1068 3859 villa
1087 3797 1124 3858 in
1145 3815 1184 3858 eo
1205 3795 1277 3859 loco

113 3896 290 3980 instructa,
320 3897 355 3959 in
375 3915 440 3980 qno
469 3904 567 3961 natus
589 3907 640 3960 est
659 3899 828 3963 ‚iohannes
850 3901 886 3962 li.
917 3917 1107 3984 praecursor
1138 3900 1276 3964 Domini.

113 4000 213 4064 Porro
232 4003 382 4084 proprius
402 3998 580 4085 (attan),
594 4002 684 4091 locus
706 4004 887 4083 nativitatis
915 4002 1278 4088 praecursoris.est.ad
1364 4007 1368 4016 ’

8 4191 9 4196 ¹
98 4103 277 4168 'sinistram
298 4105 476 4188 partemin
497 4105 585 4168 chori
607 4107 741 4191 capella,
763 4107 857 4189 eujus
877 4109 996 4171 ostium
1018 4118 1148 4192 propter
1168 4127 1279 4171 muro-

115 4223 185 4270 rum
205 4208 314 4272 ruinas
335 4218 387 4273 est
414 4210 602 4273 obturatum.
646 4213 710 4276 Per
730 4206 853 4276 murum
882 4230 960 4295 ergo
993 4211 1214 4292 ascendimus,
1244 4218 1277 4272 et

116 4327 200 4374 nnus
233 4312 422 4397 peregrinus
452 4329 491 4378 se
518 4314 612 4380 altari
643 4315 799 4398 subjecit,
830 4323 865 4380 ut
896 4333 955 4399 per
991 4333 1065 4378 enm
1102 4313 1274 4377 scanderet
