2926 5050
90 438 258 522 Spiritum
268 435 423 502 sunum
444 433 478 498 in
498 433 610 518 speeie
629 429 798 500 coronato
818 431 956 517 viderat,
973 439 1009 500 ot
1030 448 1137 517 aneos,
1153 431 1272 518 quibua

90 543 209 608 Patris
238 559 352 606 vooora
370 538 529 623 audiret,
565 536 726 606 mundani
749 537 895 622 reliquit,
930 536 1096 605 desertura
1127 539 1272 620 intravit,

93 654 198 712 antra
218 646 326 728 petiit.

187 749 393 814 Venerabilis
413 748 571 812 Albanus
580 744 840 830 MagnusSornt·
860 745 942 814 Lao.
964 762 994 808 e.
1018 746 1047 811 1.
1068 745 1157 816 orrea
1182 744 1272 812 illnnr

25 877 32 883 ·
94 856 224 918 loonra:
246 853 334 918 Puer
354 859 426 918 arat
443 853 479 920 in
498 849 638 916 deseris
652 859 726 934 eto,
747 852 799 916 sie
821 850 942 936 inquit:
964 849 1055 916 Beda
1074 849 1164 934 dion,
1185 849 1273 934 qtrod

93 959 271 1026 iohannes
289 957 403 1022 donent
423 956 519 1020 ιιιιιιὶι
540 954 601 1022 fuit
619 954 653 1022 in
673 953 815 1035 deserto,
837 963 872 1022 et
890 963 965 1018 otim
983 952 1148 1022 donnum
1168 955 1273 1022 intra·

94 1067 150 1126 vit
172 1063 207 1126 X
225 1079 329 1127 aratos
349 1059 485 1144 habens,
505 1069 540 1124 et
561 1061 667 1126 exirit
686 1059 811 1126 habens
825 1057 924 1124 XXX
945 1075 1059 1142 nanos,
1080 1058 1165 1126 siant
1181 1065 1274 1140 patet

94 1167 214 1231 linoae
237 1166 269 1232 d
297 1165 387 1228 nteit
405 1174 514 1230 tamen
533 1162 738 1248 evangeliun
759 1163 1013 1247 Nazaraeornm,
1033 1161 1120 1249 qnod
1141 1160 1272 1230 nerone

96 1280 279 1356 quaerente
307 1285 425 1351 pueros
446 1267 488 1331 ad
509 1266 707 1351 perdendum
728 1275 821 1350 pater
853 1267 983 1351 quidem
1013 1267 1193 1335 Zacharias
1219 1286 1272 1360 eo,
1358 1264 1360 1275 ’

2 1421 5 1424 >
96 1375 189 1459 quod
219 1374 322 1438 noluit
353 1372 490 1455 prodere
528 1392 679 1456 pnornm,
711 1373 903 1440 interiootns
936 1381 1003 1454 ast,
1035 1380 1138 1439 mater
1165 1380 1272 1436 antam

21 1550 24 1556 ,
95 1487 236 1561 aeoopta
257 1495 356 1561 pnaro
377 1495 482 1560 paone
501 1476 544 1542 de
563 1478 676 1544 abdito
696 1477 861 1561 praediolo
884 1479 968 1562 fugit
986 1479 1021 1544 in
1041 1477 1217 1560 desertum,
1236 1483 1272 1542 et

97 1603 177 1648 enar
209 1604 228 1646 o
259 1583 531 1665 prosequentibus
560 1583 800 1665 angustiatam
832 1582 875 1648 do
904 1601 1004 1669 puero
1031 1579 1272 1660 abscondendo,

96 1689 228 1770 apernit
249 1706 288 1750 se
307 1686 391 1769 lapis
413 1687 531 1752 montis
552 1687 689 1770 scissos,
710 1694 747 1752 at
769 1704 840 1754 ean
861 1688 895 1754 in
915 1705 956 1752 se
975 1705 1048 1752 eum
1070 1705 1171 1770 puero
1190 1703 1272 1752 aon-

99 1793 219 1873 eluait‚
251 1791 362 1855 etsie
391 1796 554 1856 evaraala
579 1797 633 1854 est
663 1790 850 1858 sollieitado
883 1792 1117 1875 quaerentium.
1162 1791 1205 1859 lit
1230 1808 1273 1855 ax

99 1905 182 1962 tntae
215 1903 318 1958 mator
348 1901 425 1977 post
455 1894 538 1960 alios
567 1893 682 1977 paulas
711 1912 816 1963 unsa
847 1905 989 1976 mortno,
1035 1914 1116 1977 puer
1148 1897 1182 1962 in
1213 1912 1273 1958 so·

100 1997 238 2063 litndina
256 1997 421 2078 remansit,
440 2007 475 2062 et
497 2017 539 2060 ex
558 2015 622 2062 usn
642 1998 777 2080 puerilis
798 1999 916 2066 aetatis
937 1999 1083 2064 lornano
1100 1996 1273 2063 comedere

102 2102 234 2183 didioit,
257 2101 374 2164 etmel
395 2100 564 2184 silvestre,
585 2099 673 2184 qnod
692 2102 778 2168 siant
808 2103 942 2168 iormioa
959 2103 994 2169 in
1016 2100 1155 2172 desertis
1174 2103 1272 2166 inva-

100 2207 161 2271 nit.
183 2204 311 2268 Dicitur
331 2205 439 2285 anan,
455 2205 542 2288 qnod
560 2205 699 2286 sangnis
719 2205 828 2287 patris,
840 2207 875 2268 in
896 2207 987 2276 vasio
1009 2225 1029 2272 a
1049 2204 1272 2274 sacerdotibus

101 2317 269 2391 receptus,
291 2317 324 2372 et
344 2308 378 2374 in
404 2309 526 2394 tempto
552 2317 724 2390 servatus,
760 2310 912 2376 continno
943 2311 1087 2392 bullivit,
1119 2311 1272 2393 quonous
1300 2343 1301 2348 ¹

102 2405 220 2497 aliquis
242 2411 284 2478 de
305 2413 427 2480 familia
446 2413 588 2482 Herodis
608 2413 642 2480 in
662 2413 783 2496 tempto
802 2415 961 2498 apparuit.
987 2418 1083 2482 Haeo
1102 2413 1269 2482 Albortns.

102 2519 176 2581 Duo
197 2526 304 2582 autern
325 2517 457 2581 deserta
476 2520 590 2584 habuit
611 2517 650 2586 S.
668 2518 837 2584 ioannes
858 2523 1025 2606 Baptista,
1046 2521 1184 2604 prirnnm
1205 2536 1271 2588 non

104 2621 203 2704 longe
224 2641 245 2684 a
266 2621 360 2686 domo
391 2631 542 2706 paterna,
573 2625 607 2687 in
637 2641 702 2706 qno
724 2624 844 2690 adhnai
862 2633 1082 2692 monstrantur
1102 2629 1213 2706 antra,
1235 2622 1270 2688 in

104 2727 220 2806 quibus
235 2724 369 2805 iuvenis
398 2727 580 2809 habitabat3
612 2712 792 2795 seeundum
810 2729 905 2810 juxta
924 2729 1117 2811 dordonam,
1150 2726 1183 2792 in
1206 2745 1271 2810 quo

103 2829 221 2909 populo
253 2827 460 2911 preadiaabat
490 2839 523 2895 et
547 2831 740 2912 baptizabat.
782 2832 834 2896 De
854 2833 956 2916 primo
979 2833 1115 2900 liabetur
1135 2833 1216 2899 Ilua
1241 2831 1269 2896 l.

106 2931 147 2994 da
168 2930 313 2996 seeundo
330 2931 411 2996 lina.
431 2932 463 3000 3.

129 3173 189 3247 De
213 3172 317 3265 loeo,
345 3178 475 3278 inquo
501 3180 594 3278 stips
616 3177 706 3276 ligni
731 3178 850 3253 crucis
877 3179 1015 3271 erevit,
1040 3185 1081 3254 nt
1104 3177 1246 3254 dicimo.

168 3353 398 3424 'mirans
417 3375 496 3441 ergo
518 3359 631 3423 aloes
648 3359 827 3424 nativitatis
848 3359 885 3429 S.
906 3359 1067 3424 Johannis
1088 3368 1122 3422 et
1138 3359 1273 3424 dimissa

104 3457 200 3540 valle,
212 3479 272 3541 per
293 3479 388 3544 qnam
410 3464 444 3526 ln
463 3463 568 3528 loonot
590 3465 796 3546 venimus,in
817 3464 882 3526 alta
899 3464 1145 3529 eonsaandirnns
1159 3473 1272 3529 eontra

102 3561 296 3646 Jerusalem,
315 3565 394 3630 indo
412 3567 446 3632 in
467 3567 587 3632 vallera
608 3568 796 3634 deliciosam
818 3576 853 3631 et
873 3569 1012 3633 fartilem
1033 3568 1270 3650 descendimus,

103 3667 137 3728 in
156 3685 222 3748 qna
239 3667 400 3752 qnondam
430 3673 522 3736 stetit
541 3673 660 3736 oivitos
690 3673 785 3736 Naba
816 3672 1046 3756 mandatelis,
1079 3676 1135 3738 nbi
1162 3673 1274 3738 David

97 3789 204 3853 *panes
229 3775 457 3854 propositionis
477 3776 633 3854 eomedit,
655 3785 690 3840 et
710 3777 851 3859 gladium
873 3777 1015 3842 Goliathi
1037 3778 1110 3860 (B)
1131 3781 1269 3864 serapin,
1313 3779 1319 3790 ’

103 3881 141 3938 nt
161 3875 298 3942 iniant
327 3879 354 3942 l.
376 3879 459 3963 llag.
481 3882 533 3944 at.
556 3887 592 3944 et
620 3881 736 3946 ffltth.
760 3882 810 3946 ta.
852 3885 947 3948 Hane
977 3883 1145 3946 civitatem
1175 3881 1270 3964 Saul,

104 3999 180 4062 rex,
197 3981 420 4046 snbvertitet
447 3985 768 4050 onnom'nominem
799 4005 845 4050 ex
865 4004 906 4048 aa
928 3985 1063 4068 oooidit,
1097 3994 1132 4050 et
1151 4003 1271 4069 pueros

101 4085 271 4169 laetantes,
290 4095 324 4150 at
347 4085 391 4150 85
412 4087 598 4152 saeerdotas
616 4108 660 4152 ox
681 4107 721 4152 aa
739 4090 906 4152 interiecit
924 4091 959 4153 in
978 4109 1037 4152 ore
1057 4089 1172 4172 gladii,
1194 4089 1271 4172 qnia

103 4188 220 4252 divitas
240 4189 446 4256 maardotnrn
468 4201 551 4275 orat,
573 4202 609 4256 nt
630 4195 766 4258 natan
788 4195 817 4258 i.
835 4193 923 4276 llog.
943 4195 995 4258 ἥ.
1040 4194 1085 4256 lli
1106 4194 1170 4256 noo
1191 4193 1271 4257 toeit

103 4309 147 4356 en
166 4310 222 4374 ao,
245 4295 321 4376 qnia
337 4294 495 4362 doduant
518 4296 632 4362 David
646 4315 764 4381 panon
797 4307 831 4360 ot
852 4297 1004 4381 gladium.
1048 4296 1129 4364 lrnlo
1160 4302 1278 4360 antem·
