3030 4864
735 193 800 256 m
844 245 849 254 .

389 394 502 470 Dicte
525 393 617 471 dura
640 401 789 498 propter
813 409 912 470 mare
937 381 1140 470 arenosum,
1180 387 1182 394 ’

177 613 183 624 ·
265 573 385 654 Quinta
407 575 533 656 damma
567 585 644 642 aute
677 578 785 642 noetis
811 576 950 642 medium
991 577 1183 660 inceperunt
1218 579 1351 644 asinarii

181 678 321 742 clamare
349 692 602 768 conquerentes,
634 683 698 748 sibi
730 665 811 747 duaa
833 683 945 746 asinos
971 682 1144 746 clunibus
1168 683 1295 747 solutos
1317 691 1352 746 et

179 797 238 866 per
259 783 349 847 iures
369 786 536 852 abductos
579 791 653 852 Hoc
673 786 814 852 elamore
835 803 948 850 omnes
969 785 1089 850 inimus
1120 788 1292 872 inquietati
1314 795 1350 852 et

180 887 362 952 resedimus
382 891 417 954 iu
449 891 577 956 lectulis
610 893 832 975 colloquentes
862 891 903 956 de
929 893 1171 955 occurrentibus
1199 893 1350 974 begonis,

179 992 313 1058 alcarii
332 1002 438 1058 autem
461 997 640 1061 currebant
654 1015 712 1081 per
733 998 896 1080 regionem
918 1004 952 1058 et
971 997 1095 1060 bestias
1112 997 1208 1061 simul
1221 995 1297 1076 (84
1304 1002 1350 1074 a)

179 1081 391 1181 invenerunt5
421 1117 460 1172 se
488 1101 580 1184 ipsas
606 1103 690 1166 enim
719 1101 887 1165 solverant
914 1109 948 1164 et
981 1103 1136 1167 abierant.
1189 1102 1349 1166 Adductis

181 1211 288 1267 antem
311 1203 413 1266 asinis
442 1205 612 1288 imperavit
634 1205 769 1270 Celiuns
790 1207 932 1270 camelos
953 1224 1088 1271 onerare
1120 1216 1153 1272 et
1183 1224 1349 1272 recessum

180 1308 367 1390 anticipare,
389 1311 562 1374 eratenim
585 1309 691 1374 adbuc
710 1309 808 1392 oalde
833 1329 937 1392 mane,
960 1303 1049 1394 puta,
1072 1311 1211 1376 medium
1233 1312 1347 1374 nemis

180 1411 389 1475 Surreximus
410 1425 488 1496 ergo
510 1423 541 1478 et
562 1416 668 1496 parati
690 1414 733 1476 de
754 1415 925 1496 Magareth
948 1412 1077 1478 deserte
1099 1416 1295 1480 recessimus
1316 1423 1349 1479 et
1417 1463 1420 1470 .

180 1517 406 1600 rigidissimum
430 1535 571 1581 eremum
593 1519 732 1600 ingressi
760 1535 891 1600 sumne,
915 1516 1130 1599 loquendam
1160 1528 1267 1582 autem
1297 1517 1349 1582 di-

81 1633 84 1640 ·
180 1622 329 1686 strictum
351 1623 501 1688 venimus
523 1620 783 1705 frigidissimum,
815 1622 850 1684 in
873 1639 937 1705 qno
962 1631 1076 1686 contra
1096 1641 1217 1686 morem
1239 1624 1350 1687 orien-

181 1727 291 1790 talium
314 1728 479 1811 regionum
501 1736 624 1792 tantum
647 1728 751 1809 frigus
773 1727 862 1808 passi
892 1741 1021 1809 sttmns,
1053 1735 1090 1790 ut
1111 1719 1213 1809 pedes
1234 1727 1348 1806 nostri,

181 1850 299 1896 atauus
321 1841 353 1894 et
375 1833 447 1896 nasi
479 1834 676 1916 rigescerent
699 1842 730 1894 et
754 1830 905 1896 dentibus
933 1834 1173 1898 demeremus..
1195 1830 1268 1892 Hoc
1289 1829 1350 1892 iri-

180 1955 261 2022 gore
281 1936 380 2002 valde
411 1937 567 2002 debilitati
595 1937 735 2019 inimus,
770 1936 845 2020 quia
876 1938 1045 2024 bucusque
1071 1953 1200 2018 semper
1231 1935 1350 1998 luimus

119 2093 121 2100 ,
181 2043 277 2128 qnasi
296 2044 330 2106 iu
352 2045 506 2108 extremis
527 2043 689 2106 caloribus
711 2051 745 2105 et
765 2059 852 2106 rrune
882 2053 1059 2108 extremum
1083 2043 1186 2126 frigus
1212 2039 1350 2104 intravi-

180 2167 254 2212 mus
283 2167 345 2212 nec
375 2149 524 2216 vestibus
544 2155 658 2211 eontra
678 2146 800 2228 frigora
829 2149 932 2229 operti
954 2149 1084 2214 fuimus.
1126 2147 1210 2211 Cum
1233 2151 1350 2227 magua

181 2271 260 2336 ergo
292 2254 480 2322 festinantia
511 2251 683 2335 perillum
721 2249 899 2316 districtum
932 2255 1151 2336 processimus
1189 2257 1349 2333 optantes,

181 2358 276 2420 citius
297 2359 399 2423 solem
422 2357 512 2439 oriri,
545 2375 609 2440 quo
631 2355 921 2439 recalescamus,
952 2374 1049 2438 quem
1078 2365 1186 2428 tamen
1216 2355 1350 2438 saepius

181 2457 339 2520 haetenus
371 2459 519 2522 occidere
554 2460 825 2541 desideravimus,
865 2468 901 2522 nt
928 2461 1202 2542 refrigerationem
1229 2439 1349 2530 babere

181 2567 351 2643 possemne
373 2564 602 2628 ablmmensis
624 2563 795 2627 caloribus.
838 2565 1009 2627 lateralia
1030 2565 1154 2646 omnia,
1182 2575 1349 2645 quae'pe·

183 2667 434 2748 regrinationem
456 2668 639 2732 solitudinis
668 2667 804 2734 reddunt
837 2669 1052 2752 tolerabilem,
1084 2668 1146 2732 hec
1171 2663 1351 2750 principale

182 2779 250 2853 est,
272 2771 359 2855 quod
386 2772 535 2856 cottidie,
556 2774 621 2837 imo
640 2776 734 2857 quast
763 2775 849 2838 omni
876 2774 971 2857 hora,
994 2789 1098 2836 novas
1126 2773 1276 2855 regiones
1296 2769 1351 2832 irt-

182 2883 287 2958 traut,
323 2895 408 2959 quae
442 2877 575 2942 alterius
607 2886 686 2943 sunt
722 2878 915 2943 conditionis
948 2887 982 2940 et
1010 2878 1097 2940 aeris
1126 2884 1159 2940 et
1190 2884 1277 2938 terra
1307 2889 1348 2936 ae

182 2991 312 3044 montes
344 2983 476 3046 alterins
498 2983 621 3047 iormae
642 2993 674 3048 et
707 2983 843 3066 coloris,
879 2984 996 3066 quibus
1026 2983 1122 3046 homo
1155 2980 1288 3042 miratur
1309 2976 1351 3039 de

184 3089 411 3168 praesentibus
432 3095 466 3152 et
488 3088 596 3154 futura
617 3087 730 3154 videre
751 3088 924 3152 desiderat
967 3084 1104 3167 Semper
1124 3087 1208 3148 enim
1229 3081 1350 3164 aliquid

112 3221 115 3228 »
183 3192 259 3254 novi
281 3195 440 3276 occurrit,
461 3212 526 3276 quo
548 3195 644 3258 bomo
664 3194 699 3256 in
719 3193 959 3258 admirationem
982 3193 1123 3274 rapitur,
1144 3190 1197 3254 vel
1220 3193 1351 3271 propter

184 3295 347 3358 mirabiles
368 3296 574 3361 habitudines
589 3299 774 3379 ,montinmp
795 3296 850 3360 vel
879 3306 1009 3379 propter
1031 3296 1169 3364 colorem
1191 3304 1296 3358 terrae
1317 3299 1352 3355 et

183 3399 309 3479 rupium
330 3407 362 3461 et
381 3400 560 3482 lapillorum
581 3402 790 3483 varietatem,
816 3401 870 3464 vel
889 3409 1019 3484 propter
1039 3402 1169 3466 nimiam
1191 3400 1351 3481 asperita-

183 3507 262 3581 tem,
283 3502 486 3568 sterilitatem
509 3513 543 3567 et
564 3507 762 3586 vastitatem,
777 3523 862 3586 quae
883 3506 989 3568 emnia
1010 3506 1157 3568 curiosos
1179 3504 1352 3569 detectura

184 3603 304 3668 Fateor
325 3606 388 3668 boc
409 3606 450 3669 de
470 3627 522 3671 me
552 3605 644 3691 ipso,
678 3607 764 3689 quod
792 3609 945 3690 majorem
980 3608 1225 3674 delectationem
1253 3605 1351 3672 babni

183 3710 216 3770 in
238 3708 423 3772 solitudinis
444 3712 620 3794 vastitate,
641 3710 814 3774 sterilitate
842 3698 875 3775 dt
895 3713 929 3775 in
950 3712 1022 3795 ejus
1045 3712 1353 3794 lrorribilidisposi·

185 3815 282 3896 tione,
305 3824 400 3896 quam
423 3834 574 3900 umquam
595 3816 759 3880 habuerim
778 3817 811 3877 in
826 3816 972 3901 Aegypti
993 3819 1166 3901 fertilitate,
1187 3817 1353 3882 habilitate

184 3927 217 3982 et
239 3920 273 3982 in
294 3919 366 4002 ejus
392 3919 596 3986 desiderabili
618 3919 862 4003 pulchritudine.
906 3922 1007 4005 igitur
1034 3923 1121 3986 cirea
1142 3924 1223 3987 solis
1246 3931 1353 3986 ortum

183 4022 225 4086 de
247 4027 380 4106 regibus
402 4025 531 4108 frigoris
552 4026 679 4109 egressi
698 4042 812 4087 sumus
829 4033 864 4088 et
883 4025 917 4088 in
935 4027 1099 4110 regionem
1119 4028 1254 4093 alterins
1269 4045 1354 4091 oon·

183 4126 314 4192 ditionis
333 4129 521 4214 incidimns3
544 4150 617 4194 nam
634 4131 668 4194 iu
688 4137 861 4193 torrentem
884 4147 1053 4212 arenosum
1075 4132 1225 4196 venimus
1243 4140 1277 4205 et
1294 4151 1354 4214 per

183 4240 309 4298 montes
326 4253 434 4300 novos
453 4237 692 4320 intempestate
709 4233 814 4298 iactos
831 4235 1039 4302 ascendimus
1066 4256 1138 4302 enm
1158 4238 1354 4304 difficultate
