2926 5050
197 667 361 744 venimus3
383 663 428 728 ibi
448 662 555 727 stabat
575 679 660 726 unus
682 679 829 745 paganus
849 661 957 726 Arabs
983 677 1055 724 oum
1076 659 1177 726 iusto
1202 655 1335 738 (m
1344 659 1389 734 Δ)

197 779 232 834 et
265 768 387 832 nullum
412 767 600 850 intromisit,
641 767 705 830 nisi
726 763 817 828 daret
841 767 906 830 sili
936 773 1113 830 mareotam
1153 767 1390 844 venetiarum,

196 893 262 958 quo
290 872 398 937 soluto
426 872 568 956 ingressi
602 887 734 953 speoum
764 887 894 954 sumus,
931 871 964 934 in
997 889 1063 954 quo
1094 887 1212 953 specu
1249 867 1390 932 ereditur

196 977 358 1042 Dominus
379 977 482 1040 desua
504 975 565 1038 XL
599 973 714 1040 diebus
736 983 767 1038 et
790 976 938 1039 noetibus
966 973 1149 1057 jejunasse,
1188 984 1234 1036 nt
1260 971 1390 1036 tradunt

195 1083 429 1166 livangelistae
467 1079 582 1142 unta
624 1097 653 1142 e.
699 1080 780 1161 lV.,
823 1069 926 1144 llere.
959 1097 1006 1142 a·
1023 1081 1051 1144 1.
1094 1087 1126 1141 et
1171 1079 1277 1144 huo.
1321 1093 1387 1156 eap.

195 1187 253 1252 IV.
297 1185 514 1250 cantavimus
536 1191 645 1246 autern
667 1184 726 1246 ibi:
756 1182 874 1260 duetus
903 1191 955 1247 est
978 1183 1081 1246 desua
1102 1191 1164 1246 eto.
1208 1201 1300 1246 oum
1321 1179 1388 1243 aliia

196 1293 334 1378 signatis
361 1292 394 1354 iu
422 1287 655 1372 processionali
682 1297 787 1350 terrae
819 1297 961 1352 sanotae.
1004 1289 1049 1350 Et
1079 1288 1132 1352 iris
1161 1289 1332 1370 peractis
1358 1287 1385 1344 in

196 1398 372 1462 arationem
395 1411 457 1456 nos
490 1393 722 1474 prostravimus
764 1401 796 1454 et
817 1390 1034 1476 indulgentias
1062 1391 1243 1475 plenariae
1268 1390 1385 1454 remis-

196 1501 298 1564 sionis
309 1497 592 1580 aoeepimus(††),
603 1505 635 1558 et
647 1495 767 1560 diutius
780 1499 813 1560 ln
827 1497 888 1562 hae
899 1499 1105 1562 sanctissima
1114 1497 1295 1579 spelunea
1309 1511 1382 1557 eon-

198 1602 396 1685 templationi
429 1608 462 1661 at
489 1616 604 1662 saorae
633 1599 837 1666 oollooutioui
864 1603 1046 1666 institimus.
1091 1601 1148 1664 Sia
1180 1599 1335 1684 quidem
1354 1596 1383 1657 in

197 1725 238 1770 ea
258 1703 409 1772 Salvator
429 1709 542 1766 noster
562 1703 727 1768 solitarius
749 1715 874 1789 manet,
903 1707 1045 1790 jejunat,
1067 1715 1153 1790 orat,
1180 1703 1331 1788 vigilat,
1351 1701 1378 1762 in

197 1818 282 1874 terra
303 1808 390 1872 nuda
417 1807 506 1892 jaoet
536 1817 569 1872 et
590 1807 721 1891 dormit,
748 1811 913 1874 humiliter
937 1821 969 1874 et
994 1811 1132 1894 paeiliee
1153 1830 1236 1874 oum
1262 1807 1378 1872 bestiis

196 1913 300 1995 degit,
332 1931 405 1974 eum
437 1911 565 1977 diabolo
593 1923 734 1997 pugnat,
773 1918 952 1997 scripturas
989 1917 1142 1997 ruminat,
1174 1915 1374 1998 angelornm

197 2019 374 2100 mirristerio
397 2017 527 2099 gaudet.
558 2017 586 2080 0
609 2037 704 2101 quam
722 2027 838 2082 saneta
859 2020 1015 2084 solitudo!
1039 2020 1093 2083 Ad
1114 2037 1212 2104 qnam
1226 2017 1374 2101 spiritur

88 2202 92 2211 ι
196 2123 339 2186 Sanetus
360 2121 458 2186 lilium
481 2121 544 2186 Dei
565 2121 707 2206 induxit,
733 2143 828 2206 quam
849 2126 1008 2188 Dominus
1028 2125 1129 2187 Jesus
1150 2141 1214 2186 sua
1237 2119 1371 2186 inhabi-

195 2228 318 2292 tatione
339 2228 570 2311 sanctificavit,
599 2247 695 2311 quam
718 2246 779 2292 suo
805 2227 995 2311 dignissimo
1024 2229 1148 2312 jejunio
1182 2223 1370 2290 nobilitavit
1429 2307 1430 2312 ἵ

196 2343 229 2396 et
249 2334 323 2396 aliis
346 2334 487 2398 miriliois
519 2333 671 2396 virtutum
696 2331 852 2415 exemplis
873 2334 1084 2416 glorifieavit,
1125 2335 1252 2414 inqua
1275 2326 1366 2394 ealli÷
1429 2335 1430 2430 p

195 2423 319 2501 dissimi
345 2441 465 2501 inimici
484 2438 616 2501 humani
650 2439 782 2521 generis
810 2436 902 2501 dolos
923 2439 1063 2521 deterit,
1094 2439 1229 2502 tentatis
1264 2438 1309 2500 ab
1330 2449 1365 2494 ευ
1429 2431 1430 2434 ’

196 2539 323 2602 modum
352 2540 505 2604 vincendi
531 2541 670 2604 tradidit.
711 2540 806 2606 Unde
833 2559 953 2625 speous
981 2545 1034 2608 lrio
1063 2544 1170 2626 potius
1202 2537 1362 2607 dieendua

196 2650 247 2705 eat
268 2643 421 2704 virtutum
453 2641 566 2705 sohola
600 2662 696 2725 quam
738 2646 858 2710 deserti
888 2663 1040 2716 caverna.
1082 2646 1363 2731 contomplatione

195 2752 330 2832 peraeta
352 2743 393 2808 ad
417 2745 480 2810 looi
510 2747 595 2808 saori
616 2748 902 2814 considerationem
942 2751 1159 2834 processimus
1199 2745 1360 2811 eunomus

196 2849 428 2932 perlustrantes
458 2866 643 2912 cavernam.
685 2851 747 2913 Est
778 2858 862 2918 enim
897 2858 1054 2939 spelunea
1084 2857 1166 2921 ratis
1188 2869 1309 2936 magna
1328 2846 1358 2907 iu
1427 2936 1428 2946 ἵ

196 2960 305 3036 petra,
338 2969 403 3013 nou
424 2960 494 3016 arte
514 2953 653 3017 humana
687 2959 813 3038 excisa,
845 2959 905 3023 sed
936 2983 955 3024 a
982 2967 1129 3024 creatore
1150 2960 1184 3022 iu
1204 2951 1357 3041 principio
1427 2949 1428 2956 '

197 3057 314 3140 forata,
346 3057 388 3119 ab
406 3075 471 3121 una
491 3067 583 3144 parte
611 3059 719 3122 lumen
747 3063 895 3127 tnoidens
927 3066 1066 3148 desuper
1087 3083 1145 3148 par
1176 3070 1354 3145 aperturam
1426 3063 1427 3082 ²

195 3161 337 3246 habens,
359 3169 393 3225 et
414 3163 475 3230 luit
495 3165 570 3230 olim
592 3182 612 3226 a
634 3161 830 3232 Christianis
857 3169 891 3231 lu
913 3168 1069 3252 capellam
1089 3177 1296 3246 eonseerata,
1327 3155 1356 3220 el

197 3267 260 3334 duo
282 3269 394 3333 altaria
414 3271 448 3332 in
468 3289 510 3336 ea
538 3277 572 3334 et
604 3270 750 3354 picturae
770 3273 803 3336 in
832 3275 1028 3356 parietibus,
1062 3292 1145 3357 quoe
1177 3273 1283 3336 adiano
1305 3264 1354 3329 vi-

194 3373 318 3438 dentur.
359 3373 424 3436 l’er
447 3377 590 3440 foramen
612 3386 734 3458 autem,
767 3393 826 3457 per
851 3375 938 3459 qued
960 3379 1069 3442 lumen
1090 3378 1283 3456 immittitur,
1305 3373 1354 3434 esi

194 3477 349 3537 transitus
370 3493 498 3539 sursum
521 3477 562 3540 ad
584 3481 701 3540 montis
723 3497 877 3542 cacumen
893 3501 952 3564 per
973 3483 1218 3564 abruptissimas
1235 3489 1352 3563 petras,

193 3577 249 3657 qui
270 3577 428 3638 transitus
450 3587 501 3640 est
521 3579 616 3640 nimis
637 3581 847 3660 perieulosus.
885 3585 949 3649 Per
967 3586 1054 3649 hune
1075 3589 1244 3650 transitum
1263 3581 1353 3646 duxit

193 3677 340 3743 diabolus
361 3679 533 3746 Dominum
554 3680 669 3744 desum
691 3687 724 3747 in
753 3691 873 3752 montis
903 3708 1077 3774 oaonmen,
1110 3699 1143 3752 et
1163 3687 1305 3753 ostendit
1324 3683 1352 3747 ei
1423 3671 1424 3706 ³

192 3783 237 3848 ibi
265 3783 372 3846 omnia
405 3801 507 3866 regua
540 3786 667 3865 mundi,
697 3798 735 3852 ut
763 3793 893 3874 patebit.
935 3796 1008 3879 lilgo
1036 3794 1166 3881 quidem
1192 3796 1226 3857 in
1250 3793 1351 3876 ipsam
1423 3835 1424 3849 η

174 3886 371 3950 'fenestram
394 3887 537 3972 aseendi,
557 3890 617 3954 sed
638 3895 814 3976 procedere
834 3898 876 3962 ad
897 3917 1069 3965 ascensum
1091 3917 1191 3964 ausus
1212 3915 1277 3960 non
1297 3893 1349 3975 fui,

192 3991 256 4054 imo
288 3992 473 4092 aspiciendo
495 3993 742 4075 profunditatem
763 4004 929 4086 voraginis
950 4013 983 4068 et
1004 4004 1203 4068 altitudinem
1222 4010 1349 4085 proten·
1422 4035 1423 4071 t

193 4112 253 4157 sae
282 4097 371 4180 rupis
405 4098 567 4164 horrorem
600 4102 706 4168 habui.
751 4105 888 4172 Stabant
919 4119 1025 4174 autem
1055 4109 1111 4172 alii
1139 4105 1298 4192 peregrini
1318 4113 1347 4168 et
1421 4149 1422 4194 ,

193 4195 364 4284 videbant3
404 4203 433 4266 si
462 4203 656 4290 exivissem,
690 4211 781 4274 multi
810 4231 862 4273 me
892 4213 996 4278 seeuti
1024 4213 1174 4277 tuissent
1219 4211 1346 4276 cuneda
1419 4231 1422 4293 ς

192 4322 272 4390 ergo
294 4304 392 4389 visis,
415 4325 499 4392 quae
525 4317 617 4374 erant
636 4309 670 4373 iu
691 4311 754 4377 ista
774 4313 931 4398 spelunea
950 4327 1075 4399 saneta,
1094 4317 1206 4381 eadem
1226 4314 1345 4381 eantela
1420 4335 1421 4344 ¹

193 4417 228 4473 et
255 4410 370 4474 timore
402 4413 576 4496 exivimus,
613 4421 648 4478 et
675 4416 752 4478 alibi
781 4437 841 4500 per
873 4437 970 4500 rnpes
998 4419 1204 4483 aseendimus
1230 4420 1263 4483 in
1288 4419 1344 4482 alia
1420 4487 1421 4515 ,

193 4522 296 4578 antra.
315 4513 403 4578 Sunt
422 4519 510 4578 enirn
530 4513 672 4600 undique
693 4535 751 4598 per
773 4517 938 4582 circuitum
956 4519 1135 4602 speluncae
1155 4525 1189 4586 in
1208 4519 1342 4606 rupibus,
1418 4571 1420 4594 t
