3014 4864
178 430 250 510 ejus
271 430 434 513 rigescere
450 430 573 514 coepit,
603 446 664 494 nec
693 449 731 498 se
758 434 884 516 erigere
902 435 1021 518 quovis
1043 431 1137 496 modo
1158 431 1276 514 trainit,
1308 443 1341 498 et

177 534 251 596 dum
275 550 401 598 manum
425 536 556 599 Domini
574 537 735 600 sensisset
755 547 966 620 aggravatam
986 555 1154 622 superse,
1179 537 1340 600 humiliter

176 647 302 702 etcum
325 639 434 703 moltis
462 639 615 723 lacrymis
644 657 683 704 se
714 641 875 724 deportari
895 644 1006 725 petiit,
1035 642 1095 706 sed
1126 643 1339 706 membrorum

175 759 306 806 suorum
329 744 505 807 naturalem
528 761 621 808 usum
642 753 675 809 et
695 745 830 810 liberum
848 763 1021 828 numquam
1043 747 1180 830 posthac
1201 764 1339 829 recupe-

175 849 276 928 ravit,
298 857 331 911 et
351 848 486 914 claudus
505 859 538 914 et
567 849 730 914 invalidus
753 849 941 932 repatriavit
968 859 1000 911 et
1022 851 1220 933 paralyticus
1250 852 1336 916 obiit.

173 950 292 1014 Mirum
315 961 376 1036 est,
398 953 484 1039 quod
504 973 569 1019 non
589 956 623 1016 in
645 954 824 1017 continenti
845 954 1027 1016 exstinctus
1048 953 1117 1016 init.
1427 951 1431 958 '

256 1055 324 1120 Alii
356 1065 422 1121 tota
456 1069 552 1124 nocte
587 1058 834 1140 negotiabantur
866 1075 939 1120 cum
979 1057 1219 1122 mercatoribus.
1283 1058 1338 1122 ad

174 1160 284 1227 omnia
306 1163 391 1224 euim
405 1163 487 1244 loca,
510 1161 551 1224 ad
573 1180 657 1242 quae
676 1172 814 1246 pergunt
835 1164 997 1246 peregrini
1010 1162 1085 1226 dum
1103 1171 1180 1226 sunt
1199 1162 1232 1224 in
1252 1168 1339 1226 terro

173 1273 305 1348 sancta,
327 1267 582 1330 concomitantor
603 1285 660 1330 eos
682 1276 878 1330 mercatores
899 1268 1084 1350 christiani,
1118 1267 1159 1330 de
1189 1267 1338 1351 genitura

173 1367 364 1451 orientales,
402 1371 556 1434 baeretici
577 1372 777 1436 callidissimi
797 1381 831 1436 et
861 1373 1063 1455 avarissimi,
1096 1389 1158 1434 nec
1189 1390 1336 1436 somnum

172 1472 302 1558 capiunt
332 1473 478 1558 interim,
510 1479 596 1560 quod
631 1479 793 1562 peregrini
824 1480 857 1542 iu
889 1487 975 1541 terra
1002 1484 1118 1540 sancta
1142 1483 1230 1540 sunt.
1293 1476 1337 1540 llt

111 1637 118 1644 .
172 1578 322 1660 puotiens
344 1579 377 1641 in
399 1563 570 1645 ecclesiam
599 1586 707 1647 sancti
728 1583 892 1666 sepulchri
913 1585 1049 1662 intrant,
1070 1580 1119 1644 illi
1139 1589 1337 1645 mercatores

172 1697 245 1748 cam
266 1685 337 1750 suis
358 1687 519 1750 mercibus
540 1687 639 1750 etiam
659 1705 732 1752 oum
755 1691 804 1750 eis
821 1687 1092 1768 intromittuntur,
1114 1703 1209 1768 qaam
1230 1687 1336 1748 intro-

171 1788 358 1854 missionem
371 1791 511 1872 pecania
528 1809 648 1874 magna
659 1800 856 1874 comparant,
869 1797 903 1853 et
918 1808 957 1852 se
969 1790 1091 1853 directe
1100 1800 1176 1853 ante
1185 1790 1336 1854 ostiolum

172 1896 278 1956 sancti
305 1894 469 1976 sepulchri
490 1895 597 1958 locant
625 1905 656 1958 et
680 1911 824 1978 expanso
851 1913 958 1977 panno
985 1912 1084 1977 super
1114 1896 1335 1976 pavimentum

127 2009 131 2026 ’
172 2013 249 2060 sua.
262 2001 393 2082 negotia
419 1999 463 2063 ibi
498 2008 671 2080 exponunt.
716 1995 854 2074 Quidam
888 2015 967 2080 ergo
987 1998 1168 2080 peregrini,
1197 2017 1238 2062 cx
1270 2017 1335 2083 qno

170 2117 322 2164 recessus
351 2119 459 2164 eorum
480 2101 631 2182 instabat,
653 2109 721 2162 tota
741 2109 838 2163 nocte
859 2100 916 2166 illa
933 2101 1128 2183 negotiando
1157 2102 1335 2184 vigilabant

99 2237 103 2248 ·
172 2211 206 2266 et
228 2203 360 2268 diversa
383 2205 543 2268 emebant.
584 2203 660 2266 Non
682 2204 766 2266 enim
786 2204 889 2269 solum
903 2204 1001 2267 Pater
1021 2212 1135 2268 noster
1156 2213 1189 2266 et
1209 2204 1334 2287 lapides
1449 2252 1451 2258 .

169 2311 340 2393 pretiosos,
367 2309 427 2375 sed
447 2327 571 2392 pannos
593 2307 811 2392 dellamasco,
834 2307 875 2372 de
899 2309 1095 2392 Scamolato,
1118 2308 1205 2373 etde
1225 2311 1333 2375 serico

170 2414 299 2478 venalia
334 2416 379 2479 ibi
411 2415 581 2480 habebant.
630 2415 674 2479 llt
707 2418 796 2480 circa
815 2415 876 2480 has
898 2424 1094 2483 mercatores
1116 2426 1186 2502 erat
1216 2434 1334 2500 magna

169 2520 357 2602 inquietudo
380 2529 413 2584 ot
438 2520 569 2603 clamor,
590 2523 675 2584 sicin
696 2520 731 2582 in
757 2505 836 2584 loro.
880 2520 958 2589 Vidi
984 2522 1028 2586 ibi
1054 2521 1211 2604 quosdam
1236 2541 1335 2605 pere-

169 2621 280 2701 grinos
301 2624 427 2689 nobiles
448 2634 480 2689 et
501 2625 719 2708 honorabiles,
743 2628 797 2710 qui
818 2627 851 2690 in
872 2626 970 2689 terris
990 2626 1060 2688 sais
1082 2626 1334 2709 negotiationem

169 2744 242 2790 cum
264 2729 511 2811 mercatoribus,
539 2732 636 2792 etiam
657 2732 691 2794 in
711 2731 850 2812 publicis
883 2730 1055 2812 nundinis,
1078 2737 1242 2814 tamqnam
1264 2750 1332 2793 rem

168 2833 370 2896 inhonestam
390 2843 423 2896 et
443 2852 503 2897 suo
524 2837 621 2898 stetui
643 2854 707 2897 non
729 2837 975 2897 convenientem
997 2834 1332 2915 vitabau13bicvero

167 2939 200 3000 in
231 2935 302 3000 loco
323 2937 528 3001 sanctissimo
557 2939 709 3001 continue
734 2937 873 3021 negotiis
897 2936 1106 3017 insistebant,
1141 2945 1174 2999 ot
1205 2953 1332 3019 pannos

167 3043 328 3125 pretiosos
349 3050 381 3102 et
398 3039 521 3121 jocalia
540 3041 780 3124 comparabant.
823 3042 866 3102 lot
887 3041 942 3121 qui
963 3057 1043 3120 pure
1072 3049 1201 3121 propter
1225 3039 1332 3102 Deum

166 3147 221 3209 vel
241 3152 374 3228 propter
394 3142 540 3206 militiam
562 3143 604 3207 de
633 3145 728 3208 terris
749 3145 820 3208 sais
841 3143 971 3206 inerant
1000 3145 1144 3226 egressi,
1164 3145 1227 3206 iam
1249 3143 1332 3206 lucri

167 3250 287 3314 affecto
299 3250 354 3316 vel
368 3244 544 3332 cupiditate
557 3249 665 3314 allecti
682 3249 902 3331 negotiatores
913 3253 990 3310 sunt
1000 3244 1119 3329 effecti,
1141 3247 1331 3310 insistentes

166 3354 352 3438 mentumis,
371 3353 519 3436 fallaciis,
541 3352 701 3436 periuriis,
723 3353 1004 3418 erexecrabilibus
1016 3352 1226 3435 juramentis,
1247 3370 1330 3434 quae
1404 3386 1413 3400 ν»

166 3461 262 3524 eham
297 3457 496 3525 schismatici
527 3467 560 3522 et
600 3458 755 3522 haeretici
791 3457 857 3540 illi,
885 3475 960 3522 cnm
989 3458 1105 3538 quibus
1135 3459 1329 3539 tractabant,

164 3563 273 3630 iacere
294 3562 483 3644 horrebant,
505 3565 703 3628 conabantur
724 3563 809 3627 enim
834 3581 889 3626 ren
918 3563 1003 3626 bono
1034 3561 1105 3625 loro
1136 3579 1259 3644 emere,
1293 3569 1329 3624 ut

165 3665 239 3750 (B)
261 3667 393 3732 easdem
421 3665 628 3730 aliis.carius
648 3667 830 3732 venderent
849 3667 883 3730 in
904 3667 974 3728 suis
996 3668 1150 3748 partibus,
1169 3667 1254 3729 siout
1276 3665 1329 3728 ia-

165 3775 253 3838 ciunt
273 3773 343 3838 veri
360 3779 565 3854 mercatores,
588 3773 643 3855 qui
664 3789 704 3834 se
724 3771 843 3835 talibus
862 3772 1025 3854 nutriunt3
1047 3770 1102 3831 vel
1124 3779 1157 3832 ut
1165 3769 1328 3852 J'ocalibus

164 3885 197 3941 et
214 3877 371 3940 clenodiis
388 3876 546 3940 amicitias
568 3876 717 3940 carnales
738 3876 882 3940 emer'ent
904 3873 974 3955 (et)
996 3891 1122 3937 amores
1145 3875 1327 3956 multorum,

126 4030 134 4043 .
164 3981 218 4046 vel
240 3981 281 4046 ad
306 3981 554 4045 ostentationem
582 3981 677 4047 emtis
698 3987 882 4044 uterentur.
925 3977 970 4040 Et
1000 3977 1033 4040 in
1059 3979 1121 4042 bac
1152 3979 1327 4042 marcentia

163 4092 319 4169 uoa„orat
340 4103 418 4150 cora
438 4083 481 4146 de
500 4099 595 4146 sacro
616 4083 688 4148 loco
709 4069 771 4147 aec
792 4083 834 4152 de
854 4101 948 4147 sacro
971 4081 1024 4145 die
1038 4089 1073 4146 et
1089 4083 1175 4146 festo
1185 4083 1327 4145 instante

163 4189 198 4252 S.
220 4190 345 4252 Mariae
364 4187 589 4271 Magdalenac.
641 4187 715 4252 Nec
746 4190 809 4254 boc
841 4187 1027 4252 saeculares
1059 4188 1120 4252 soli
1152 4187 1326 4268 faciebant,

164 4295 225 4358 sed
267 4293 397 4376 quidam
440 4291 587 4359 monachi
624 4293 797 4376 irreligiosi
828 4303 862 4357 et
909 4292 1017 4358 clerici
1054 4293 1107 4356 his
1154 4292 1324 4356 vacabant.
