2926 5050
648 273 696 338 dd

91 458 201 520 hucac
220 457 260 518 lt.
315 455 418 540 igitur
432 477 452 518 a
474 453 653 518 diversorio
675 453 729 515 ille
752 454 953 516 recessimus
978 463 1009 517 et
1032 451 1107 516 laeti
1130 451 1258 535 tlrirnus,

91 559 176 644 quud
204 575 227 620 a
254 558 326 622 leue
352 561 431 624 meti
462 559 598 636 fuimus,
640 555 716 637 quia
749 556 992 620 habuissemus·
1007 561 1147 622 nectem*
1165 557 1259 620 inse'-

91 681 200 727 euram
233 670 363 744 propter
390 658 602 723 offensionem
625 658 888 725 Sarracencrum.
931 664 1061 724 Interea
1080 663 1165 724 luita'
1191 670 1261 724 urta

91 776 159 848 ast,
186 776 221 830 et
250 777 323 830 cum
352 780 470 846 magara
499 762 686 861 iestirruntia
721 763 949 828 descendimus
978 766 1150 848 perviam
1171 767 1267 848 peri-‘3

91 873 234 936 culesarn
267 888 325 952 per
354 855 459 931 saltus
494 875 527 929 et
562 886 626 949 per·
653 869 807 950 abruptas
835 871 963 952 petras,
996 871 1033 933 iu¹
1058 871 1175 953 quibus
1196 871 1260 933 viis

91 976 183 1039 aselli
204 993 324 1038 secure
342 981 375 1035 et
393 973 465 1034 sine
488 987 566 1052 casu
587 971 729 1034 transire
746 974 870 1054 sciunt,
892 982 924 1034 et
946 991 984 1036 se
1005 973 1199 1037 submittere
1219 973 1261 1034 de

91 1082 191 1163 petris
222 1098 295 1142 cum
331 1075 543 1140 anterioribus
576 1075 714 1158 pedibus
750 1078 831 1140 mira
851 1076 1025 1162 industria,
1055 1077 1141 1162 quud
1177 1094 1260 1159 equa

91 1184 200 1268 facere
220 1190 311 1246 esset
331 1179 540 1263 impassibile.
592 1181 680 1242 Viae
698 1181 784 1244 carim
806 1181 893 1244 illius
920 1182 1040 1246 deserti
1060 1191 1135 1245 suut
1149 1189 1261 1263 petru·
1329 1213 1338 1228 ·

91 1307 159 1370 sae,
192 1289 382 1370 plerumque
411 1284 497 1346 altae
525 1292 558 1345 et
578 1286 725 1366 strictae,
757 1295 789 1348 et
816 1305 858 1350 ex
879 1295 1017 1369 utraque
1037 1293 1129 1368 parte
1153 1283 1261 1348 valles

91 1391 280 1475 profundae,
302 1399 337 1453 et
358 1389 507 1454 sibestia
528 1399 633 1470 ocyus·
653 1389 826 1453 cecidisset
847 1410 907 1474 per
927 1393 1065 1472 abrupte
1086 1397 1261 1472 petranum,

10 1531 11 1550 κ
91 1499 126 1560 iu
137 1497 276 1580 aliquam
292 1493 482 1577 profundam
493 1494 679 1575 voraginem
702 1495 882 1579 incidisset,
894 1504 926 1558 et
940 1495 1068 1578 [hemo]
1077 1493 1172 1557 simul
1187 1495 1258 1558 'curu

92 1603 197 1664 cestra
211 1599 359 1682 perditus
371 1598 496 1660 luisset.
540 1599 686 1660 Mirabar
697 1599 740 1660 de
750 1601 953 1684 mulieribus,¹
964 1601 1114 1664 sociabus
1130 1599 1260 1680 nestris,

91 1715 281 1769 cumtamen
304 1703 456 1766 mulieres
477 1699 671 1765 traturaliter
688 1705 754 1766 sint
776 1705 917 1788 timidae,
941 1706 1024 1788 qued
1046 1708 1090 1768 ita
1107 1705 1262 1768 audacter

92 1810 294 1874 incedebant.
363 1804 530 1885 Quaedam
569 1815 678 1870 autern
724 1809 838 1872 mulier
875 1809 1057 1873 Sarraceua
1102 1809 1261 1892 equitavit

91 1896 261 1979 nobiscum
303 1929 409 1994 usque
456 1913 490 1973 in
516 1910 666 1994 Jericho,
692 1911 825 1993 juvenis
856 1921 889 1974 et
921 1923 1034 1976 ornata
1064 1932 1124 1976 suo
1156 1911 1261 1994 modu,

93 2018 189 2102 cujus
210 2017 319 2078 t'ameu
342 2015 468 2078 vultum
488 2014 596 2076 nullus
607 2014 720 2078 videre
738 2018 853 2099 potuit,
877 2020 953 2100 quia
969 2025 1035 2080 erat
1048 2035 1155 2099 panno
1168 2017 1261 2098 nigro

91 2121 264 2206 perspicuo
298 2127 402 2202 tecta,
439 2120 511 2200 ipsa
543 2125 649 2180 tamen
681 2136 741 2182 nos
769 2121 928 2202 inspicere
961 2113 1074 2204 putuit
1117 2119 1261 2183 'landem

93 2235 201 2292 autem
239 2224 280 2287 ad
310 2223 409 2286 finem
448 2222 628 2285 descensus
657 2223 806 2286 venimus
838 2226 872 2286 in
904 2224 1261 2309 campestriaderiehu,

93 2349 178 2415 quae
196 2329 355 2410 itrcipiuut
374 2329 409 2390 iu
432 2325 515 2410 pede
536 2327 690 2388 montium
713 2328 825 2411 lsrael,
847 2338 879 2390 et
900 2332 1018 2393 cursim
1051 2348 1109 2412 per
1129 2330 1262 2394 ueneno

93 2436 311 2516 transivimus,
338 2441 371 2493 et
392 2450 450 2515 per
470 2431 574 2494 lucum
591 2427 750 2513 Galgalae
772 2432 1001 2498 descendimus
1020 2455 1079 2518 per
1099 2435 1262 2517 planitiem

93 2542 187 2625 quasi
221 2539 323 2602 tribus
354 2537 442 2599 horis
465 2534 539 2616 (B)
570 2543 604 2599 et
633 2535 667 2598 iu
698 2535 903 2600 solitudinem
924 2539 1080 2604 dardanis
1114 2541 1263 2602 venimus

93 2661 268 2728 perquam
289 2640 529 2703 descendentes
550 2657 655 2721 usque
676 2639 716 2703 ad
728 2641 883 2706 dardanis
903 2644 1032 2707 alveum
1043 2645 1263 2728 pervenimus.

93 2751 143 2814 lbi
166 2766 245 2830 erge
262 2745 373 2808 asinos
401 2746 553 2808 asinariis
575 2745 816 2827 resignavimus
835 2756 868 2808 et
899 2747 1130 2810 asarracenis
1151 2764 1263 2810 reces-

93 2855 208 2934 simus,
235 2851 292 2933 qui
318 2865 357 2910 se
386 2849 471 2911 inter
503 2849 635 2911 arbusta
661 2848 702 2912 ad
739 2850 969 2932 quiescendum
1006 2853 1170 2929 locabant,
1204 2847 1278 2916 nos

93 2972 174 3018 vero
199 2953 234 3016 in
266 2953 372 3032 ipsum
399 2950 528 3013 alveum
556 2952 660 3014 sancti
682 2952 823 3015 fluminis
842 2953 1072 3017 descendimus
1095 2973 1200 3038 usqne
1222 2956 1262 3019 ad

94 3073 223 3141 aquam,
245 3063 278 3116 et
297 3053 499 3136 refrigeratis
520 3055 669 3116 manibus
690 3054 724 3116 in
752 3055 867 3119 sabulo
889 3075 951 3119 nos
972 3059 1013 3122 ad
1033 3058 1263 3141 quiescendum

31 3182 40 3191 ·
93 3163 272 3246 pasarimus,
295 3166 328 3221 et
347 3159 392 3221 ibi
413 3173 486 3222 cum
505 3173 587 3239 paca
603 3158 785 3241 quievimus
800 3159 977 3244 paululum,
1000 3165 1077 3246 quia
1091 3177 1155 3226 uon
1167 3163 1264 3247 louge

94 3267 209 3332 aberat
230 3260 311 3332 dies.

41 3546 45 3550 -
133 3497 191 3572 De
215 3493 349 3570 Officio
374 3494 496 3572 divino
514 3500 624 3595 juxta
647 3505 813 3572 sanctum
838 3495 967 3570 flumen
991 3479 1205 3598 peractu‘in

551 3620 635 3717 ejus
660 3616 795 3692 littore.
927 3615 930 3620 ’

177 3795 346 3861 vicesima
374 3794 443 3878 die,
475 3814 558 3879 quae
593 3795 653 3858 fuit
681 3795 842 3860 dominica
884 3805 1002 3860 octava
1033 3808 1108 3881 past
1146 3799 1264 3865 iestuni

96 3909 231 3963 canuae
249 3900 427 3982 Trinitatis,
452 3914 526 3962 curn
549 3901 613 3963 iam
646 3901 734 3963 clara
761 3901 817 3963 lux
846 3909 945 3984 esset,
980 3907 1180 3968 surreximus
1201 3923 1262 3968 uos

95 4003 283 4068 sacerdotes
320 4005 425 4085 prime
471 4013 504 4066 et
535 4003 685 4067 Officium
712 4011 858 4068 nestrum
893 4007 942 4068 sic
974 4006 1008 4068 iu
1042 4003 1149 4067 littore
1179 4006 1265 4067 sacri

95 4109 242 4172 tluminle
265 4109 412 4190 legimus.
466 4108 509 4169 llt
538 4125 610 4171 curu
641 4111 815 4172 matutinas
845 4117 877 4171 et
890 4117 892 4122 '
906 4111 1029 4191 primas·
1060 4108 1264 4191 legissemus,

97 4211 325 4277 descendimus
346 4227 408 4274 nes
429 4211 539 4275 clerici
567 4219 672 4293 usque
702 4211 745 4274 ad
772 4229 889 4294 aquarn
910 4220 1068 4295 sanctam,
1091 4223 1124 4276 et
1144 4213 1270 4293 incepit

98 4325 213 4380 cantor
235 4315 302 4380 alta
318 4333 401 4379 voce
420 4331 551 4378 versum
570 4314 676 4381 illum:
698 4316 851 4380 lavacra
864 4315 936 4398 puri
950 4317 1090 4398 gurgitis
1112 4315 1263 4378 coelestis

1017 4413 1051 4470 3*
