2954 4914
206 551 339 604 etcum
371 537 558 620 frequenter
591 531 750 618 instigare
794 532 920 599 solebat
957 542 990 596 et
1024 549 1157 616 rogare,
1192 545 1235 598 ut
1272 553 1397 600 secum

206 644 428 709 transfretaret
461 643 495 702 ln
523 639 763 720 Alamanniae,
807 648 841 700 et
873 641 956 706 bene
981 639 1043 703 sibi
1072 621 1183 722 facire
1218 641 1332 704 vellet
1362 650 1395 704 ct

207 748 346 833 quietern
369 746 518 808 tribuere.
546 743 614 808 Sed
635 743 676 810 ad
697 743 760 808 lroc
773 743 990 808 Sarrooemm
1010 741 1165 806 iuducere
1187 763 1260 808 uon
1282 748 1392 828 potuit

208 851 296 916 nulla
316 849 450 914 ratione.
492 847 641 932 Cumque
661 850 830 912 venisseut
852 845 1036 931 Chayrum,
1057 849 1114 912 ubi
1133 847 1279 912 Cadmus
1303 849 1391 914 solet

208 955 430 1038 derelinquere
449 955 639 1036 peregrinos
667 961 701 1015 et
720 953 755 1016 iu
775 951 958 1023 Jerusalem
981 951 1215 1036 reascendere,
1252 955 1389 1037 rogavit

207 1078 281 1128 eum
302 1059 439 1140 nobilis,
460 1067 496 1120 ut
516 1073 628 1124 secum
658 1057 871 1122 descenderet
895 1054 1145 1140 Alexandriam,
1179 1069 1212 1122 et
1237 1062 1388 1122 ibicum

207 1167 307 1234 vellet
331 1165 503 1233 dimittere.
544 1163 589 1231 tut
608 1180 693 1226 cum·
707 1171 819 1226 essent
840 1161 1068 1246 Alexandriae,
1089 1165 1288 1244 practicavit
1312 1165 1388 1246 (B)

207 1271 325 1338 nobilis
358 1287 431 1332 cnm
463 1275 616 1352 patrono,
647 1269 681 1332 iu
712 1267 806 1350 cujus
835 1265 929 1349 galea
948 1269 1171 1332 'transfretare
1190 1269 1322 1351 voluit,
1353 1281 1388 1332 ut

208 1378 291 1442 diem
314 1381 347 1436 et
367 1375 476 1437 horam
508 1389 661 1436 recessus
691 1374 786 1437 navis
822 1373 886 1434 sibi
915 1373 976 1436 soli
1005 1375 1202 1455 notiiicaret3
1236 1376 1274 1437 in
1310 1391 1387 1439 saro

162 1526 171 1545 .
208 1497 303 1566 ergo,
326 1476 454 1561 quando
480 1478 575 1540 navis
595 1486 663 1540 erat
684 1479 717 1540 in
742 1485 844 1540 nocte
866 1477 974 1542 lutura
993 1479 1166 1560 solvenda,
1199 1478 1298 1542 duxit
1322 1501 1386 1541 no-

207 1585 282 1652 bilis
307 1582 456 1645 Calidum
477 1600 588 1644 secum
609 1584 643 1644 in
664 1581 810 1666 galeam,
831 1586 887 1665 qui
909 1599 971 1649 neo
992 1585 1086 1646 trevis
1107 1603 1278 1648 recessum
1303 1603 1383 1646 sus-

208 1691 391 1776 picabatur,
423 1695 455 1749 et
477 1690 684 1769 aestimabat,
712 1705 750 1750 se
769 1688 805 1754 in
837 1689 1011 1750 crastinum
1033 1688 1210 1753 rediturum
1232 1691 1269 1752 iu
1296 1693 1383 1752 civi-

208 1804 322 1862 tatem.
344 1796 543 1873 Intempesta
565 1799 670 1854 autem
686 1800 782 1854 nocte
801 1792 929 1856 silentio
945 1793 1051 1856 soluta
1071 1795 1223 1876 noviper
1244 1803 1381 1858 ventum

209 1910 261 1964 est
280 1899 409 1981 longius
429 1897 462 1958 in
484 1895 582 1963 altum
605 1898 702 1960 maris
723 1895 878 1980 projecta,
900 1885 934 1960 et
954 1899 1000 1958 ita
1021 1897 1224 1963 sarracenus
1248 1918 1383 1962 manere

189 2022 284 2068 enm
305 2005 353 2065 eis
371 2012 503 2067 coactus
525 2003 586 2064 fuit
607 2009 639 2064 ct
660 2003 878 2075 transfretare.
922 2001 1024 2068 Duxit
1042 2011 1150 2068 autem
1176 2005 1273 2066 miles
1307 2025 1381 2066 eum

211 2109 252 2174 ad
271 2110 499 2191 Imperatorem
526 2117 559 2168 et
588 2107 629 2170 ad
650 2107 790 2190 Papam,
812 2116 844 2168 et
875 2107 937 2170 viri
959 2108 1133 2172 bonitatem
1163 2117 1195 2170 et
1222 2110 1380 2190 pietatem

212 2216 262 2280 eis
284 2213 448 2296 exposuit,
482 2213 583 2276 seda
612 2229 675 2276 sua
695 2211 886 2278 infidelitate
916 2212 1018 2274 averti
1039 2231 1105 2275 non
1127 2215 1244 2296 poluit,
1281 2217 1381 2276 etita

212 2319 363 2384 reductus
390 2317 549 2380 Venetiae
583 2331 641 2398 per
677 2334 765 2378 mare
798 2315 839 2378 etl
870 2318 998 2398 propriu
1031 2317 1133 2386 rediit.
1175 2319 1218 2380 Et
1251 2319 1379 2382 interim

212 2422 390 2488 fideliorem
412 2423 602 2486 servitorem
622 2437 662 2483 se
683 2422 822 2484 omnium
852 2419 1104 2484 Christianorum
1128 2423 1288 2503 exhibuit,
1308 2443 1380 2486 mu·

213 2545 292 2590 nera
326 2527 412 2592 enim
440 2543 558 2609 magna
585 2527 625 2587 eb
655 2528 905 2607 imperatoreet
928 2543 948 2586 a
978 2528 1070 2606 Papa
1096 2537 1128 2588 et
1154 2545 1178 2588 a
1206 2528 1379 2610 nobilibus,

214 2632 409 2714 reportavit,
438 2639 471 2691 et
493 2630 534 2692 de
565 2647 683 2712 magua
714 2630 905 2692 liberalitate
936 2635 969 2691 et
988 2610 1104 2711 girulo¹
1122 2629 1379 2694 Christianorum

214 2737 298 2802 solet
337 2736 446 2798 facere
478 2736 695 2798 narrationem
725 2754 832 2798 coram
863 2735 941 2798 suis.
995 2735 1032 2819 tp
1069 2735 1165 2818 hujus
1193 2739 1255 2797 viri
1290 2737 1379 2818 probi

214 2841 307 2906 domo
338 2847 544 2920 manserunt,
575 2844 613 2900 ut
644 2841 812 2922 praemisi,
857 2837 976 2903 domini
1007 2842 1188 2922 peregrini,
1223 2841 1265 2902 ad
1297 2859 1379 2924 quos

215 2963 276 3030 ego
298 2945 392 3030 quasi
413 2943 544 3009 cottidie
564 2943 718 3008 descendi
745 2943 931 3028 ingrediens
954 2950 987 3004 et
1008 2945 1179 3026 egrediens
1206 2963 1266 3028 pro
1287 2945 1378 3010 libitu

214 3071 295 3116 meo.
339 3051 382 3114 lit
402 3058 526 3115 tautum
548 3050 589 3114 de
611 3049 676 3114 illo.

295 3263 463 3328 vicesima
482 3273 597 3346 quarta
616 3261 669 3324 die
690 3259 903 3325 convenimus
920 3277 980 3322 nos
1001 3260 1163 3341 peregrini
1182 3261 1215 3322 in
1240 3269 1379 3322 montem

215 3365 306 3448 Syon
344 3367 385 3439 ad
414 3367 617 3432 tractandum
648 3365 744 3428 simul
766 3363 807 3426 de
835 3364 1146 3445 peregrinationibus
1167 3364 1326 3428 faciendis
1345 3367 1377 3428 in

214 3478 302 3532 terra
321 3477 443 3531 sancta.
487 3468 745 3534 Deliberavimus
766 3479 890 3551 autem,
926 3468 1013 3551 quod
1034 3471 1094 3534 hos
1117 3469 1204 3552 dies,
1232 3487 1315 3551 quos
1345 3472 1377 3532 in

216 3582 302 3635 terra
323 3579 436 3634 sancta
457 3587 604 3634 essemus
626 3577 780 3657 mansuri,
802 3591 1007 3657 nequaquam
1026 3574 1190 3638 ctio-dare
1211 3573 1377 3656 vellemus,

217 3675 276 3739 sed
294 3693 381 3738 nurrc
401 3675 441 3738 ad
458 3677 547 3739 illum
569 3694 654 3740 nunc
675 3679 715 3741 ad
733 3681 830 3742 istum
851 3679 957 3742 locum
973 3679 1181 3762 peregrinari,
1199 3687 1231 3740 et
1251 3696 1377 3744 eramus

216 3797 331 3843 omnes
364 3781 540 3844 concordes
562 3784 595 3845 in
618 3783 680 3848 hac
700 3784 877 3865 voluntate,
899 3783 959 3846 sed
990 3783 1053 3845 hoc
1073 3782 1222 3846 diabolus
1243 3782 1377 3846 sufferre

217 3901 282 3947 non
314 3885 429 3950 volens
463 3890 637 3952 seminavit
665 3890 844 3971 zizaniam,
877 3897 908 3950 ct
938 3887 1114 3950 discordati
1141 3898 1314 3971 coeperunt
1345 3899 1377 3952 et

218 3990 280 4052 ribi
301 3989 439 4056 invicem
462 3994 635 4058 dissentire
656 3996 690 4057 in
712 3994 896 4078 quaerendo
917 3994 989 4056 loce
1013 4001 1145 4076 sancta,
1167 4003 1200 4056 et
1221 4012 1279 4075 per
1299 4009 1376 4056 con-

204 4110 359 4178 sequens
387 4099 484 4162 etiam
503 4101 536 4162 in
557 4101 639 4164 aliis.
679 4097 766 4162 Nam
785 4100 819 4162 in
840 4098 933 4162 domo
961 4097 1126 4181 praediola
1146 4105 1278 4181 propter
1309 4098 1375 4160 dis-

217 4199 388 4264 sensiones
418 4201 579 4268 habebant
601 4203 682 4267 duos
708 4205 819 4286 ignes,
845 4203 927 4266 duas
949 4203 1121 4286 coquinas,
1144 4202 1227 4266 duos
1247 4221 1374 4284 coquos,

218 4311 251 4368 ct
273 4304 440 4370 distinctas
462 4309 721 4389 procurationes,
752 4325 836 4388 quae
868 4309 974 4370 omnia
1007 4309 1067 4370 sub
1088 4325 1154 4369 urra
1175 4325 1253 4372 eura
1274 4307 1373 4370 levius

219 4418 253 4470 et
271 4409 386 4474 melius
407 4407 560 4490 expedita
580 4411 727 4472 luissent.
765 4408 863 4505 Unde
881 4409 1001 4473 domini
1021 4410 1143 4488 primae
1164 4421 1195 4474 et
1217 4409 1374 4474 secundae
