2948 4876
147 407 270 472 urbem
293 403 467 487 dispersim
489 401 609 466 muhae
629 401 907 468 uobismetioerum
939 401 1136 468 ecclesiolae
1156 411 1190 466 et
1210 401 1331 466 multas

149 513 414 576 Sarraeenorum
443 507 621 570 musoheae
649 515 683 570 et
708 506 906 572 ludaeorum
939 525 1131 592 synapgaa
1166 515 1200 570 et
1220 508 1330 572 tahar·

151 615 280 680 nacula
302 613 584 682 Samaritanorum.

239 717 442 800 Prinoipdes
462 717 529 778 vini
550 723 626 778 sunt
658 714 865 798 testudinati,
899 716 961 779 sub
982 715 1100 800 quibus
1120 717 1162 779 ab
1190 723 1328 802 utraque

149 830 248 906 parte
268 829 346 884 sunt
378 827 518 903 patepae
547 817 801 902 negotiatorum,
830 819 884 882 uel
905 821 1074 902 -ooquinae
1101 837 1269 906 deserum
1290 823 1325 886 ln

148 931 225 992 aliis
245 928 332 990 vicis
353 925 497 988 resident
518 923 710 986 meebaniei.

231 1032 359 1094 Domus
380 1028 524 1092 divitatis
546 1037 582 1090 ut
610 1027 646 1090 in
666 1027 838 1110 plurimum
870 1039 947 1094 sunt
972 1037 1135 1114 muratae,
1155 1038 1189 1092 et
1216 1028 1326 1114 aliqua

147 1156 331 1222 pauperum
354 1135 483 1217 tuguria
503 1141 581 1196 sunt
601 1131 668 1195 luto
689 1133 792 1214 laeta,
821 1152 959 1218 magnas
977 1143 1087 1198 tamen
1108 1143 1143 1198 et
1165 1135 1325 1198 notabiles

151 1245 270 1307 domus
289 1243 325 1303 in
347 1257 387 1301 ea
408 1236 484 1300 vidi.
528 1236 649 1324 Verum
671 1237 813 1301 civitatis
836 1257 955 1322 magna
987 1257 1063 1321 pars
1085 1249 1136 1312 est
1168 1239 1323 1322 desolata,

60 1417 63 1422 ,
154 1359 189 1412 et
215 1347 332 1410 domus
354 1345 503 1408 ruinosae
532 1351 565 1404 et
586 1342 657 1404 sine
687 1342 875 1406 habitatore.
920 1343 1014 1408 Unde
1034 1346 1132 1408 etiam
1161 1343 1323 1408 cadevera

154 1450 365 1531 camelorum,
397 1466 567 1533 equorum,
600 1448 784 1529 asinorum,
815 1466 932 1512 mnum
952 1458 1018 1518 ete.
1049 1468 1114 1513 uon
1134 1449 1215 1514 loris
1237 1448 1321 1514 edu·

154 1565 280 1636 ountur,
298 1553 358 1618 sed
379 1553 420 1615 ad
442 1552 574 1614 deserta
590 1551 666 1617 loea
677 1553 764 1614 intra
781 1555 907 1617 moenia
926 1557 1011 1618 intra
1030 1555 1140 1618 ruinas
1156 1554 1321 1620 domorum

154 1660 373 1743 projiciuntur.
417 1660 455 1726 ln
476 1655 558 1720 loeis
580 1666 707 1740 tamen,
727 1658 782 1721 ubi
802 1659 979 1744 habitetur,
1000 1671 1079 1726 sunt
1097 1659 1206 1744 populi
1228 1658 1322 1722 multi

152 1766 341 1848 congregati
363 1763 405 1826 de
425 1762 514 1826 omni
535 1762 682 1844 natione,
703 1780 788 1846 quae
808 1764 869 1827 sub
890 1766 983 1830 eoelo
1009 1775 1060 1830 est
1063 1812 1077 1850 ,
1105 1769 1191 1830 sient
1221 1765 1319 1830 etiam

159 1869 278 1952 legitur
312 1869 424 1930 Actor.
466 1870 507 1930 ll.
561 1867 646 1929 Sunt
688 1869 785 1928 etiam
817 1869 863 1932 ibi
901 1871 976 1953 plus
1019 1890 1115 1956 qnam
1151 1868 1320 1952 quingenti

154 1974 289 2056 Judaei,
311 1982 343 2036 et
365 1972 449 2054 ultra
469 1971 558 2034 mille
578 1969 765 2052 Christiani,
788 1972 830 2036 da
851 1977 938 2039 omni
959 1983 1051 2040 seete
1071 1983 1110 2038 et
1128 1981 1236 2054 terra3
1258 1970 1318 2034 sed

154 2078 195 2140 do
214 2078 305 2140 nullo
326 2077 389 2138 ritu
407 2085 481 2140 sunt
502 2078 690 2158 pauciores,
711 2094 807 2158 qnam
829 2079 1025 2142 Latinorum.

235 2183 351 2264 Aquas
370 2185 517 2264 proprias
537 2201 601 2245 non
623 2183 761 2263 hebent,
783 2183 846 2245 nisi
868 2202 950 2265 quas
971 2184 1054 2247 coeli
1075 2186 1109 2247 iu
1130 2182 1218 2246 illam
1241 2181 1318 2244 stil-
1351 2245 1354 2252 ,

151 2289 235 2370 lant,
258 2287 312 2350 vel
334 2305 416 2370 quas
438 2286 634 2352 industriose
655 2305 676 2348 a
696 2286 881 2369 longinquis
902 2307 961 2372 per
979 2289 1129 2372 gurgites
1149 2285 1318 2372 inducunt,

149 2395 232 2457 sient
252 2401 340 2475 patet
362 2390 416 2454 iol.
434 2391 508 2456 sta.
531 2393 569 2454 ll.
592 2391 698 2454 linita
719 2396 849 2456 suntin
870 2395 1005 2458 divitus
1026 2413 1180 2478 aquarum
1200 2410 1317 2474 reoep-
1440 2459 1445 2466 ,

149 2499 272 2580 taeula,
292 2497 463 2580 piscinae,
496 2495 589 2558 lacus
626 2504 658 2559 et
690 2496 834 2561 infinitae
869 2500 1030 2562 cisternae
1052 2509 1085 2562 et
1106 2499 1235 2581 fessae,
1270 2499 1315 2560 ita

149 2612 184 2664 nt
202 2605 284 2666 satis
304 2604 344 2665 ab
365 2603 455 2665 intus
476 2598 636 2664 redundat
656 2603 758 2683 equis.
791 2602 867 2665 llex
886 2606 1044 2688 Aegypti,
1066 2602 1240 2685 soldanus,
1264 2611 1316 2664 est

149 2711 191 2775 ibi
219 2709 384 2788 deminus,
407 2714 440 2766 et
461 2706 631 2786 praeponit
652 2705 770 2787 populo
803 2715 909 2771 temes
930 2705 1147 2792 praelautos,
1163 2716 1196 2770 et
1217 2726 1316 2790 pere-

150 2814 251 2894 grinis
274 2809 347 2894 (B)
371 2820 403 2872 et
425 2810 562 2874 advenis
573 2809 767 2874 Christianis
788 2821 821 2874 et
841 2811 977 2876 Judaeis
998 2811 1315 2894 umuohelmannos,

151 2925 183 2978 et
203 2916 412 2979 bellatoribus
432 2914 670 2996 Mamalueeos3
696 2918 798 2978 etita
816 2917 962 2998 potentia
991 2914 1080 2980 eivili
1102 2917 1185 2996 regit
1210 2933 1316 2997 popu-

151 3020 232 3100 lum,
266 3019 359 3100 quasi
381 3021 532 3100 regimine
565 3019 742 3101 despotioe.
785 3022 881 3083 Hane
906 3020 1000 3082 asni
1027 3018 1185 3100 principio
1211 3036 1316 3101 usque

150 3142 235 3187 nune
266 3136 396 3206 omnes,
424 3125 480 3206 qui
510 3125 690 3206 seripturis
722 3123 835 3205 legunt
867 3131 902 3185 et
931 3123 1100 3203 historias,
1131 3121 1315 3184 infortuniis

147 3229 255 3292 multis
275 3229 378 3292 luisse
398 3228 596 3310 subjectam,
616 3229 796 3291 inveniunt.
842 3226 1042 3310 Saepissime
1074 3229 1209 3290 insensu
1240 3227 1313 3310 luit,

145 3341 178 3396 et
200 3315 339 3417 populus
370 3331 523 3415 populum
545 3331 714 3396 debellans
746 3333 884 3416 expulit,
915 3344 950 3396 et
969 3333 1135 3396 multoties
1168 3331 1311 3396 funditus

145 3457 259 3502 eversa
276 3439 378 3520 (est).
419 3438 560 3500 Vastata
581 3440 666 3498 euim
689 3438 750 3500 luit
771 3455 791 3498 a
811 3437 1122 3520 Nabuchodonosor,
1143 3456 1222 3520 rege
1243 3437 1311 3500 lla·

143 3542 359 3625 hyloniorum3
387 3550 503 3624 postea
532 3543 573 3602 ab
605 3541 755 3622 Asobeo,
786 3561 863 3626 rege
894 3545 1148 3628 Aegyptiorum,
1192 3540 1311 3604 deinde

143 3647 182 3709 ab
201 3645 382 3727 Antioob03
423 3653 541 3728 postea
559 3665 581 3708 a
600 3645 764 3729 Pompeio.
804 3645 886 3710 Post
905 3649 966 3711 bos
996 3647 1147 3712 Herodes
1167 3647 1311 3728 Magnus

143 3759 173 3812 et
202 3749 318 3814 Sosius
352 3759 483 3832 eaptum
516 3749 666 3835 oppidum
708 3771 895 3816 servavere.
945 3751 1071 3814 Deinde
1110 3751 1205 3812 Titus
1238 3767 1309 3812 eam

144 3856 267 3934 penitus
289 3853 451 3917 destruxit
472 3863 505 3916 et
527 3856 655 3937 evertit,
677 3855 888 3918 fundamenta
911 3872 1072 3917 enervans
1094 3853 1311 3935 postllomini

144 3958 333 4037 passionem.
386 3957 568 4039 Dereliqnit
599 3966 708 4022 tamen
741 3958 899 4044 quasdam
944 3967 1050 4020 turres
1081 3956 1239 4020 firmiores
1278 3963 1312 4018 et

146 4079 264 4122 murum
289 4061 536 4142 oeoidentalem,
550 4071 585 4127 ut
607 4066 729 4144 posteri
750 4072 930 4146 cernerent,
946 4081 1043 4147 quam
1065 4061 1310 4123 munitissimam

144 4164 305 4228 civitatem
323 4167 544 4230 Romanorum
564 4168 669 4230 virtus
700 4168 911 4251 obtinuisset,
944 4175 978 4230 et
999 4175 1034 4230 ut
1056 4171 1146 4227 esset
1167 4169 1309 4226 eastrum

142 4266 225 4352 illis,
254 4286 337 4353 quos
357 4269 523 4343 eustodise
551 4270 695 4358 regionis
723 4270 908 4355 relinquere
938 4272 1138 4336 decreverat.
1182 4264 1311 4346 Quanta
