3030 4872
704 247 865 368 aas·

180 499 244 544 non
268 479 423 545 modicam
446 480 630 576 decadem,
659 479 776 544 deinde
807 467 973 554 sudarium
1005 457 1158 563 Domini,
1179 447 1347 544 camisiam

141 614 143 622 ¹
180 589 293 651 beatae
313 559 626 668 MariaeVirginis,
633 585 777 668 fasciam,
801 604 865 668 qua
884 587 1092 674 beataVirgo
1115 588 1245 650 strinxit
1265 604 1357 669 pne-,
1446 593 1448 598 '

112 697 141 746 Ἣ
180 711 249 755 rum
270 671 402 773 fissum,¹
424 691 587 773 praesepii
613 681 764 752 dominici
793 697 936 774 partem,
967 691 1086 753 ferrum
1114 691 1257 773 lanceae,
1282 709 1346 774 quo
1431 719 1435 727 ·

181 799 265 860 latus
297 795 426 859 Domini
457 795 649 882 transfixum
681 793 760 875 tuit,
793 801 826 856 ct
855 793 1080 857 braclriumS.
1115 794 1276 857 Simeonis
1313 803 1348 855 et
1424 863 1427 870 ,

172 902 273 985 plura
304 901 367 962 alia
388 901 518 981 accepit
534 899 586 960 vir
605 874 661 960 ille
687 899 878 980 magnificus
900 917 973 961 cnm
1005 900 1144 962 maxima
1175 899 1348 962 devotione

171 1016 214 1070 et
243 1006 378 1088 plurium
416 1001 638 1094 miraculorum
671 1004 906 1085 ostensatione,
941 1005 1026 1084 sicut
1057 1011 1145 1084 patet
1182 1003 1234 1064 in
1241 1002 1345 1084 Spec.
1365 1039 1370 1047 ·
1451 1038 1456 1076 3

173 1113 294 1176 'histor
323 1109 412 1171 nior.
441 1105 551 1167 XXV.
587 1124 614 1167 c.
637 1106 666 1168 5.
670 1125 815 1190 ,caque
844 1109 875 1170 in
897 1091 1123 1198 Alemanniam
1149 1105 1323 1188 uerunt,
1313 1115 1347 1170 ιιι
1435 1179 1438 1186 ⁴

182 1218 348 1280 ciuitatem
370 1193 460 1274 sedis
489 1227 569 1272 suae
590 1151 850 1294 Aqnisgranum,
875 1212 938 1272 et
930 1232 962 1274 ιιι
985 1211 1212 1280 ecclesiamlt.
1233 1211 1348 1292 Virgi-

155 1323 252 1400 puis,
273 1335 369 1401 qnam
392 1311 551 1377 aedificat
541 1324 620 1378 erat
627 1357 639 1391 ,
660 1315 849 1398 collocavit,
872 1333 970 1399 quac
976 1315 1020 1382 iti
1041 1315 1175 1378 hodie
1165 1337 1199 1381 ιιι
1226 1318 1347 1379 honore

148 1427 153 1436 '
177 1427 339 1516 ¹habentur
359 1430 391 1482 et
415 1417 629 1492 ostenduntur
650 1420 690 1483 de
705 1422 885 1503 septennio
896 1421 1168 1504 inseptennium3
1189 1420 1348 1504 adquam

174 1511 399 1594 ostensionem
421 1523 589 1587 innumera
611 1506 741 1588 confluit
762 1523 904 1587 fidelium
925 1524 1105 1607 multitudo,
1123 1533 1154 1588 et
1175 1528 1349 1608 praecipue

175 1633 304 1716 f-urrgmi
329 1649 402 1694 cum
419 1629 537 1694 turmis
558 1631 685 1712 magnis
707 1629 789 1692 lines
811 1647 946 1712 suoscg
949 1631 1115 1696 rediuutur
1140 1639 1173 1692 et
1194 1633 1227 1691 in
1241 1630 1359 1714 Aquis.

141 1781 144 1787 ,
164 1744 427 1821 congregantur.
457 1733 529 1795 Has
552 1734 704 1818 reliquias
729 1753 790 1815 ego
812 1735 883 1816 ipse
904 1734 972 1796 vidi
995 1753 1079 1798 anno
1100 1735 1231 1804 Domini
1255 1737 1346 1800 llos.

262 1842 401 1924 Aliquos
424 1838 519 1900 etiam
542 1836 695 1922 reliquias
718 1839 849 1899 retinuit
868 1839 900 1898 in
922 1839 1010 1910 ouria
1031 1856 1091 1900 sua
1131 1859 1253 1924 easque
1287 1840 1367 1902 (ιο--

180 1947 307 2032 putavit
327 1962 384 2026 pro
407 1942 495 2003 curia
525 1942 667 2030 imperii,
690 1949 732 2006 et,
759 1940 818 2002 has
843 1959 917 2002 oum
947 1924 1165 2023 imperialibus
1198 1945 1348 2026 insigniis

125 2078 132 2090 ·
173 2047 426 2134 'pretiosissimis
458 2045 499 2106 atl
521 2045 625 2106 locum
649 2046 773 2106 certum
797 2045 921 2125 imperii
954 2045 1124 2127 deposuit,·
1147 2048 1232 2109 unde
1257 2066 1349 2110 ιιιιιιιι
1441 2061 1444 2066 ’

175 2153 267 2238 ‘apud
295 2147 521 2232 Segodunum,
542 2148 637 2231 ‘quod
658 2151 710 2209 est
735 2147 979 2230 Ntirembcrga,
1021 2152 1160 2230 reposita
1190 2153 1348 2214 habentur

175 2269 215 2322 'et
235 2251 328 2320 antris
350 2253 495 2334 ‘singulis
518 2250 598 2316 feria
625 2250 682 2316 Vl.
720 2261 792 2336 post
815 2249 1012 2329 Quasimodo
1035 2264 1094 2317 etc.
1124 2255 1347 2338 ostenduntur,
1366 2279 1371 2287 ·

176 2369 394 2444 concurrente
416 2358 456 2420 ati
478 2347 540 2422 hoc
559 2359 698 2421 maxima
715 2359 876 2421 hominum
899 2359 1123 2428 multitudine.¹

174 2499 180 2510 =
200 2465 202 2471 ’
265 2467 303 2530 Si
323 2483 402 2530 vero
424 2465 574 2548 princeps
593 2463 709 2548 aliquis
721 2455 977 2547 Nirrembergam
995 2466 1120 2542 accedit
1140 2475 1231 2529 cxtra
1250 2485 1348 2550 prae-
1408 2529 1410 2536 ,

181 2577 281 2640 latum
304 2569 450 2655 tempus,
477 2567 580 2632 eidem
604 2588 643 2631 ea
664 2567 806 2632 videnda
839 2570 1014 2651 proferunt.
1052 2570 1147 2633 Unde
1167 2589 1251 2634 anino
1277 2574 1348 2634 Do-
1384 2551 1387 2560 ⁵

180 2679 258 2744 mini
281 2677 363 2740 1486
396 2672 554 2736 dominica
582 2673 738 2752 Caritate,
772 2673 846 2736 dum
875 2685 984 2739 esseut
1016 2676 1131 2738 iratres
1162 2678 1347 2758 provinciae

180 2785 312 2846 nostrae
344 2778 563 2859 capitulariter
595 2779 640 2839 ibi
672 2779 879 2860 congregati,
921 2775 1133 2843 exhibuerunt
1169 2782 1262 2844 nobis
1291 2779 1347 2843 illa

180 2886 321 2966 insignia
341 2872 497 2962 mocula,
513 2880 673 2962 palpanda
700 2889 733 2942 et
768 2881 1002 2965 deosculanda,
1032 2884 1116 2956 inter
1144 2903 1227 2967 quac
1249 2859 1373 2946 etiam·

180 2991 298 3052 lamam
320 2967 399 3049 illud
421 2985 647 3045 sanctissimae
667 2985 800 3046 lanceae
822 2986 950 3048 Domini
976 2995 1045 3068 est,
1080 2986 1166 3068 quod
1187 2989 1278 3050 cives
1298 2987 1345 3050 illi

179 3089 318 3174 singulis
341 3087 493 3151 fratribus
516 3083 718 3150 tractandum
739 3091 877 3170 propriis
905 3090 1053 3152 manibus
1092 3110 1149 3172 pro
1187 3091 1345 3173 singulari

179 3195 311 3261 Ordinis
330 3193 514 3256 reverentia
549 3190 739 3255 obtulerunt.
783 3193 832 3254 Iti
863 3191 1018 3257 vidimus.
1042 3203 1076 3256 et
1097 3195 1256 3278 capitibus
1283 3217 1345 3260 no-

176 3302 257 3366 stris
277 3298 490 3382 imposuimus
526 3299 794 3381 pretiosissimam
827 3316 955 3360 auream
977 3307 1172 3380 gemmatam
1194 3320 1344 3365 coronam

178 3405 288 3470 Caroli
314 3412 347 3466 et
378 3412 541 3484 sceptrum
562 3420 713 3480 aureum,
741 3422 868 3486 pomum
891 3421 1039 3487 aureum,
1070 3406 1211 3470 calcaria
1243 3426 1342 3484 aurea

147 3571 151 3575 .
179 3519 212 3574 et
233 3518 361 3573 caetera
381 3509 560 3589 imperialia
587 3508 745 3590 insignia,
778 3526 862 3590 qnae
893 3509 1000 3570 omnia
1015 3508 1133 3572 ·eadem
1163 3513 1344 3594 septimana

178 3615 211 3678 in
227 3613 484 3695 Niirambcrgam
506 3612 640 3676 reducta
660 3613 787 3675 fuerant
807 3632 828 3675 a
847 3613 1092 3697 Francolurdiq
1105 3617 1160 3678 nbi
1181 3617 1343 3698 gloriosus

176 3719 437 3801 victorianusque
464 3718 540 3782 Dux
560 3718 713 3781 Austriae
743 3716 1001 3800 Maximianus,
1029 3719 1116 3783 lilius
1139 3722 1246 3804 magni
1268 3721 1344 3784 Dri-

178 3823 277 3887 derici
297 3825 365 3906 lll.‚
385 3827 419 3889 in
437 3821 654 3888 Romanorum
677 3839 787 3905 regem
805 3823 930 3886 electus
945 3823 1050 3887 luerat
1063 3834 1095 3886 et
1117 3825 1168 3890 his
1193 3826 1344 3908 insigniis

180 3929 285 3991 sacris
306 3929 491 3992 investitus.

261 4031 368 4114 licca,
405 4050 501 4114 quam
532 4031 629 4114 louge
656 4031 819 4114 compellit
848 4049 899 4094 ma
931 4034 1064 4115 evagari
1100 4051 1159 4116 pcr
1190 4034 1342 4099 mundum

175 4138 397 4217 evagatorium
419 4139 578 4216 nostrum!
607 4136 682 4199 Jam
703 4136 940 4223 Jemsolymaar
962 4146 1123 4221 revertar,
1154 4158 1240 4222 quae
1268 4146 1344 4222 post

178 4239 356 4304 discessum
390 4239 498 4322 (268
509 4231 562 4318 A')
589 4239 699 4306 Caroli
729 4241 776 4304 Μ.
799 4241 957 4326 aliquibus
978 4243 1072 4306 annis
1098 4245 1130 4306 in
1159 4257 1241 4326 paco
1272 4251 1344 4305 ste-

178 4347 236 4429 tit,
261 4353 293 4406 et
325 4343 541 4408 occidentales
580 4347 654 4409 sine
697 4347 783 4410 omni
822 4349 1010 4429 gravamine
1044 4347 1086 4410 ad
1121 4337 1194 4412 loca
1228 4356 1344 4428 sancta
