2962 5022
127 2623 130 2628 ,
255 2558 333 2622 ldeo
354 2561 451 2622 etiam
471 2561 545 2642 ipsa
564 2569 656 2642 petra
676 2561 849 2642 singularis
870 2568 939 2622 erat
964 2578 1027 2622 nec
1048 2562 1146 2622 monti
1168 2577 1339 2646 connexa,
1369 2579 1424 2625 nec

1473 452 1474 511 l

243 575 416 640 maceriam
437 571 577 653 ingressi
596 585 712 634 sumus
731 567 869 652 hortum
883 567 1029 634 dimissis
1049 577 1143 632 extra
1160 567 1265 632 asinis
1287 569 1409 660 iuhente
1473 544 1474 607 l

243 689 355 767 nostru
377 676 520 758 ductore,
541 683 574 738 ot
596 673 638 738 ad
657 681 781 757 petram
802 673 958 756 mandem
978 676 1138 757 uenimus,
1159 676 1193 738 in
1215 693 1282 758 qua
1299 693 1410 758 specus

243 789 297 848 ert
316 780 443 864 capella
462 788 669 861 cousecrata3
691 779 736 842 ihi
760 779 902 861 ingressi
923 781 1085 843 orationes
1113 779 1256 842 fudimus
1287 801 1345 863 pro
1365 783 1410 843 in-

244 884 488 972 dulgentiast).
505 885 543 946 ln
554 884 618 947 huc
626 899 728 966 specu
736 882 852 946 dicitur
861 884 1060 948 habitavisse
1072 891 1208 947 sanctus
1220 883 1409 968 onuphrius,

244 1009 331 1056 anus
351 989 397 1054 de
424 987 554 1072 magnis
575 987 795 1070 anachoretis3
824 986 865 1050 de
883 989 945 1052 hoc
965 990 999 1052 in
1020 989 1107 1052 Vitis
1127 998 1255 1072 patrum
1287 991 1410 1073 pulchra

245 1097 383 1162 habetur
414 1095 563 1159 historin:
605 1091 659 1156 hic
680 1092 755 1156 dum
786 1104 981 1177 moreretur,
1001 1095 1035 1156 in
1065 1093 1137 1157 luco
1166 1094 1220 1157 illo
1242 1099 1409 1178 tugurium,

245 1201 332 1286 quod
353 1207 430 1264 ante
451 1215 584 1281 specum
606 1196 738 1280 lecerat,
752 1197 859 1262 ruitet
879 1199 1010 1262 arbores
1024 1200 1274 1262 circumstantes
1297 1210 1407 1282 petram

247 1305 433 1370 cecidcmnt
455 1313 487 1366 et
508 1309 711 1366 exaruerunt.
755 1303 808 1364 Ab
831 1303 893 1366 hoc
920 1302 992 1366 loeo
1012 1303 1147 1366 ulterius
1173 1306 1343 1385 progressi
1363 1323 1409 1387 per

247 1411 345 1476 uallis
367 1409 558 1474 descensum
580 1410 730 1472 vonimus
758 1406 800 1470 ad
828 1425 925 1470 unam
954 1409 1150 1491 singularem
1171 1396 1316 1490 petram,
1338 1429 1412 1492 quae

248 1519 358 1580 stabat
385 1514 480 1596 juxta
510 1517 597 1578 viam
626 1523 660 1576 ct
687 1529 750 1574 non
779 1511 974 1576 cohaerebat
999 1514 1119 1594 monti,
1141 1511 1199 1574 sed
1227 1529 1290 1595 per
1317 1531 1357 1575 se
1380 1513 1413 1574 du

249 1629 337 1682 terra
357 1619 572 1701 consurgebat
593 1619 626 1680 in
641 1617 840 1681 altitudinem
863 1608 996 1679 duorum
1017 1619 1171 1699 virorum,
1183 1619 1216 1680 in
1238 1618 1328 1700 pede
1348 1621 1414 1701 lata,

251 1724 401 1806 aspertus
432 1730 528 1784 acuta
547 1729 580 1782 et
608 1721 755 1806 videtur,
777 1721 863 1804 quod
891 1739 956 1784 non
983 1721 1101 1784 habeat
1132 1721 1263 1784 radices
1284 1726 1369 1787 lixas
1386 1729 1413 1785 iu
1473 1760 1474 1813 ,

250 1836 356 1890 terrae
375 1823 560 1910 profundis,
581 1824 640 1887 sed
662 1835 726 1890 stat
748 1828 833 1892 sicut
852 1825 997 1909 pyramis
1022 1825 1218 1909 artificialis,
1241 1832 1340 1911 quasi
1360 1849 1414 1891 non
1473 1852 1474 1889 t

250 1939 342 2016 petra
362 1930 519 1994 naturalis
549 1931 601 1994 sit.
645 1934 738 1994 Haec
771 1929 911 1994 ereditur
939 1949 1016 1993 esse
1046 1939 1136 2012 petra
1158 1930 1264 2015 0reh,
1286 1933 1332 1996 de
1361 1951 1414 2017 qua
1473 1952 1474 1999 t

249 2036 363 2102 Moses
386 2039 597 2119 percussione
617 2037 731 2119 virgae
754 2055 857 2121 aquas
879 2034 1007 2118 eduxit,
1028 2043 1065 2097 nt
1088 2035 1223 2098 habetur
1244 2038 1355 2118 lllxodi
1374 2035 1414 2101 tt.
1473 2046 1474 2105 l

251 2143 389 2226 Insuper
401 2141 620 2206 etsecundum
632 2160 736 2226 aquae
750 2141 963 2223 eductionem,
974 2139 1015 2202 de
1025 2158 1090 2223 qua
1099 2140 1236 2203 hahetur
1245 2143 1347 2205 Num.
1362 2143 1417 2223 ill,
1473 2138 1474 2201 l

254 2246 389 2310 credunt
419 2265 463 2311 cx
484 2247 595 2310 eadem
627 2256 720 2330 petra
740 2245 905 2329 profusam
938 2245 1058 2328 luisse,
1079 2263 1163 2329 quae
1194 2246 1314 2309 dicitur
1343 2265 1419 2331 aqua

255 2351 536 2434 contradictionis3
557 2371 620 2418 non
654 2351 739 2414 enim
768 2350 888 2414 diutius
917 2349 1013 2412 dabat
1041 2360 1134 2432 petra
1154 2368 1276 2434 aquas,
1300 2355 1366 2416 nisi
1385 2350 1421 2413 ad
1473 2345 1474 2391 t

256 2457 366 2538 populi
381 2465 413 2519 et
426 2435 576 2540 pecorum
593 2456 848 2540 adaquationem,
861 2464 897 2516 ut
910 2454 1030 2518 elarius
1044 2464 1212 2539 appareret
1224 2458 1421 2522 miraculum.
1473 2509 1474 2573 ,

257 2673 364 2725 terrae
384 2664 494 2745 iniixa,
517 2674 550 2726 ut
573 2674 741 2728 cernerent
763 2665 820 2728 lilii
839 2663 951 2740 lsrael,
974 2663 1060 2745 quod
1082 2665 1173 2727 Deus
1197 2684 1304 2728 novas
1327 2685 1427 2749 aquas

257 2775 380 2830 crearet
402 2767 435 2828 in
449 2774 542 2848 petra
563 2776 595 2829 et
617 2788 681 2831 non
694 2769 735 2831 de
756 2772 877 2852 abysso
894 2768 1111 2831 redundantes
1128 2788 1187 2852 pro
1207 2787 1321 2833 eornm
1343 2779 1427 2854 putu.
1473 2797 1474 2852 1

257 2871 295 2936 Si
316 2873 400 2935 enim
420 2872 541 2954 jugiter
557 2873 737 2955 fluxissent,
753 2891 988 2956 non-magnum
1011 2873 1198 2936 miraculum
1220 2875 1354 2957 luisset,
1374 2873 1428 2935 sed
1473 2891 1474 2954 1

258 2986 462 3059 consuetum,
497 2979 581 3040 sieut
614 2987 748 3040 sanctus
776 2963 929 3041 Clemens
961 2987 994 3040 et
1023 2977 1113 3040 multi
1144 2978 1199 3041 alii
1219 2983 1333 3042 sancti
1364 2980 1431 3041 suis
1473 2985 1474 3056 1

257 3084 407 3167 precibus
435 3085 689 3167 impetraverunt
722 3085 956 3146 emanationem
986 3101 1139 3166 aquarum
1173 3083 1215 3146 de
1243 3087 1370 3166 abysse
1403 3093 1431 3143 et

259 3190 391 3252 fontium
416 3188 668 3269 redundantiam,
690 3189 744 3250 uhi
763 3190 852 3270 prius
873 3207 938 3250 non
960 3188 1020 3250 luit
1040 3206 1134 3272 aqna,
1148 3207 1210 3251 non
1231 3188 1324 3270 quod
1348 3205 1432 3250 nova
1473 3179 1474 3246 l

258 3311 343 3375 aqua
367 3303 544 3376 crearetur,
573 3291 632 3356 sed
654 3311 759 3355 venae
780 3291 822 3354 de
843 3293 964 3375 abysso
993 3291 1033 3354 ad
1056 3292 1160 3355 locum
1188 3293 1277 3357 illum
1307 3293 1433 3374 dirige-
1473 3273 1474 3347 l

258 3407 367 3460 rentur
389 3407 421 3460 et
440 3397 515 3460 illae
534 3400 579 3462 ita
600 3401 774 3460 manebant
802 3399 1033 3480 scaturientes,
1055 3397 1141 3458 sient
1162 3399 1317 3478 superius
1346 3407 1434 3480 patet
1473 3368 1474 3434 l

257 3497 411 3564 defunto
440 3501 515 3566 dato
544 3504 708 3566 monachis
730 3521 787 3585 pro
810 3500 885 3578 (58
896 3509 941 3580 a)
964 3503 1075 3584 signo,
1093 3501 1163 3566 -lol.
1185 3503 1244 3583 dl,
1266 3519 1297 3564 a.
1346 3501 1435 3565 lions

259 3621 337 3686 ergo
358 3614 470 3686 petrae
497 3608 594 3690 hujus
615 3627 679 3670 non
712 3626 754 3670 ex
779 3609 872 3691 aquis
894 3619 1016 3689 terrae,
1037 3606 1097 3669 sed
1119 3625 1160 3668 ex
1191 3605 1352 3669 thesauro
1378 3605 1436 3668 Dei

258 3709 438 3791 emanavit,
459 3709 532 3774 ideo
545 3712 623 3774 dixit
632 3711 769 3794 Moyses
778 3712 877 3780 Num.
898 3713 967 3775 20.:
990 3711 1091 3793 Aperi
1112 3711 1171 3790 eis,
1186 3709 1342 3792 Domine,
1364 3711 1438 3774 the·

257 3829 388 3876 sautum
400 3822 499 3897 tunm,
515 3817 634 3880 iontem
656 3835 760 3900 aquae
774 3820 882 3886 vivae.
911 3819 948 3878 ln
970 3817 1130 3878 thesauris
1147 3815 1231 3875 enim
1249 3813 1317 3876 Dei
1341 3819 1440 3876 otiam

258 3919 375 3983 inclusi
397 3927 473 3982 sunt
493 3922 622 4003 abyssi,
641 3920 736 4003 juxta
756 3921 853 3984 illud:
873 3921 1002 3985 Ponens
1030 3922 1064 3980 in
1088 3917 1249 3981 thesauris
1270 3918 1442 4001 abyssos;

258 4025 317 4090 sed
339 4035 373 4088 et
393 4026 483 4088 venti
496 4025 536 4086 de
556 4026 717 4088 thesauris
738 4025 805 4088 illis
817 4025 984 4108 prodeunt,
1001 4024 1087 4089 unde
1107 4023 1280 4106 psalmus:
1319 4021 1445 4084 Educit

259 4139 376 4194 ventos
398 4129 439 4194 de
460 4131 621 4193 thesauris
643 4131 722 4192 suis.
766 4129 860 4192 Patet
881 4133 976 4194 etiam
999 4149 1040 4192 ex
1061 4129 1170 4192 verbis
1191 4125 1337 4210 Domini,
1353 4123 1448 4210 quud

259 4252 363 4316 aquae
383 4235 459 4298 illae
479 4236 512 4297 in
535 4245 625 4317 petra
645 4235 761 4298 luerint
782 4245 919 4318 creatae,
941 4236 1016 4318 quia
1038 4235 1115 4298 dicit
1137 4251 1208 4313 cap.
1231 4247 1348 4311 snper.
1379 4231 1448 4292 V.:

260 4336 437 4414 [loquimur
455 4337 496 4399 ad
519 4348 654 4420 petram,
673 4349 705 4400 et
725 4340 797 4420 ipsa
817 4339 904 4402 dabit
926 4353 1037 4423 aquas.
1068 4341 1154 4422 lpsa,
1172 4339 1319 4418 inquam,
1340 4333 1450 4399 debit.

261 4449 325 4490 nun
346 4443 433 4504 terra
454 4447 517 4501 etc.
558 4441 610 4501 Ex
632 4442 749 4520 quihus
772 4452 871 4526 patet,
890 4444 978 4527 “quod
1003 4445 1075 4507 lons
1096 4443 1152 4506 ille
1173 4440 1264 4506 sulus
1284 4457 1358 4504 non
1387 4441 1452 4504 snit
