2896 4872
222 431 394 496 eeclesiam
418 429 551 510 ,montis
583 427 675 513 Syon
712 447 786 494 cun
825 448 954 496 annexa
985 430 1224 514 lrsbitstione,
1257 429 1370 512 capuln

222 537 339 600 oeus
368 533 493 596 Mariae
526 535 675 618 Virginis
695 536 730 597 in
759 535 900 599 ecclesis
932 535 1130 598 dominicae
1165 535 1371 598 resurrection

221 657 294 704 cum
333 637 495 720 adjunctis
525 639 753 730 lmlrltuculis,v
771 646 804 701 et
833 639 984 702 dominici
1015 637 1207 722 sepulchri
1242 639 1373 719 tugurium

222 743 393 806 ecclesiam
415 744 531 806 beatae
551 741 678 809 Mariae
697 743 847 826 Virginis
865 744 900 806 in
921 743 1206 825 valleJosophot
1229 751 1263 804 et
1282 757 1373 822 speon
1395 763 1396 800 u

222 847 401 912 dominicae
434 847 614 910 nativitatis
641 849 676 908 in
705 845 847 910 ecclesia
875 849 989 910 beatae
1023 847 1174 910 Mariae
1209 842 1374 927 Virginisit

221 951 410 1016 lletblehem
439 969 512 1014 oum
544 951 743 1015 habitatione
770 969 899 1014 annexa
929 937 1131 1014 ecclesiae.¹
1164 951 1235 1013 Pro
1256 950 1305 1010 his
1323 947 1375 1007 taor

222 1058 438 1122 conventione
471 1056 686 1138 interregem
712 1054 891 1137 liopertum
920 1065 953 1118 et
982 1056 1182 1119 soldanum
1226 1052 1312 1115 dedit
1328 1048 1375 1110 Sol

183 1163 188 1170 ’
222 1161 306 1226 dono
325 1161 489 1243 Rupertus
509 1161 543 1223 in
565 1168 692 1242 promta
716 1161 853 1242 pecunia
881 1161 1017 1242 triginta
1039 1160 1113 1222 duo
1147 1158 1264 1230 millia,
1278 1153 1375 1216 duuto

222 1285 292 1330 rum
329 1273 364 1328 et
395 1266 501 1329 soluto
543 1266 645 1346 pretio
677 1263 827 1326 ascendit
858 1283 918 1327 rex
948 1265 982 1327 in
1028 1263 1236 1326 Jerusalem
1265 1267 1300 1320 et
1332 1257 1374 1315 loo

220 1369 369 1453 praelata
400 1370 552 1432 fratribus
582 1370 762 1432 Minoribus
791 1370 970 1450 resignavit
997 1378 1170 1451 perpetuo
1214 1355 1373 1446 possidendo

221 1474 366 1554 loco‘sui
387 1483 420 1536 et
438 1492 568 1540 snorum
589 1490 824 1534 successorum.
846 1469 1001 1555 Receptis
1023 1493 1106 1555 ergo
1133 1471 1226 1534 locis
1248 1469 1315 1530 istis
1331 1472 1371 1522 tro

220 1579 265 1644 ibi
298 1575 445 1640 lecerunt
475 1578 593 1639 fratres
628 1578 771 1639 Minores
802 1585 999 1639 conventus:
1038 1581 1192 1660 primum
1224 1575 1261 1634 in
1294 1573 1370 1630 moult

219 1682 324 1766 Syon,
338 1683 392 1744 ubi
416 1690 491 1744 ante
512 1699 570 1743 eos
592 1681 697 1744 luerat
719 1687 902 1744 conventus
924 1683 1162 1745 canonicorum
1190 1672 1369 1758 regularium

220 1787 395 1850 secundum
417 1786 583 1869 intemplo
602 1784 783 1849 dominicae
802 1785 1061 1866 resurrectionis,
1076 1784 1124 1848 ad
1151 1784 1246 1845 lutus
1262 1771 1369 1858 ospello

220 1891 335 1954 beatae
357 1891 519 1974 Virginis,
541 1908 599 1972 pro
621 1890 809 1954 custodibus
830 1889 981 1952 dominici
1002 1889 1194 1971 sepulchri3
1218 1873 1367 1946 tomiuniu

220 1995 422 2064 Bethlehem.
458 1994 544 2059 Sunt
566 2005 672 2058 temen
695 1997 750 2059 isti
772 2004 838 2056 tres
860 2003 1040 2056 conventus
1062 2003 1239 2077 tamquam
1261 2001 1338 2049 unu.

305 2100 464 2163 Videntes
499 2111 605 2162 autom
638 2102 755 2163 iratres
791 2098 1053 2180 Praedicatores,
1096 2095 1194 2182 quod
1235 2087 1364 2154 soldouut

221 2207 381 2288 reciperet
411 2207 579 2288 pecuniam
622 2214 653 2268 et
684 2205 756 2266 loco
787 2211 901 2267 sancto
926 2203 1100 2283 venderet,
1148 2197 1295 2264 collectis
1319 2201 1360 2249 1¹⁰⁰

220 2309 355 2374 modieis
377 2305 593 2394 eleemosynis
615 2318 759 2372 emerunt
779 2327 891 2391 agrum
908 2307 1133 2370 Acheldemalr
1156 2322 1260 2388 snper
1274 2293 1360 2359 vatter

221 2412 323 2495 Syloe
342 2413 374 2474 in
395 2413 496 2477 latere
521 2416 634 2499 Gyen,
669 2434 711 2478 ex
743 2415 891 2496 opposito
907 2411 1022 2494 syon,
1054 2419 1088 2473 et
1110 2427 1252 2494 specum
1282 2390 1358 2462 ,mot

219 2515 335 2578 Jaooli
357 2517 389 2577 in
407 2517 491 2598 pede
513 2520 631 2582 montis
642 2518 764 2582 oliveti
786 2535 883 2600 supra
904 2523 1076 2579 torrentem
1092 2516 1226 2580 Cedron
1247 2512 1279 2572 in
1298 2496 1358 2564 vallo

220 2620 392 2701 Josaphot.
433 2619 488 2682 Ad
510 2630 637 2706 tempus
659 2633 766 2686 autem
788 2621 969 2704 deguerunt
991 2621 1108 2684 fratres
1127 2624 1196 2702 ibi,
1224 2611 1279 2679 sod
1303 2602 1355 2687 (μί’
1398 2639 1399 2642 ’

223 2725 295 2789 loca
327 2724 383 2786 illo
414 2724 446 2785 in
478 2729 646 2810 propatulo
678 2737 768 2815 erant
806 2735 839 2789 et
871 2725 958 2788 nullo
985 2745 1073 2788 muro
1104 2725 1277 2796 concluso,
1305 2707 1355 2771 ⁸5³⁰

221 2829 460 2894 intermissione
480 2833 685 2913 potiebantur
705 2830 844 2893 insultus
865 2828 1087 2893 aSorracenis
1104 2838 1136 2892 et
1159 2823 1317 2894 Annuus,
1331 2815 1352 2868 ⁰⁸

221 2955 285 2998 non
317 2943 386 2998 erat
413 2937 569 3016 possibile
600 2939 644 3001 ibi
685 2955 831 3015 manere,
870 2936 984 3016 sicque
1017 2935 1096 2999 locis
1127 2936 1196 2998 illis
1226 2914 1353 2994 derelictis
1395 3008 1396 3011 Ἴ

220 3043 444 3124 migraverunt
476 3038 591 3102 iratres
612 3029 861 3103 Praedicatores
892 3038 933 3100 ad
967 3045 1086 3102 terram
1110 3039 1348 3104 christianorum·

221 3143 378 3222 Quamvis
400 3153 506 3208 autem
528 3145 592 3226 ipsi
612 3145 730 3207 fratres
757 3145 903 3209 Minores
924 3143 958 3204 in
982 3143 1209 3208 muris‘iirmis
1238 3143 1352 3202 contet·
1395 3161 1397 3179 s

221 3257 275 3312 tus
296 3249 457 3311 habebant
481 3259 513 3312 et
534 3248 696 3312 Soldsnus
719 3266 830 3331 prose
852 3255 887 3310 et
907 3249 1120 3329 sequentibus
1141 3251 1213 3312 suis
1234 3227 1349 3306 libertiit

221 3369 279 3412 eos
300 3351 446 3432 praefata
467 3360 599 3436 receptu
630 3356 782 3436 pecunia,
811 3351 912 3414 multa
944 3358 1052 3414 tamen
1078 3353 1292 3416 sustinuerunt
1313 3339 1349 3398 Ψ·

220 3454 389 3516 commoda
414 3463 446 3516 et
467 3459 612 3539 graviter
633 3477 733 3540 saepe
767 3477 786 3520 a
818 3456 1010 3520 Sarraceuis
1044 3458 1161 3520 turbati
1195 3443 1348 3522 luoruttilt

220 3557 351 3621 cottidie
378 3562 471 3642 quasi
492 3565 666 3625 turbantur.
710 3561 804 3626 Unde
837 3579 921 3624 anno
948 3561 1079 3623 Domini
1102 3561 1193 3626 tous.
1225 3543 1346 3624 venofflll

220 3661 393 3726 Sarraceni
422 3665 455 3727 in
485 3673 680 3730 conventum
704 3668 822 3730 montis
843 3666 935 3749 Syon
975 3673 1008 3728 et
1027 3663 1090 3728 llll
1113 3666 1230 3730 fratres
1249 3647 1347 3725 oudilo-

220 3775 312 3850 runt3
341 3776 416 3851 post
437 3770 499 3832 hoo
520 3771 636 3833 iterum
658 3772 797 3853 ingressi
819 3770 967 3834 aedificia
989 3769 1186 3834 testudinata
1207 3747 1347 3834 dormilllff

220 3869 406 3952 dejecerunt
441 3881 473 3934 et
506 3874 605 3937 cellas
627 3875 863 3938 destruxerunt.
907 3874 984 3936 Alia
1005 3875 1079 3936 vieo
1099 3873 1140 3937 de
1166 3884 1241 3957 post
1259 3875 1347 3952 prum·

220 3975 364 4038 rantibus
408 3975 544 4040 Judaeis
588 3981 709 4064 recapit
769 3979 932 4052 soldanus
975 3979 1024 4040 eis
1067 3978 1175 4056 locum
1219 3955 1346 4059 „09qu

218 4078 327 4143 David
353 4080 540 4143 stallorum
566 4101 679 4165 regum
705 4081 793 4146 duda
829 4091 863 4146 et
891 4083 1051 4151 destruxit
1077 4084 1278 4148 coenaculum
1295 4063 1347 4140 llll

218 4185 273 4248 ubi
293 4183 436 4266 Spiritus
457 4197 591 4250 sonotus
613 4191 734 4250 missus
755 4195 807 4250 est
827 4188 996 4271 Apostolis
1017 4189 1050 4250 in
1079 4188 1132 4252 die
1160 4182 1345 4252 Penteoolltli

219 4289 305 4369 qnod
327 4291 467 4372 pretiose
489 4290 690 4354 aedificatum
714 4291 818 4355 fuerat
840 4309 955 4375 arege
977 4292 1137 4360 l'rancioe
1157 4292 1200 4358 do
1220 4285 1348 4356 consoliu
1398 4333 1401 4438 1
