2842 4882
57 497 59 507 ,
83 431 206 494 vivere
227 429 299 490 sine
320 427 396 510 igne
418 445 481 490 non
503 433 650 509 possunt,
673 427 749 489 licet
769 423 895 489 Plinius
912 425 964 498 libr
986 423 1017 488 b.
1039 421 1141 505 dieat,
1174 417 1262 516 pund

16 499 60 566 ψ
83 536 123 596 in
143 541 235 615 perte
258 527 405 595 orientali
427 530 616 614 quibusdem
630 532 784 616 gentibus
797 547 876 593 usus
897 530 985 614 iguis
1006 529 1102 594 luerit
1128 529 1261 612 ignotae

1 617 57 692 *ill*
86 655 203 720 usque·
222 635 270 699 ad
293 644 421 719 tempus
442 635 620 699 Ptolomaei
653 638 742 719 regis
768 635 928 718 Aegypti,
962 641 1095 698 attane
1122 633 1258 717 primum

4 721 57 833 W
84 743 198 824 ignem
220 740 407 803 habuerunt.
449 738 561 802 Credit
580 750 686 803 tamen
719 740 867 803 dominus
889 737 1069 822 Antonius,
1099 737 1173 802 illos
1195 755 1260 804 uon

87 847 197 908 fuisse
219 847 382 926 homines,
407 847 610 929 qualebet,
643 843 802 908 hominem
826 861 892 907 non
926 857 1027 925 posse
1047 843 1163 906 vivere
1182 843 1256 906 sine

6 927 54 997 liri
87 967 154 1012 usu
176 951 279 1033 ignis,
300 961 334 1014 nt
357 960 445 1034 patet
465 951 504 1022 Ρ.
528 952 556 1014 l.
580 951 640 1011 'l'it
665 949 692 1012 1.
715 945 753 1011 C.
773 947 804 1009 b.
828 940 862 1032 §.
888 948 915 1010 l.
969 995 972 1006 .

2 1043 53 1120 alr·
116 1135 123 1140 ,
172 1052 296 1144 Quarto
319 1055 413 1120 modo
436 1065 469 1118 et
489 1055 710 1140 propriissime
732 1052 893 1116 desertum
915 1049 1031 1115 dicitnr
1052 1059 1158 1114 terrae
1178 1067 1258 1134 spe·

10 1146 52 1212 di
85 1142 263 1242 tium‚‚ubi
287 1161 366 1224 nihil
389 1178 498 1226 eorum
520 1160 655 1241 crescit,
688 1157 805 1240 quibus
826 1149 973 1220 homines
994 1164 1026 1219 et
1048 1155 1173 1218 bestiae
1195 1173 1258 1217 nn·

23 1263 49 1315 t*
86 1265 245 1346 triuntnr,
268 1282 330 1326 neo
351 1267 498 1349 arbores,
529 1264 775 1347 misogramma,
798 1269 833 1324 et
851 1261 906 1325 ubi
928 1278 990 1326 nec
1019 1259 1167 1326 bomiues
1195 1277 1258 1324 nec

0 1353 49 1426 ‘all
85 1368 217 1429 bestiae
237 1386 299 1431 neo
320 1386 400 1432 aves
422 1372 535 1433 vivere
557 1376 704 1453 possunt,
729 1375 795 1430 turn
815 1374 946 1448 propter
967 1364 1130 1430 deiectum
1152 1381 1257 1448 eque-

30 1459 47 1524 ἱ)
86 1491 176 1555 rum,
202 1477 273 1534 'tum
304 1481 432 1556 propter
453 1473 532 1537 solis
560 1475 804 1558 intemperatum
835 1469 997 1554 ardorem,
1029 1479 1096 1534 tum
1125 1479 1257 1554 propter

13 1586 46 1632 *t
86 1585 195 1638 terrae
215 1577 432 1660 sterilitatem,
458 1587 490 1642 et
520 1580 661 1643 breviter
696 1584 829 1660 propter
857 1573 1017 1638 delectum
1049 1577 1189 1640 omnium
1211 1571 1253 1638 ad
1279 1579 1284 1589 '

19 1684 44 1743 lt·
84 1682 179 1743 vitae
203 1681 351 1745 animalis
372 1683 639 1753 sustentationem
662 1681 899 1765 pertinentium.
942 1679 985 1742 itt
1003 1680 1068 1744 tale
1089 1677 1252 1743 desertum

9 1805 36 1854 m
85 1793 140 1848 est
163 1785 204 1849 do
226 1785 357 1850 Gazara
379 1787 420 1850 ad
442 1795 583 1851 montem
605 1787 726 1870 Synei,
749 1804 813 1848 nou
837 1783 965 1868 quidem
987 1785 1020 1846 iu
1043 1785 1129 1849 omni
1149 1793 1253 1868 perte,

0 1889 39 1953 rb
85 1890 147 1953 sed
178 1911 236 1974 pro
266 1890 378 1973 majori
410 1900 511 1973 parte.
552 1893 632 1957 'l'ele
659 1891 822 1954 desertum
856 1907 919 1952 non
942 1891 1099 1972 reperitur
1119 1889 1152 1950 in
1174 1887 1256 1951 Ale-

18 1999 38 2063 la
86 1997 218 2056 mannia
245 2013 306 2058 neo
327 1987 361 2058 iri
389 1995 530 2058 Francia
556 2013 618 2059 nec
639 1995 672 2058 in
697 1995 811 2080 ltalia,
843 1994 994 2077 quamvis
1017 1991 1164 2074 deserta,
1186 1991 1255 2074 pri·

67 2091 157 2178 mo,
179 2098 323 2161 secundo
344 2108 376 2161 ct
398 2101 493 2163 tertio
515 2099 609 2163 modo
631 2098 733 2175 dicta,
755 2098 800 2161 ibi
822 2098 1030 2180 reperientur.

0 2229 33 2279 p
148 2203 328 2266 ·Deieotus
349 2211 381 2266 et
405 2205 553 2267 miseriae
574 2203 694 2266 deserti
715 2203 800 2266 illius
822 2203 930 2287 magni
945 2201 1151 2268 notificentur
1171 2199 1256 2262 mul-

1 2333 32 2400 pp
87 2307 239 2389 tiplioiter
260 2328 318 2391 per
338 2309 517 2391 scripturas
539 2326 659 2372 sacres.
697 2307 792 2372 Unde
811 2308 985 2390 Deuteron.
1007 2305 1096 2370 Vlll.
1120 2301 1253 2369 dicituro

2 2398 29 2499 pr
86 2415 245 2476 Dominus
268 2413 478 2476 ductortuus
502 2414 563 2482 luit
585 2417 617 2477 in
639 2411 815 2476 solitudine
836 2413 952 2498 meg'na
977 2419 1010 2474 et
1038 2409 1188 2494 terribili,
1217 2409 1251 2474 in
1304 2394 1320 2421 '

0 2531 28 2603 p
88 2535 151 2600 qua
173 2526 242 2581 erat
263 2509 398 2602 serpeus
420 2501 498 2582 llatu
520 2519 660 2600 adurens
682 2528 714 2581 et
736 2515 876 2601 scorpio,
898 2534 938 2580 ao
960 2510 1071 2599 dipses
1092 2524 1124 2579 et
1146 2515 1253 2580 nullae

88 2618 217 2685 omuino
239 2643 354 2707 aquae.
396 2625 439 2687 Et
472 2625 602 2688 Denter.
634 2623 686 2688 32.
721 2633 857 2688 vocatur
886 2629 974 2686 terre
1003 2621 1132 2686 deserte
1160 2621 1252 2686 loeus

18 2765 21 2778 ·
90 2726 230 2789 horroris
251 2735 285 2790 ot
305 2739 401 2791 veste
422 2728 572 2793 solitudo.
614 2729 657 2791 Et
677 2730 794 2792 Esaiae
814 2730 866 2793 ul.
906 2727 1022 2791 dieitur
1044 2736 1128 2790 terre
1148 2727 1254 2791 borri-

1 2847 22 2924 J
89 2829 171 2890 bilis.
209 2832 252 2893 lit
276 2833 339 2915 (b)
362 2833 419 2896 filii
441 2832 542 2896 isreel
575 2843 828 2914 murmurantem
846 2841 881 2896 ut
902 2832 1038 2896 babetur
1067 2831 1165 2900 Nom.
1187 2829 1253 2914 etl,

7 2998 8 3016 ¹
88 2933 255 2996 dixerunt:
279 2934 388 3012 Quare
420 2955 480 3000 uos
501 2936 678 3000 ascendere
708 2937 816 3000 iecisti
838 2936 879 3000 de
903 2937 1054 3020 Aegypto
1083 2945 1116 3000 et
1148 2934 1252 2999 addu-

0 3100 4 3127 ἡ
88 3039 165 3100 xisti
194 3039 227 3100 in
260 3038 364 3102 locum
400 3042 496 3104 istum
529 3041 722 3123 pessimum,
756 3043 812 3123 qui
843 3043 907 3106 seri
949 3061 1012 3106 non
1046 3050 1153 3126 potest
1189 3059 1249 3106 trec

6 3177 12 3227 5
87 3141 181 3203 licum
203 3142 307 3224 gignit
340 3162 402 3206 neo
434 3145 548 3208 vineas
571 3153 637 3212 'nec
659 3145 881 3229 malogranata
893 3193 903 3230 ‚
924 3135 1056 3230 insuper
1077 3155 1112 3210 et
1134 3165 1250 3230 aquam

14 3283 17 3324 p
86 3265 149 3310 non
173 3247 269 3310 lrabot
291 3248 331 3311 ad
361 3248 541 3313 bibendum.
586 3249 636 3312 De
658 3268 767 3313 eorum
796 3269 956 3314 murmure
985 3252 1121 3315 habetur
1148 3248 1253 3316 Exodi
1334 3318 1338 3327 ,

85 3351 174 3413 XVI.
198 3360 230 3414 et
251 3352 350 3414 Num.
383 3354 440 3416 Xl.
484 3355 536 3417 lix
569 3355 686 3437 quibus
716 3354 865 3420 deiectus
894 3354 1013 3418 deserti
1041 3363 1142 3441 petet.
1184 3353 1252 3418 Sed

85 3455 245 3520 deremies
267 3459 367 3554 quasix
381 3477 493 3521 omnes
515 3458 661 3522 delectus
684 3457 804 3523 deserti
825 3459 1049 3544 complectitur
1067 3461 1187 3524 dorem.
1209 3461 1260 3524 lt·

8 3654 10 3664 Ι
85 3561 342 3644 iugratitudinem
370 3561 525 3644 objiciens
538 3564 686 3647 Judaeis,
712 3560 839 3629 dicens:
859 3565 956 3648 Vani,
978 3563 1010 3629 ld
1034 3574 1095 3648 ost,
1116 3565 1250 3655 ingratl,

2 3664 3 3667 ’
86 3666 163 3729 laeti
184 3676 260 3730 sunt
282 3667 402 3732 Judeei
428 3677 460 3731 at
482 3687 545 3732 non
569 3669 736 3754 dixerunt,
757 3672 812 3733 ubi
834 3679 885 3736 est
906 3673 1018 3754 Deus,
1050 3670 1105 3753 qui
1126 3685 1247 3732 meen-

87 3769 161 3832 dere
181 3789 243 3836 nos
265 3772 342 3834 iecit
364 3772 406 3834 do
427 3781 512 3835 terre
533 3772 694 3858 Aegypti,
729 3778 785 3860 qul
812 3775 997 3839 transduxit
1028 3793 1088 3838 uos
1110 3791 1168 3856 per
1189 3773 1253 3836 de-

87 3881 223 3956 sertum,
246 3894 303 3958 per
327 3885 442 3938 terram
465 3877 703 3943 inhabitabilem
731 3889 764 3944 ot
789 3880 929 3963 inviam,
952 3899 1009 3962 per
1037 3887 1154 3942 terrem
1176 3878 1248 3942 silis

87 3986 119 4039 et
138 3977 307 4058 imaginem
331 3983 459 4064 mortis,
480 4000 539 4064 per
560 3992 694 4065 terram,
726 3986 758 4046 in
781 4003 846 4067 qua
874 4002 937 4046 uon
960 3984 1134 4048 ambulavit
1154 3984 1249 4048 honio

85 4099 188 4164 nequo
210 4081 365 4146 habitavit
393 4086 502 4167 homo,
523 4105 585 4151 uec
605 4088 759 4151 incolevit
780 4107 851 4152 eom
867 4087 952 4152 lilius
975 4088 1122 4152 bominis.
1151 4090 1245 4152 Haec
1301 4135 1304 4146 .

1 4174 5 4262 ζ
85 4187 135 4252 ibi.
166 4185 208 4248 lit
228 4185 352 4249 Josuee
373 4187 416 4254 V.
434 4189 590 4254 latissime
620 4198 654 4253 et
685 4192 873 4276 longissime
894 4193 1077 4257 nominatur
1097 4190 1247 4265 solitudo.

88 4295 221 4373 insuper
264 4289 439 4363 Deuteron.
477 4296 504 4359 l.
549 4294 690 4358 dicitas:
721 4297 963 4362 ''l'rensirimus
1002 4277 1074 4381 per*
1106 4311 1247 4364 mamam
