2962 5022
119 573 185 649 lle
203 572 517 676 periculosiss‘ue
526 572 715 650 erratione
739 582 779 650 et
794 527 1010 650 'devictione
1028 573 1299 676 peregrinorum

197 709 199 714 ’
357 693 493 772 tertiae
516 694 707 771 societatis
732 719 800 798 per
824 693 1067 772 solitudinem.

188 875 435 947 ‚Pmcessimua
454 895 534 962 erge
556 897 614 961 per
634 894 791 944 arenosos
811 883 845 942 et
870 875 1048 955 latissimos
1075 893 1220 962 campos,
1241 895 1299 962 per

121 999 209 1065 quos
229 981 267 1050 S.
284 984 422 1064 Moyses
443 1000 515 1048 cvm
537 985 691 1047 universe
706 983 827 1066 popule
846 981 949 1047 lsrael
968 981 1012 1048 de
1026 980 1182 1068 Aegypte
1201 1001 1299 1066 egre-

126 1086 223 1175 diens
249 1104 271 1148 a
291 1088 372 1150 mari
400 1088 495 1151 rubro
514 1087 663 1152 ”cendit
692 1097 725 1152 et
755 1088 835 1152 lrora
858 1087 1064 1172 tempestiva,
1086 1085 1162 1152 dom
1192 1087 1299 1152 adlrue

123 1191 260 1254 multum
282 1190 346 1254 diei
367 1201 565 1275 superesset,
581 1195 615 1256 lu
637 1192 776 1276 quodam
798 1193 880 1275 loco,
902 1193 988 1258 dieto
1010 1191 1215 1274 Wardacluii,
1237 1192 1298 1254 be-

122 1297 208 1360 stiss
229 1307 505 1382 exoneraverunt,
524 1297 613 1382 quod
643 1297 738 1362 nobis
759 1296 941 1381 displicuit,
968 1298 1045 1381 quia
1073 1295 1299 1362 festinavimus

122 1401 238 1466 venire
256 1399 498 1468 Alexandriam.
540 1402 610 1466 Sed
641 1403 742 1466 nestri
773 1401 925 1467 ductores
960 1404 1023 1468 luco
1043 1420 1109 1466 eon
1130 1400 1297 1484 curabunt,

122 1507 202 1590 quio
218 1516 298 1570 aute
325 1507 407 1570 solis
427 1525 581 1572 occasum
611 1506 751 1572 dormire
771 1514 804 1570 et
825 1509 995 1590 quiescere
1016 1505 1242 1588 intendebant,
1262 1514 1298 1570 ut

122 1629 185 1694 per
214 1619 343 1694 noctem
374 1611 513 1694 vigilare
542 1619 578 1676 et
609 1613 808 1676 inselescere
839 1619 974 1696 possent
998 1611 1093 1695 juxta
1125 1613 1218 1676 ritum
1246 1610 1298 1676 set

121 1715 250 1780 inutilis
266 1715 392 1798 ieiunii.
437 1714 523 1782 Dum
551 1735 629 1801 erge
649 1721 685 1780 in
713 1717 786 1782 loce
808 1717 863 1782 illo
885 1719 1023 1782 tentoria
1053 1725 1165 1782 nostra
1196 1715 1298 1802 ligere

121 1819 294 1904 vellemus,
316 1820 401 1885 clavi
423 1821 533 1905 lignei,
554 1821 791 1906 quibusdum
812 1823 1045 1907 alligabuntur,
1066 1841 1130 1888 nou
1151 1830 1299 1905 poterent

124 1934 238 1988 tenere
257 1935 390 2009 prepter
409 1935 540 1990 tenuem
564 1945 706 2010 arenam,
717 1927 751 1990 in
772 1945 869 2012 quern
888 1945 953 1992 non
969 1927 1101 1992 lirmiter
1116 1926 1300 2009 infigeban-

123 2039 186 2112 tur,
207 2039 240 2092 et
258 2049 332 2094 cum
355 2032 418 2096 hec
435 2049 558 2114 peuces
578 2030 685 2106 adhuc
705 2032 798 2115 pulos
818 2032 1000 2112 habuimus,
1015 2030 1089 2094 aliis
1109 2049 1168 2113 per
1181 2029 1298 2094 deser-

123 2147 191 2202 tum
213 2137 355 2202 amissis.
381 2135 536 2204 Sedimus
555 2153 633 2219 ergo
654 2137 687 2200 in
709 2137 818 2202 eslere
830 2134 911 2199 solis
932 2137 966 2200 in
986 2136 1090 2200 urenti
1103 2151 1202 2198 erena
1221 2150 1296 2200 cuns

122 2241 323 2326 impetieutio
343 2250 376 2304 et
397 2259 559 2304 murmure
579 2249 692 2306 centra
712 2240 862 2306 demeres
883 2249 1020 2304 nostros.
1060 2238 1161 2304 l’orro
1182 2256 1204 2300 a
1224 2236 1297 2302 leoe

123 2347 180 2414 illa
205 2345 346 2412 vidi-us
377 2348 462 2410 iuter
480 2363 540 2408 uos
571 2356 605 2409 et
625 2363 715 2438 mare
738 2347 867 2410 rubrum
898 2344 1044 2410 cumulos
1071 2360 1240 2408 menarum
1262 2347 1298 2406 et

125 2449 319 2514 merrticulos
339 2458 372 2512 et
386 2469 444 2532 per
461 2449 602 2515 medium
616 2451 741 2516 illorum
758 2450 898 2516 discrete
913 2450 1054 2515 vidimus
1066 2467 1155 2514 mare
1168 2447 1297 2512 morum

126 2565 158 2620 et
178 2555 349 2620 videbatur
370 2556 480 2637 uobis,
502 2555 589 2639 quod
609 2557 669 2620 vix
688 2575 747 2639 per
772 2556 909 2620 miilisre
927 2556 1069 2621 italicum
1089 2573 1111 2619 a
1130 2553 1224 2619 uobis
1244 2549 1317 2618 dis·

126 2669 238 2724 stsret.
282 2659 375 2724 Unus
406 2678 486 2743 crgo
513 2660 554 2724 de
585 2661 739 2727 militibus
759 2660 836 2740 (67
846 2669 891 2740 ta)
912 2664 1028 2729 tertiae
1059 2659 1244 2741 societatis,
1264 2654 1318 2740 in·

126 2783 191 2849 qua
209 2783 272 2849 ege
293 2766 350 2848 ini,
371 2764 467 2834 dixitt
489 2775 523 2829 ut
545 2766 623 2848 quid
643 2768 698 2845 liic
718 2767 872 2832 sedentes
894 2769 929 2832 in
950 2767 1064 2834 ardore
1082 2765 1163 2832 solia
1186 2764 1299 2828 ntes

125 2871 230 2935 cimus
266 2878 299 2932 et
330 2870 462 2952 ignavie
482 2869 689 2938 marcemus?
709 2872 807 2956 lllece,
840 2874 884 2936 ilei
916 2881 969 2937 est
995 2890 1085 2938 mare
1112 2873 1243 2935 rubrum
1263 2876 1299 2932 et

125 2975 259 3040 muitum
281 2983 431 3059 superest
461 2973 543 3056 diel;
566 2974 805 3041 descendamus
826 2991 949 3058 quaeso
980 2975 1022 3038 ed
1043 2971 1296 3056 refrigerendum

126 3099 187 3146 nes
208 3090 240 3146 et
261 3081 304 3146 ad
326 3080 547 3144 deducendum
569 3088 709 3164 tempus.
735 3080 810 3144 Hoc
830 3081 943 3146 moena
966 3097 1060 3142 nemo
1076 3077 1140 3141 sibi
1160 3091 1298 3158 respon-

125 3185 172 3250 dit
201 3195 242 3250 et·
264 3185 403 3250 nddldit=
423 3204 487 3248 non
520 3194 613 3268 sunt,
635 3187 755 3271 iuquit,
777 3183 891 3252 lideles
922 3184 1006 3248 secli
1037 3183 1219 3261 intervos,
1242 3178 1298 3260 qui

126 3289 269 3354 audeont
289 3290 331 3353 nd
353 3290 511 3354 tantillum
533 3292 671 3373 spatium
694 3309 818 3355 mecum
830 3288 991 3372 proficisci
1012 3305 1070 3371 pre
1090 3301 1152 3348 sun
1172 3291 1205 3346 et
1226 3299 1299 3346 mea

128 3393 355 3460 recreatione?
370 3405 503 3479 perotus
518 3413 579 3477 ege
594 3413 699 3460 essem
714 3397 797 3460 inire
809 3394 927 3458 bellum
947 3411 1006 3476 pre
1016 3391 1123 3474 vebia,
1136 3398 1169 3454 et
1190 3386 1299 3452 nullus

127 3501 198 3568 vnit
219 3518 344 3564 mecum
371 3503 420 3564 ire
440 3500 482 3564 ad
504 3498 678 3565 balineum?
708 3500 794 3579 Quid
821 3495 1024 3564 formidatis?
1055 3494 1131 3582 quid
1152 3487 1297 3559 timetisi

127 3605 277 3690 Cumque
298 3605 479 3670 diceremus
501 3606 574 3688 sulii,
596 3603 682 3687 quod
704 3603 840 3684 Colimus
864 3623 929 3670 non
950 3604 1124 3670 dimitteret
1143 3619 1215 3683 nes,
1237 3597 1300 3662 uisi

126 3710 211 3774 edne
233 3710 316 3774 duee
336 3709 510 3774 societates
541 3710 639 3772 etiarn
667 3711 834 3774 nobiscnm
863 3709 1115 3789 descenderent,
1137 3706 1237 3774 irrisit
1268 3713 1301 3770 et

125 3815 347 3880 inlidelitetem
379 3821 413 3879 et
444 3812 743 3879 formidolositatem
782 3816 892 3882 multis
923 3818 1036 3883 verbis
1073 3812 1301 3900 improperavit

127 3919 222 3982 nobis
244 3920 277 3982 iu
298 3920 426 3984 sociem.
457 3918 511 4003 Ad
532 3921 614 3985 hsec
634 3936 708 3986 curu
729 3920 950 4006 indignatione
969 3923 1167 3988 surreximus
1188 3931 1301 3980 omnes
1363 3969 1372 3986 .

127 4023 169 4088 de
189 4026 285 4088 tertie
307 4026 479 4106 societate,
502 4025 536 4088 in
557 4043 622 4110 qus
640 4025 715 4088 sole
732 4027 814 4090 haec
834 4029 1033 4109 gerebantur
1059 4032 1091 4086 et
1112 4013 1300 4084 reassumlis

126 4130 228 4194 asinis
258 4129 355 4194 simul
385 4129 427 4195 ad
458 4147 546 4192 mare
572 4127 771 4194 descendere
799 4130 988 4210 incepimus.
1032 4123 1127 4200 Quod
1160 4131 1300 4182 cernens

126 4231 261 4296 Calinus
283 4235 435 4298 clamavit
456 4250 574 4314 magne
594 4246 677 4295 voce
698 4243 858 4292 revocem
875 4243 946 4292 nos.
982 4222 1140 4290 Similiter
1159 4219 1298 4300 Areum,

125 4337 289 4402 esmelsrii
308 4349 341 4402 et
362 4337 493 4402 esiumrii
515 4347 548 4401 et
569 4334 623 4400 elii
644 4331 805 4416 peregrini
826 4339 900 4412 pest
922 4342 982 4392 nos
1005 4326 1198 4404 clemonem,
1219 4339 1298 4404 pre-

122 4451 239 4504 cautes
259 4449 297 4505 ut
332 4459 553 4522 moneremus,
583 4439 641 4502 sed
664 4433 941 4523 dissimulavimus
959 4427 1071 4488 erudire
1098 4436 1131 4486 et
1154 4425 1296 4506 simvl!
