2842 4882
178 497 281 564 Siculi
302 505 334 561 ot
355 491 506 558 Catoloni
521 490 727 578 biamalucci,
748 495 769 558 i.
791 513 821 558 e.
843 493 997 580 abnegati
1017 489 1204 577 Christiani,
1225 493 1273 559 ad
1292 513 1365 560 nos

174 612 253 668 suut
278 600 418 684 ingressi
450 605 645 683 quaerentes
674 599 843 664 nobiscnm
875 601 996 665 habere
1021 598 1179 662 solatium.
1225 598 1362 665 Omnes

175 707 249 770 illos
268 706 455 788 accepimus
479 712 513 765 et
534 701 734 767 familiariter
752 723 825 769 curo
847 706 897 768 eis
918 703 1103 767 conversati
1124 701 1250 790 sumus,
1266 705 1360 791 quod

175 815 288 876 tamen
304 806 595 875 'l'rutsolrelmauno
623 817 657 870 et
684 806 800 874 calino
836 808 933 874 valde
953 810 1020 892 (b)
1046 807 1222 890 displicuit.
1269 811 1360 875 Sunt

175 917 261 982 enim
283 915 455 981 Saraceni
475 912 690 977 Mamaluccis
710 915 830 978 inimici
857 914 991 998 occulti,
1015 932 1073 996 pro
1095 931 1153 996 eo,
1173 913 1265 996 quod
1293 914 1358 980 do-

174 1024 336 1086 minantur
356 1023 405 1083 eis
426 1020 491 1103 ita,
512 1017 598 1103 quod
627 1019 685 1081 vix
706 1019 825 1083 audent
846 1020 959 1084 levare
979 1019 1086 1100 capita
1116 1017 1149 1080 in
1171 1031 1357 1102 conspectu

173 1144 294 1200 eorum,
323 1124 447 1190 idcirco
466 1126 522 1188 isti
542 1123 605 1188 duo
627 1122 811 1208 sarraceni,
826 1123 1068 1188 Sabatiitbanco
1090 1131 1123 1184 et
1143 1121 1354 1209 Elpbahallo,

176 1229 330 1296 ductores
352 1213 466 1314 nostri,
487 1229 739 1312 indignabantur
757 1229 861 1311 nobis,
877 1229 952 1312 quia
972 1227 1137 1308 timebant,
1151 1227 1237 1311 quod
1259 1228 1357 1312 ipsos

173 1336 260 1419 apud
282 1353 339 1398 eos
360 1336 466 1418 magis
495 1335 631 1398 odibiles
664 1333 861 1417 faceremus,
893 1349 1022 1396 eramus
1050 1333 1136 1394 enlm
1165 1340 1242 1396 tunc
1276 1351 1354 1397 cum

173 1442 222 1504 eis
252 1439 420 1504 discordes
447 1447 578 1521 propter
611 1439 822 1502 retentionem
853 1447 995 1502 nostram
1020 1440 1054 1500 in
1076 1437 1148 1500 loco
1169 1437 1236 1508 illo.
1282 1440 1353 1522 Ipsi

172 1552 281 1618 autem
317 1543 380 1607 duo
402 1541 592 1627 Sarraceni,
623 1546 670 1607 uti
703 1544 802 1608 astuti
836 1552 869 1606 et
895 1545 1019 1627 experti
1047 1543 1120 1623 viri,
1149 1544 1354 1606 conabantur

172 1667 231 1733 per
252 1648 478 1730 opprobriosos
498 1648 698 1730 objectiones
719 1629 814 1735 nos'a
835 1648 1053 1712 familiaritate
1072 1647 1352 1711 Mamaluocorum

168 1762 330 1818 avertero.
358 1751 590 1816 Sabatitbanco
612 1752 756 1816 dicebat:
779 1755 860 1818 estis
876 1772 947 1842 vos,
966 1753 1078 1836 inquit,
1098 1753 1165 1813 veri
1176 1749 1354 1816 Christia-

171 1859 220 1942 ni3
243 1876 308 1941 qua
330 1857 436 1921 fronte
455 1860 595 1940 potestis
618 1858 790 1921 comedero
818 1867 852 1921 ct
871 1859 983 1922 bibere
1004 1876 1076 1920 cum
1096 1856 1166 1937 illis,
1186 1857 1243 1938 qui
1265 1875 1353 1920 oum

170 1962 423 2026 exsecrabilibus
448 1961 642 2043 juramentis
674 1963 771 2026 iidem
794 1962 1050 2028 Christianorum
1073 1959 1350 2044 abnegaverunt?

172 2070 270 2133 Alius
291 2067 512 2148 Sarracenus,
534 2067 738 2151 Elphaballo,
761 2066 859 2131 dixit:
894 2085 956 2130 vos
984 2067 1065 2129 estis
1093 2065 1134 2129 de
1161 2065 1226 2130 illis
1248 2064 1351 2130 chri-

170 2175 296 2258 stianis,
318 2174 374 2257 qui
394 2170 612 2236 indubitanter
628 2171 796 2235 salvantur
810 2174 845 2236 in
865 2172 931 2236 lida
950 2165 1021 2254 sua,
1035 2180 1068 2234 et
1088 2170 1137 2234 illi
1151 2171 1351 2236 blamaluoci

170 2288 301 2362 propter
313 2285 463 2359 negatam
480 2275 576 2341 tidem
590 2284 733 2340 vestram
746 2277 969 2341 indubitanter
983 2276 1230 2341 damnabuntur.
1252 2273 1350 2354 Quae

171 2401 250 2465 ergo
267 2385 440 2445 conventio
461 2390 573 2445 vestra
593 2399 667 2444 cum
685 2377 761 2446 eis‘l
781 2383 861 2446 Erat
882 2383 966 2446 onim
981 2380 1184 2444 Sarraocnuo
1204 2381 1262 2444 ille
1276 2382 1350 2464 opi·

170 2488 278 2551 niouis
302 2487 409 2568 istius,
431 2486 517 2571 quod
538 2486 675 2570 quilibet
694 2487 878 2551 salvaretur
898 2489 932 2550 in
954 2505 994 2549 ea
1014 2469 1089 2569 lide,
1109 2488 1144 2550 in
1165 2503 1231 2570 qua
1250 2494 1349 2549 uatus

171 2590 242 2674 luit,
263 2599 296 2652 at
315 2592 348 2653 in
367 2591 456 2654 nulla
477 2592 555 2676 alia,
574 2600 609 2655 ut
626 2599 715 2674 patet
734 2610 836 2676 supra·
854 2592 891 2655 P.
918 2593 948 2656 l.
969 2590 1038 2654 Ful.
1065 2591 1138 2655 222.
1182 2590 1238 2653 Ad
1262 2591 1349 2654 baec

172 2695 398 2777 respondimus
420 2697 486 2780 eis,
520 2705 615 2779 prout
636 2697 805 2780 potuimus
843 2696 944 2759 Porro
973 2695 1058 2758 lbcto
1086 2691 1222 2778 prandio
1242 2713 1349 2758 vene-

170 2801 379 2866 mutilorum
396 2800 592 2864 Mamalucci
614 2802 836 2886 colloquentes
856 2802 961 2882 nobis,
983 2801 1100 2884 quibus
1121 2817 1195 2864 cum
1217 2799 1348 2863 dicere-

170 2923 253 2989 mus,
270 2904 355 2989 quod
376 2906 513 2969 libenter
530 2906 691 2970 vellemus
711 2905 824 2968 videre
846 2907 1024 2969 exereitum
1046 2924 1156 2969 eorum
1182 2914 1215 2967 et
1234 2923 1349 2989 equos,

170 3011 307 3075 tentoria
339 3019 373 3073 et
400 3019 588 3094 apparatum
619 3010 789 3094 bellicum,
809 3010 968 3075 duxeruut
999 3029 1059 3074 nos
1082 3011 1115 3073 in
1139 3011 1276 3074 civitate
1306 3008 1348 3073 ad

131 3168 133 3172 .
169 3115 306 3198 stabula,
328 3116 362 3178 in
385 3116 502 3199 quibus
539 3116 670 3180 stabant
691 3116 767 3200 equi
788 3113 1009 3200 pulcherrimi,
1032 3124 1066 3177 et
1086 3113 1267 3179 eduxerunt
1288 3133 1346 3179 nus

169 3229 262 3285 extra
285 3220 469 3304 civitatem,
493 3207 549 3284 ubi
571 3230 664 3284 erant
685 3221 752 3284 lixa
775 3223 923 3304 tentoria,
945 3230 978 3283 ct
997 3228 1116 3284 cuncta
1135 3239 1208 3284 oum
1231 3220 1346 3284 ammi·

168 3325 293 3388 ratione
314 3324 476 3408 vidimus,
498 3343 560 3402 nec
581 3332 670 3408 erat,
691 3327 747 3410 qui
773 3343 838 3394 uros
869 3335 965 3389 torve
985 3327 1176 3410 respiceret,
1198 3324 1278 3388 dum
1299 3325 1343 3388 illi

168 3445 229 3492 noa
251 3427 424 3514 ducerent,
445 3430 501 3513 qui
521 3428 715 3494 videbantur
741 3417 836 3494 nobis
862 3448 939 3494 esse
958 3423 1109 3514 potentes
1132 3430 1166 3495 iu
1187 3431 1340 3494 exercitu.

168 3533 212 3596 tlt
233 3535 317 3600 visis
338 3533 488 3598 omnibus
509 3535 634 3600 reversi
656 3551 769 3597 sumus
783 3534 816 3597 in
834 3534 942 3600 locum
961 3544 1105 3598 nostrum
1130 3544 1163 3597 et
1184 3536 1269 3598 male
1289 3553 1342 3598 rc·

167 3639 274 3720 specti
295 3658 315 3702 a
336 3641 458 3712 uostris
478 3638 676 3720 ductoribus,
698 3637 783 3722 quod
806 3648 914 3702 tanen
930 3658 1044 3724 parum
1065 3641 1260 3706 curavimus.

252 3740 375 3820 Quarta
403 3742 457 3807 die
491 3763 586 3809 mane
605 3732 817 3810 convenimus
847 3753 880 3807 et
911 3746 1003 3809 illurn
1023 3745 1107 3809 diem
1139 3743 1338 3810 decrevimus

167 3845 328 3910 deducere
348 3847 382 3910 in
403 3847 515 3914 labore
546 3849 771 3932 dispositionis
793 3848 835 3911 ad
867 3850 929 3914 iter
949 3849 1069 3914 deserti
1099 3839 1131 3914 et
1164 3867 1271 3914 emere
1291 3865 1342 3932 ea,

165 3969 250 4034 quae
271 3952 377 4038 adbuc
402 3963 514 4016 essent
534 3953 630 4018 uobis
651 3957 839 4019 necessaria
856 3973 931 4019 cum
951 3954 1028 4037 illis,
1050 3972 1135 4038 quae
1151 3954 1348 4038 procuravi-

163 4073 236 4118 mus
256 4056 289 4118 in
314 4056 507 4120 Jerusalem.
538 4057 619 4122 Sors
640 4067 754 4123 autem
773 4059 1002 4142 ‚procurantiae
1022 4068 1155 4123 nostrae
1175 4059 1350 4125 societatis

164 4172 335 4236 superma
356 4157 503 4226 cecidit.¹
527 4160 570 4222 Et
590 4168 727 4242 accepta
747 4165 886 4245 pecunia
917 4181 938 4226 a
965 4163 1066 4226 sociis
1092 4181 1164 4227 curn
1185 4181 1352 4247 procura-

163 4255 251 4315 tione
273 4257 407 4318 aliarnm
433 4257 565 4322 duarum
588 4265 780 4328 societatum
802 4267 890 4330 exivi
910 4266 954 4331 ad
974 4266 1079 4332 iorum
1109 4285 1169 4350 pro
1191 4266 1353 4334 iacienda

163 4355 356 4427 provisione.
393 4357 463 4422 Sed
483 4379 572 4444 ecce,
592 4365 672 4427 nibil
694 4377 765 4432 erat
784 4371 819 4432 in
840 4370 939 4454 foro,
956 4379 991 4434 et
1012 4389 1125 4436 omues
1145 4379 1294 4456 patogae
1317 4385 1354 4439 et
