2954 4914
740 257 802 322 ¹48

191 439 359 506 nobiscum
393 437 443 503 ad
470 455 559 500 mare
607 448 638 501 et
679 436 720 502 ad
770 435 1017 502 defendendum.
1074 439 1231 503 Dedimus
1279 457 1362 522 ergo

189 549 237 610 eis
259 553 366 608 certos
388 541 551 626 madinos,
573 561 656 625 quos
676 541 877 623 accipientes
898 545 1029 606 stabant
1059 546 1217 628 contenti,
1242 552 1277 606 et
1298 564 1361 608 nos

189 664 318 714 eramus
340 633 441 731 quieti
469 656 501 710 et
522 648 637 710 securi.
679 646 859 710 Eduximus
892 647 1035 729 ergo-de
1063 651 1204 712 saeculis
1235 653 1360 719 nostris

189 773 245 839 ea,
267 770 351 839 quae
381 751 415 814 in
436 751 620 818 Jerusalem
648 752 927 834 praeparavimus,
956 761 988 815 et
1008 755 1141 817 viascos
1162 773 1234 817 cum
1268 757 1359 837 vino,

188 859 442 924 cleomedirnus
468 865 501 918 et
523 856 678 938 bibimus,
694 856 845 936 ,Maiori
867 858 964 919 etiam
993 867 1104 920 nostro
1136 869 1167 922 ot
1192 859 1360 923 Arabibus

187 966 381 1052 paximatius
403 961 561 1044 dedimus,
580 960 729 1022 monachi
750 980 828 1024 vero
851 970 1102 1043 apportaverunt
1123 965 1216 1026 nobis
1236 982 1357 1046 aquarn
1465 1037 1466 1054 χ

168 1071 336 1154 'frigidam
359 1089 416 1152 pro
446 1066 562 1149 pedum
597 1065 717 1126 lotione
738 1073 770 1126 et
799 1068 938 1146 potione.
981 1068 1062 1132 Post
1092 1069 1298 1130 reiectionem
1325 1078 1359 1132 et

189 1175 454 1239 refocillationem
477 1171 616 1253 ingressi
648 1186 760 1232 sumus
781 1169 971 1254 ecclesiam,
1007 1179 1042 1233 et
1063 1171 1194 1237 adorato
1215 1173 1357 1234 Domino

187 1278 406 1360 indulgentias
420 1283 596 1355 septennes
608 1275 860 1355 accepimus(†)
879 1284 911 1337 et
929 1277 1070 1356 ingressi
1085 1276 1126 1338 ad
1146 1276 1357 1358 sepulchrum

188 1383 223 1445 S.
248 1382 377 1444 Sabbae
410 1380 584 1446 oravimus.
627 1377 700 1440 Hoc
732 1378 940 1459 sepulchrum
972 1397 1111 1442 vacuum
1141 1398 1219 1452 esse
1238 1381 1357 1461 oredo,

188 1487 264 1571 quia
285 1486 438 1548 venetiis
459 1500 583 1563 eorpus·
609 1481 697 1544 illius
719 1481 833 1544 Sancti
866 1485 1024 1566 quiescit,
1053 1492 1088 1544 ut
1109 1492 1195 1565 patet
1219 1484 1273 1545 iol.
1303 1485 1356 1546 40.

187 1592 279 1654 Visis
298 1607 375 1671 ergo
396 1589 449 1650 his
481 1588 784 1670 domini'peregrini
818 1590 850 1650 in
872 1589 985 1650 umbra
1007 1605 1106 1669 super
1126 1589 1254 1651 humum
1277 1607 1358 1669 prc-

187 1695 282 1758 strati
304 1692 515 1773 dormierunt,
539 1709 601 1774 ego
630 1710 708 1754 nero
729 1692 922 1756 nullatemus
945 1691 1083 1754 dormire
1104 1711 1165 1756 nec
1186 1693 1359 1775 quiescere

186 1806 342 1880 poteram,
358 1796 417 1859 sed
438 1797 528 1859 solus
551 1805 710 1878 evagatus
730 1815 802 1859 sum
823 1816 882 1879 per
901 1801 1057 1859 universa
1076 1797 1262 1859 monasterii
1283 1795 1358 1858 loca

186 1905 220 1966 in
239 1903 328 1965 valle
350 1910 382 1964 et
404 1919 520 1983 supra,
543 1908 577 1962 et
593 1919 750 1964 cavernas
772 1909 804 1962 et
825 1903 956 1984 tuguria
984 1905 1185 1984 antiquorum
1218 1907 1357 1964 sancto-

186 2025 257 2070 rum
278 2007 503 2071 monachorum
526 2006 723 2087 perlustravi
744 2024 816 2067 oum
841 2008 940 2096 multa
966 2008 1204 2088 ammiratione,
1226 2015 1354 2068 etcum

185 2113 327 2197 periculo
349 2127 447 2176 casus
465 2113 499 2174 in
521 2129 662 2175 ascensu
680 2119 712 2184 et
734 2094 992 2193 descensn,⁶per
1013 2111 1166 2192 scopulos
1188 2117 1222 2173 et
1244 2127 1354 2191 rupee,

186 2229 220 2282 et
241 2223 351 2282 ruinas
373 2221 576 2300 antiquorum
599 2199 836 2278 aedificiorum}
851 2214 918 2278 Sed
940 2222 974 2276 et
996 2216 1058 2278 hcc
1079 2216 1256 2297 periculum
1275 2214 1353 2277 mihi

186 2323 302 2386 accidit
323 2325 357 2384 in
378 2321 434 2384 illa
455 2321 605 2384 solitaria'
620 2321 831 2400 evagatione:
858 2321 934 2382 veni
957 2305 1176 2403 adquendam
1205 2321 1352 2386 strictum
1465 2305 1466 2324 l

185 2427 371 2507 transitum,
405 2425 460 2508 qui
482 2433 533 2488 est
556 2425 652 2507 juxta
683 2424 797 2488 cellam
820 2423 855 2488 S.
884 2424 1029 2508 Sahbae,
1060 2427 1115 2490 ubi
1144 2426 1216 2506 rupi
1243 2424 1353 2506 paries

186 2532 306 2606 eminet
327 2530 368 2590 ab
390 2547 455 2592 una
473 2539 576 2613 parte,
598 2534 638 2594 ab
660 2527 725 2590 alia
746 2538 854 2591 autem
875 2539 968 2611 parte
990 2531 1070 2592 nihil
1089 2536 1142 2592 est
1163 2530 1226 2599 nisi
1246 2529 1353 2591 horri-

183 2634 249 2708 bile
270 2642 387 2715 patens
408 2631 647 2714 praecipitium,
669 2633 951 2715 vclsupercilium
973 2607 1164 2718 petraeset
1184 2653 1242 2715 per
1262 2632 1349 2694 illum

186 2735 362 2821 (2371)
392 2737 562 2800 transitum
582 2755 645 2800 non
677 2746 786 2819 potest
814 2741 879 2802 nisi
900 2759 985 2803 unus
1011 2741 1107 2804 homo
1140 2739 1294 2819 transire,
1318 2744 1351 2798 et

184 2864 248 2907 non
271 2843 343 2908 dico
365 2842 461 2907 simul
494 2819 661 2927 et‘simul,
691 2841 750 2904 sed
773 2861 857 2906 unus
881 2863 953 2907 cum
986 2845 1128 2928 cautela,
1163 2843 1351 2905 celabatur

185 2948 348 3018 deorsum.
390 2951 428 3011 Ιιι
457 2949 519 3012 hoc
551 2950 690 3010 transitu
720 2948 850 3010 obvium
886 2946 983 3012 lrabui
1015 2969 1111 3012 urnam
1134 2947 1349 3011 Christianum

182 3055 386 3138 orientalem,
409 3055 464 3138 qui
485 3054 568 3142 forto
588 3062 657 3116 erat
688 3047 835 3114 famulus
861 3055 1056 3116 monasterii.
1100 3055 1164 3116 Hic
1202 3071 1273 3115 cum
1296 3054 1351 3114 vi-

183 3159 285 3224 disset
306 3180 376 3242 me,
399 3160 560 3241 processit
584 3165 696 3220 contra
716 3177 787 3240 me,
812 3175 885 3219 oum
907 3167 1014 3220 tamen
1036 3160 1118 3221 bene
1139 3158 1351 3221 retrocessis-

182 3282 270 3347 sem,
292 3273 325 3328 et
346 3273 382 3327 ut
403 3262 485 3325 vidit
517 3280 569 3332 me
599 3269 787 3344 paventem,
820 3263 924 3344 coepit
957 3281 1081 3326 mecum
1108 3263 1228 3346 jocari,
1261 3277 1301 3322 ac
1319 3262 1350 3323 si

181 3366 282 3429 vellet
302 3385 353 3428 me
375 3367 409 3426 in
438 3365 628 3446 voraginem
650 3367 879 3448 praecipitare,
909 3385 1047 3449 eumque
1077 3369 1200 3450 signia,
1232 3366 1352 3450 quibus

181 3478 342 3552 poteram,
366 3482 436 3530 eum
460 3466 619 3550 peterem,
646 3474 682 3529 ut
711 3488 763 3530 me
784 3488 961 3554 cumpace
983 3471 1121 3535 transire
1141 3474 1349 3554 permitteret,

180 3590 244 3634 non
274 3573 454 3656 acquievit,
482 3570 541 3634 sed
574 3572 771 3654 significavit
802 3577 897 3660 mihi,
931 3577 1017 3658 quod
1052 3597 1104 3639 me
1135 3577 1349 3662 praecipitare

179 3677 294 3761 vellet,
316 3679 382 3740 uisi
401 3678 464 3740 sihi
485 3678 654 3758 pecuniam
677 3677 796 3742 darem.
844 3683 917 3745 Hoc
939 3683 1049 3747 audito
1070 3685 1200 3750 bursam
1227 3683 1348 3765 aperui,

180 3791 213 3844 et
231 3783 293 3845 sibi
314 3791 411 3844 unum
434 3779 596 3844 modinum
624 3782 713 3865 dedi,
736 3803 830 3867 quom
853 3788 1019 3870 accipiens
1045 3787 1164 3852 dimisit
1190 3807 1252 3850 me.
1293 3788 1348 3848 Ab

178 3885 234 3949 iila
253 3886 332 3948 hora
354 3893 388 3948 et
422 3884 574 3969 deinceps
596 3888 704 3952 horrui
725 3890 850 3954 illorum
873 3890 1130 3956 Christianorum
1146 3892 1347 3970 ¹consortium

177 3989 316 4073 amplius
337 4009 434 4073 quom
445 3991 697 4056 Sarracenorum
715 4003 772 4058 aut
786 3996 942 4081 Arabum,
960 4005 994 4059 et
1017 3999 1123 4061 minus
1142 3998 1190 4060 eis
1205 3996 1347 4059 conlisus

178 4095 236 4158 fui.
275 4095 317 4158 Et
339 4099 488 4179 quamvis
519 4098 574 4160 ille
604 4099 687 4160 forte
719 4119 783 4176 non
816 4103 1100 4184 praecipitavisset
1131 4121 1199 4184 me,
1222 4099 1348 4164 etiamsi

175 4200 255 4265 nihil
277 4199 440 4266 dedissem
461 4204 540 4285 sibi,
560 4219 701 4286 nequam
722 4211 830 4266 tamen
853 4206 911 4269 fuit
933 4209 966 4269 in
989 4227 1045 4289 eo,
1066 4207 1152 4292 quod
1174 4207 1254 4270 lusit
1274 4208 1359 4273 οιιιιιΙ

175 4305 323 4389 homine,
345 4325 440 4392 quem
461 4311 552 4392 prius
577 4323 750 4390 numquam
772 4308 916 4394 viderat,
950 4313 983 4374 in
1006 4312 1078 4375 loeo
1099 4313 1180 4394 tanti
1201 4311 1347 4395 periculi,
