2896 4872
188 395 1418 486 m2211dla=pratanait‚qaadmpennaseatr

191 507 320 569 lauria
346 513 471 572 amn.
510 503 570 566 Sic
597 501 1366 585 mgoiahocspeeaddametssvapneter

187 607 485 674 CaiaetAlrelct
507 605 1366 689 Sumqumiptmeammemoratflliosffl

187 731 333 798 μω
361 711 460 780 filias.
500 710 691 774 letbadias
715 729 797 772 vero
822 719 947 791 martyr
975 713 1366 792 cntumooegeauisse

187 815 787 896 comminuisti-entra,
808 813 1009 895 qaodqmsi
1028 833 1088 894 pro
1107 811 1367 894 aidopullilica·
1419 805 1420 820 ¹

188 921 287 986 aona
313 921 501 1002 elegerant,
536 918 703 1000 indignum
733 926 767 979 et
800 919 1010 980 intronestu
1040 919 1278 999 ustimmtes,
1317 920 1365 981 hia

189 1043 314 1088 vacare
332 1025 369 1086 ia
397 1023 481 1086 locis
501 1021 640 1103 publicis
663 1028 699 1082 et
720 1023 900 1082 murmanis
917 1022 1142 1102 laalQationis3
1175 1021 1221 1082 Et
1246 1041 1364 1104 magua

188 1129 298 1194 stadio
330 1126 549 1192 abacmbam
576 1125 683 1188 locam
703 1124 810 1206 uta,
837 1144 880 1186 ae
900 1134 1019 1208 patena
1041 1125 1135 1188 tieret
1167 1134 1201 1186 et
1223 1147 1271 1190 ue
1292 1129 1364 1210 quis

189 1249 363 1298 maan
384 1249 494 1292 earam
515 1231 634 1311 quovis
653 1229 750 1292 modo
769 1231 938 1312 perm'pere
955 1239 1076 1312 posset.
1419 1241 1420 1260 ¹

278 1359 458 1439 Perspecto
483 1357 583 1438 igitar
608 1365 701 1418 antro
721 1357 868 1438 praefato
895 1356 1022 1438 egres&
1046 1371 1161 1416 sumam
1189 1364 1223 1417 et
1257 1357 1299 1418 alr
1327 1375 1362 1418 eo
1419 1363 1420 1372 ’

188 1459 224 1522 ia
253 1459 339 1522 clivo
369 1463 561 1542 gyravimus
589 1469 702 1524 cantra
722 1459 904 1542 aquilonem
929 1469 963 1522 et
993 1479 1066 1522 cum
1097 1461 1161 1522 hoc
1182 1460 1285 1522 altius
1310 1479 1361 1522 as-

189 1562 358 1626 cendimus
389 1575 529 1627 montem
561 1576 594 1628 et
620 1568 654 1627 iu
684 1565 780 1626 aliam
810 1565 998 1647 speluncam
1024 1583 1090 1627 nau
1110 1563 1276 1626 modicam
1307 1563 1360 1627 sed

186 1668 269 1730 satis
289 1666 430 1750 amplam
455 1671 616 1732 venimus.
659 1671 697 1732 ln
717 1671 781 1733 hac
811 1686 953 1731 caverna
974 1668 1081 1731 Adam
1106 1679 1139 1732 et
1169 1672 1247 1731 Eva
1268 1670 1359 1732 luxa-

189 1779 266 1834 rtmt
297 1781 427 1834 acutam
457 1775 552 1836 annis
573 1773 674 1836 lilium
693 1793 787 1835 mum
807 1773 892 1835 Abel
916 1773 1124 1834 interiectum
1151 1792 1174 1835 a
1194 1773 1299 1854 Cain,
1330 1781 1360 1834 et

186 1873 286 1939 nodie
306 1887 482 1939 cernuntur
500 1878 573 1940 loca
593 1879 753 1941 sessionis
774 1877 991 1958 singulorum,
1022 1886 1056 1938 ot
1082 1877 1156 1940 fons
1184 1880 1219 1940 iu
1250 1878 1358 1940 eadtnn

187 1995 289 2064 specu
310 1981 456 2064 scaturit,
478 1981 520 2043 de
541 2000 605 2065 quo
625 1983 784 2045 biberunt.
827 1984 891 2044 llic
911 1997 1031 2063 specus
1050 1980 1126 2042 ideo
1140 1981 1265 2044 dicitur
1285 2001 1356 2065 spe·

189 2101 251 2148 cus
271 2086 413 2148 fletuum.
466 2088 542 2150 Hoc
561 2105 663 2170 specu
683 2087 757 2150 viso
787 2085 829 2148 de
849 2095 958 2148 monte
979 2084 1209 2148 descendimus
1229 2089 1267 2147 iu
1287 2086 1353 2148 val-

187 2189 251 2251 lem
283 2199 474 2274 angustam,
507 2211 602 2276 quam
635 2194 800 2254 nominant
832 2191 951 2252 vallem
982 2191 1197 2253 lacrimarum.
1242 2191 1354 2254 Dicunt

187 2295 292 2374 enim,
321 2294 408 2377 qnod
429 2296 534 2359 Adam
560 2307 594 2359 et
614 2297 688 2356 Ilva
709 2295 923 2358 communiter
942 2295 976 2356 in
997 2297 1058 2357 hac
1078 2295 1166 2357 valle
1189 2283 1355 2358 moraban-

186 2403 241 2456 tur
258 2404 291 2456 et
312 2397 486 2478 nongintos
508 2407 541 2460 et
564 2399 661 2460 XXX
685 2417 788 2460 annos
809 2399 841 2460 in
864 2417 904 2459 ea
924 2400 1075 2462 visorum
1096 2406 1129 2462 et
1144 2401 1242 2461 ambo
1258 2417 1355 2462 cunc-

186 2499 230 2560 tis
258 2497 372 2562 diebus
400 2511 532 2583 propter
557 2503 795 2565 inobedientiae
815 2512 936 2564 reatum
959 2513 991 2564 et
1012 2503 1151 2586 paradisi
1173 2505 1356 2566 ammissio-

187 2621 260 2664 nem
293 2612 326 2665 et
352 2603 497 2686 jusiitias
529 2607 695 2690 originalis
725 2607 934 2688 perditionem
973 2618 1006 2670 et
1041 2609 1245 2690 posteritatis
1282 2625 1356 2670 suae

186 2707 423 2771 damnationem
452 2713 623 2773 maximam
655 2721 687 2773 et
717 2712 918 2774 durissimam
953 2721 1088 2794 egerunt
1118 2713 1152 2773 in
1185 2712 1278 2774 ualle
1298 2713 1356 2774 hac

186 2815 428 2895 poeniteutiam.
482 2812 586 2890 Quam
616 2817 656 2878 ob
688 2835 754 2878 rem
786 2836 851 2878 non
878 2815 981 2878 solnm
1010 2817 1072 2878 Dei
1102 2815 1355 2879 misericordiam

187 2921 356 2982 consecuti
382 2926 475 3000 sunt,
507 2918 566 2980 sed
589 2919 686 2980 etiam
708 2921 895 3001 prophetiae
917 2920 1033 2982 donum
1056 2923 1208 3002 accipere
1228 2940 1357 3010 merue-

186 3033 277 3105 runt,
299 3025 385 3088 unde
406 3034 438 3088 et
461 3023 502 3086 de
524 3022 646 3096 Christi
668 3024 892 3108 ecclesiaeque
912 3024 1214 3106 cortjunctione,¹de
1236 3025 1356 3088 diluvio

186 3128 293 3190 futuro
315 3138 348 3191 et
370 3127 411 3191 de
436 3127 586 3190 incendio
606 3129 788 3210 perignem
809 3129 923 3210 judicii
944 3131 1044 3192 multa
1064 3129 1299 3212 praedixerunt
1318 3130 1356 3192 li-

186 3231 273 3292 beris
305 3234 375 3294 suia
405 3234 514 3315 ibique
535 3233 649 3294 mortui
669 3242 745 3296 sunt
783 3243 815 3295 et
846 3236 878 3296 in
901 3235 1088 3317 speluncam
1111 3233 1278 3315 duplicem
1300 3235 1357 3297 de-

184 3334 318 3415 portati,
343 3345 379 3398 ut
407 3338 537 3420 patebit.
582 3339 619 3398 ln
649 3337 712 3398 hac
739 3337 826 3400 vallo
855 3347 906 3400 est
928 3339 1133 3423 sepulchrum
1156 3339 1269 3417 Loth,
1301 3339 1356 3402 lilii

186 3438 298 3501 fratris
322 3439 486 3510 Abrahae.

271 3711 331 3786 De
360 3711 535 3814 spelunca
568 3712 724 3814 duplici,
763 3741 866 3814 quam
903 3673 1200 3789 emitnbraham
1232 3711 1274 3786 in

500 3835 742 3934 sepulturam
767 3836 835 3910 sibi
860 3849 898 3911 et
921 3832 1007 3907 suis.

266 4041 317 4106 De
339 4042 427 4106 valla
448 4043 511 4106 hac
532 4044 734 4108 lacrimarum
754 4042 960 4106 ascendimus
981 4055 1015 4107 ot
1039 4046 1207 4124 civitatem
1220 4042 1360 4106 Hebron

183 4144 356 4229 reingreasi
386 4163 499 4212 sumus
529 4155 562 4212 et
590 4157 665 4212 ante
685 4147 813 4210 domum
845 4148 1002 4229 praelecti
1023 4149 1170 4215 civitatis
1191 4150 1359 4230 stetimus,

179 4245 274 4322 iuxta
302 4266 396 4330 quam
425 4251 519 4310 etiam
550 4251 640 4312 multi
670 4250 842 4314 sarraceni
870 4254 1164 4340 serres-consiliarii
1185 4252 1359 4318 sedebant.
