2926 5050
189 631 310 714 impetu
342 624 536 690 decurrebat
565 641 658 708 sque
701 627 749 692 ibt
771 644 849 712 ergo
875 627 919 692 de
947 627 1047 692 rsiuis
1075 626 1305 692 decertabimus
1338 637 1368 690 ct

121 771 126 778 ·
188 735 251 798 sub
273 729 445 796 frondibus
477 729 519 792 ad
540 728 712 794 meursum
735 734 796 796 riui
827 733 1076 798 museeudimus
1102 733 1212 797 divisi
1234 751 1302 817 per
1319 749 1370 796 ιι-

189 841 342 919 cierates,
376 845 409 898 et
427 851 485 915 ee,
521 849 606 916 queo
635 835 742 899 adbuc
777 848 967 921 supererunt
987 841 1021 901 iu
1054 837 1206 902 saeculis
1241 840 1369 919 uostris,

189 941 398 1027 produximus
420 948 455 1001 et
477 939 744 1006 manducavimus
766 951 799 1004 et
820 941 861 1006 de
879 961 965 1026 equa
985 945 1133 1027 bibimus,
1162 961 1266 1027 quse
1292 947 1371 1005 iuter
1425 935 1426 974 ³

189 1065 271 1114 saxa
292 1045 449 1112 dccideus
471 1053 542 1108 erat
563 1044 669 1129 clara,
699 1047 794 1129 vira,
814 1065 930 1112 receus
958 1057 992 1111 et
1021 1067 1111 1110 saus.
1153 1052 1240 1132 Ego
1265 1056 1370 1112 eutem

188 1171 261 1218 uum
285 1151 494 1237 producerem
518 1150 671 1234 reliquias
696 1151 818 1214 sacculi
839 1153 919 1235 mei,
950 1154 1062 1217 iuveni
1082 1155 1193 1216 umuia
1231 1153 1370 1216 coutrita

187 1259 222 1326 m
244 1259 384 1322 misertus
404 1263 515 1340 partes
536 1263 568 1318 et
588 1257 777 1339 commixta,
799 1275 932 1339 panem,
955 1275 1021 1320 ova
1050 1257 1131 1320 dure
1150 1268 1186 1320 et
1220 1275 1368 1337 eoseum,

189 1364 274 1448 quod
306 1363 384 1425 mibi
420 1359 555 1443 accidit,
590 1375 663 1422 cum
693 1359 857 1426 volutaret
877 1363 910 1424 iu
931 1362 1050 1446 psiudc
1077 1379 1151 1425 cum
1174 1365 1301 1444 esino,
1328 1361 1368 1422 ibi

189 1469 274 1531 euim
294 1468 328 1530 iu
359 1467 567 1547 agitationem
602 1467 695 1526 veuit
719 1481 837 1528 saccus
858 1465 919 1528 sub
951 1485 1020 1544 me,
1052 1466 1139 1550 quod
1160 1483 1365 1550 supereum

189 1571 273 1658 sedi,
295 1578 327 1632 et
344 1569 394 1644 ,itu
415 1571 522 1631 omuie
541 1569 575 1630 iu
596 1569 829 1638 minutissimas
850 1570 953 1632 micas
972 1573 1119 1634 contrivi.
1143 1569 1236 1648 Quia
1255 1579 1366 1638 taureu

190 1674 359 1740 famelicus
388 1691 490 1756 eram,
521 1673 593 1736 sedi
631 1683 663 1735 et
689 1673 780 1755 ipsus
814 1675 915 1736 mices
936 1676 1128 1737 commixtas
1159 1674 1363 1738 manducavi

188 1797 262 1843 cum
295 1777 528 1861 delecteticue3
551 1795 634 1840 ,uem
665 1779 793 1844 errimus
812 1779 967 1842 esurienti
989 1780 1086 1842 etiam
1112 1786 1237 1850 amam,
1254 1779 1364 1847 duic'ie

85 1905 89 1912 ·
188 1903 265 1947 esse
285 1881 452 1964 videntur,
480 1881 545 1945 Jcb
574 1897 603 1958 c,
627 1881 678 1956 ⁶·2.
723 1865 756 1944 et
782 1881 855 1945 ideo
889 1878 973 1965 quoe
1000 1885 1090 1964 prius
1118 1882 1361 1966 dedignabatur

188 1999 323 2072 tangere
342 1990 450 2052 auima
480 2003 571 2069 mea,
603 2003 691 2048 uuuc
711 2001 790 2067 pree
823 1989 972 2070 augustis
988 1988 1057 2074 cibi
1083 1990 1147 2050 mei
1168 1971 1253 2050 iacti
1275 1995 1360 2050 suut.

186 2095 322 2175 Fateor,
343 2110 428 2176 quae
448 2093 482 2154 iu
504 2089 598 2154 domo
619 2107 684 2154 nou
705 2091 924 2175 aspexissem,
941 2093 1005 2156 imo
1026 2093 1250 2173 horruissem,
1275 2107 1360 2153 uuuc

128 2179 130 2184 ¹
189 2200 388 2261 contrectavi
410 2203 445 2258 et
465 2195 658 2260 mauducevi
679 2196 751 2258 siue
771 2205 905 2278 neuma,
917 2179 953 2259 ¹et
973 2203 1043 2260 uou'
1059 2197 1123 2258 uisi
1143 2196 1359 2278 exiguitatem

188 2301 313 2366 dierum
351 2303 503 2366 miccium
538 2300 647 2377 dolui,
679 2309 711 2363 et
747 2299 788 2406 de
819 2299 1005 2364 modicitate
1044 2300 1208 2384 quereiam
1247 2298 1357 2362 bebui.

188 2407 419 2472 Subveuemut
440 2415 547 2470 temcu
570 2407 653 2469 mibi,
670 2405 787 2468 iratres
809 2407 967 2490 minores,
989 2409 1045 2489 qui
1066 2407 1233 2470 uobiscum
1256 2420 1358 2486 pere-
1425 2463 1426 2488 ,

136 2576 139 2586 ,
187 2511 411 2590 grimbertum
446 2513 501 2592 qui
522 2512 682 2592 practicas
712 2511 822 2574 sciunt
853 2519 887 2572 et
908 2510 950 2573 de
972 2509 1147 2573 sufficienti
1178 2509 1240 2570 sibi
1270 2524 1356 2591 paue
1425 2493 1426 2514 ¹

188 2619 224 2675 et
245 2614 343 2674 etiam
375 2612 453 2674 vino
490 2616 707 2695 pmvisiouem
729 2614 859 2678 iaciunt.
898 2617 1026 2680 interce
1047 2615 1140 2678 uobis
1160 2617 1211 2675 sic
1231 2612 1356 2675 sedeu-
1425 2647 1426 2704 ,

187 2717 275 2780 tibus
305 2716 527 2777 veneruntad
549 2733 610 2779 uos
631 2717 672 2778 de
693 2717 828 2783 daricbu
848 2721 911 2783 viri
932 2729 966 2784 st
988 2719 1148 2800 mulieres,
1170 2725 1202 2779 et
1223 2726 1354 2799 sperius

186 2835 323 2904 magnas
344 2817 459 2900 plenus
479 2820 554 2881 uvis
581 2828 828 2901 asporteveruut
862 2831 896 2886 et
915 2841 1035 2907 penes,
1069 2825 1110 2888 de
1131 2823 1249 2906 quibus
1270 2820 1354 2884 emi-

187 2943 277 3008 mus,
300 2934 332 2987 et
348 2925 475 2986 'bouum
496 2923 664 3005 prandium
686 2923 823 2990 fecimus
851 2930 924 2990 siue
943 2930 1046 2993 coctis
1066 2929 1157 2992 cibis.

270 3031 419 3094 Reiectis
440 3030 533 3094 uubis
553 3049 612 3114 pro
639 3029 766 3094 modulo
796 3033 985 3098 eiboriorum
1021 3042 1055 3096 et
1086 3049 1151 3096 uou
1173 3029 1353 3094 desiderio-

186 3155 273 3220 rum,
298 3137 478 3202 locavimus
509 3154 572 3200 uos
606 3132 648 3197 ed
680 3137 931 3221 quiescendum,
964 3139 1188 3220 uuusquisque
1218 3135 1252 3198 iu
1279 3134 1353 3197 icoo

186 3259 264 3307 suse
283 3244 460 3327 sessicuis,
486 3252 519 3306 et
542 3259 624 3308 sexo
644 3240 842 3304 removimus
862 3241 934 3325 iiia,
959 3243 993 3304 iu
1014 3243 1131 3326 quibus
1155 3240 1266 3322 jecere
1286 3255 1352 3302 uou

184 3358 380 3429 poteramus.
416 3349 499 3412 'dcta
529 3350 614 3410 euim
645 3347 762 3408 humus
793 3345 890 3428 picus
921 3349 1010 3410 sexis
1042 3355 1112 3410 eret
1142 3343 1351 3424 scutissimis,

184 3451 268 3512 iuter
301 3465 385 3533 quse
411 3449 589 3530 jacuimus,
619 3457 651 3510 et
679 3449 830 3532 quemvis
861 3451 966 3514 lectus
987 3450 1087 3513 dunis
1114 3451 1227 3533 fuerit,
1259 3449 1352 3511 locus

183 3560 291 3615 temeu
312 3561 408 3634 uptus
434 3552 534 3634 quieti
562 3557 650 3632 eret,
672 3560 737 3616 tem
759 3564 911 3638 exparte
931 3557 1050 3638 uestri,
1080 3571 1175 3638 quam
1196 3570 1239 3616 ex
1258 3561 1351 3636 porte

184 3655 259 3724 ioci,
290 3655 363 3719 Nus
386 3655 470 3718 euim
492 3673 620 3718 eramus
638 3656 717 3720 lessi
737 3667 770 3721 et
790 3661 905 3743 sobrii,
941 3670 973 3723 ct
994 3662 1199 3743 promeritam
1220 3665 1349 3721 ubetem
1425 3685 1426 3754 ἐ

186 3761 279 3841 qussi
305 3763 484 3824 iuscmuem
505 3758 699 3824 duxeramus
725 3762 910 3827 leboreutes
931 3775 964 3827 et
984 3765 1127 3828 beiuceii
1149 3759 1351 3844 iuJordaue,

184 3872 216 3926 et
238 3881 310 3927 cum
332 3865 395 3928 buc
410 3874 543 3950 'tempus
575 3864 718 3928 meridiei
749 3867 857 3951 affuit,
891 3887 955 3951 quo
983 3868 1128 3932 homiues
1152 3883 1266 3930 somno
1288 3865 1350 3928 de-

182 3967 277 4050 primi
298 3968 417 4034 solent.
458 3968 567 4030 Locus
587 3985 666 4032 vero
688 3971 751 4033 iuit
770 3976 940 4036 umbrosus
980 3980 1012 4034 et
1032 3973 1074 4035 sb
1094 3979 1187 4034 aestu
1218 3977 1348 4052 protem

181 4079 251 4152 tus,
284 4081 412 4135 etcum
442 4072 505 4136 boc
547 4091 631 4157 eque
653 4074 835 4156 impetuose
867 4077 981 4139 lebeus
1008 4093 1067 4160 per
1094 4091 1176 4137 sexu
1207 4073 1346 4136 sonitum

113 4223 121 4240 ,
183 4174 335 4260 iaciebat,
354 4193 418 4258 quc
440 4176 585 4241 dormitio
603 4179 637 4240 iu
656 4179 746 4243 losse
767 4189 977 4264 provocatum
1000 4179 1235 4244 coiiidebautur
1252 4179 1346 4240 etism

184 4296 226 4342 ex
248 4280 326 4342 flatu
347 4281 438 4342 venri
459 4281 538 4344 iulio
557 4281 705 4346 arbomm
735 4292 767 4346 et
787 4285 1017 4368 virgultorum,
1048 4301 1113 4367 quo
1133 4299 1215 4346 souc
1234 4280 1345 4344 suevis

182 4382 325 4447 redditur
355 4401 498 4448 somnus.
540 4385 627 4446 Nem
650 4387 736 4449 iuter
758 4388 889 4452 erbasis
909 4386 1049 4452 virentia
1075 4394 1110 4449 et
1130 4386 1255 4450 olentes
1276 4384 1344 4446 iru-
1425 4443 1426 4454 ,

181 4487 263 4551 tices
285 4488 352 4556 levi
372 4507 532 4553 murmure
561 4491 663 4573 serpit
684 4489 884 4554 clarissimus
906 4493 1014 4574 rivus,
1046 4497 1083 4553 et
1109 4497 1229 4555 verrius
1258 4485 1342 4552 mciii
1425 4479 1426 4502 i
