2948 4876
750 223 815 288 ild

207 407 334 472 circiter
353 403 510 470 LXXVII
533 405 637 486 amris,
662 421 726 488 quo
746 403 912 488 imperium
934 405 1051 468 sumsit
1070 403 1187 469 liebus
1206 404 1408 472 Adrianus

207 531 292 574 anno
304 511 433 574 Domini
452 511 523 580 tte.
567 508 631 588 Qui
654 517 810 572 mortuam
820 510 1004 573 Jerusalem
1025 509 1217 593 repalpitare
1239 511 1406 575 audiens

208 616 388 680 accelerato
419 616 534 680 itinere
561 614 603 678 ad
636 613 741 678 locum
769 615 861 678 venit
882 617 962 678 mari
995 617 1193 679 transmisso.
1246 617 1404 680 Invenit

206 731 313 786 autem
331 723 375 784 ibi
396 718 513 783 multos
528 718 733 784 Christianos
750 723 870 802 pariter
891 691 1084 784 etJndaetls
1104 721 1166 782 sibi
1186 720 1276 802 ipsis
1301 739 1404 784 eon-

207 828 322 892 trarios
347 833 477 909 propter
499 822 663 888 diversum
686 825 806 888 cultum
818 869 828 906 ,
861 835 893 888 ct
914 827 1083 910 utriusque
1110 825 1232 907 cultus,
1265 835 1401 910 utpote

206 933 338 1018 gentilis
360 939 392 992 et
411 927 599 1010 idololatra,
632 929 736 994 oditur
765 929 833 993 fuit.
876 933 914 994 ln
946 931 1049 994 locum
1076 949 1154 1013 ergo
1176 933 1232 994 ubi
1255 933 1400 995 Judaei

207 1039 378 1103 oratorium
391 1041 585 1114 struxerant,
608 1035 835 1117 ubiqnondam
857 1054 934 1099 arca
947 1035 1076 1100 Domini
1097 1044 1243 1116 steterat,
1268 1039 1399 1119 posuit

205 1163 287 1210 suae
307 1141 457 1226 imaginis
479 1145 640 1223 statuam,
661 1150 695 1202 ut
717 1141 821 1205 locum
855 1143 936 1225 ipsis
957 1141 1095 1203 Judaeis
1125 1141 1395 1202 abominabilem
1451 1205 1452 1208 ,

207 1246 365 1315 redderet.
424 1247 462 1308 ln
492 1244 597 1308 locum
633 1254 739 1308 autem
777 1255 888 1328 petrae
910 1245 1096 1328 Calvariae,
1128 1245 1183 1307 nbi
1214 1246 1394 1308 crucifixa

207 1351 354 1434 fuerant,
390 1350 562 1412 collocavit
590 1358 730 1412 statuam
753 1347 894 1413 Veneris
923 1359 956 1412 et
990 1353 1024 1414 in
1056 1369 1188 1433 specum
1220 1350 1391 1414 dominici
1451 1355 1452 1370 ¹

206 1455 370 1542 sepulchri
391 1455 500 1538 posuit
519 1452 639 1517 idolum
659 1455 774 1536 Jovis,
806 1465 841 1518 ut
862 1455 1056 1519 Christianis
1084 1457 1156 1520 loca
1186 1455 1243 1519 illa
1271 1473 1389 1518 exosa
1451 1501 1452 1536 3

206 1566 340 1644 laceret,
362 1561 633 1623 siccariosautem
647 1568 680 1620 et
702 1560 1014 1642 latronesrepertos
1035 1560 1160 1646 intloco
1182 1559 1385 1643 trucidavit,

207 1668 365 1752 effugavit
385 1671 418 1727 et
438 1664 556 1732 multos
578 1663 734 1745 vendidit,
769 1673 801 1726 et
823 1665 974 1729 fortalitia
997 1676 1028 1730 et
1050 1684 1157 1729 muros
1183 1672 1383 1749 atempcre

206 1753 440 1838 devastationis
469 1768 643 1831 derelictos
672 1768 833 1832 destruxit
858 1779 889 1831 et
912 1775 1020 1837 omnia
1040 1771 1212 1854 dissipavit
1239 1780 1272 1832 et
1297 1773 1381 1834 abiit

206 1878 434 1958 derelinqueris
467 1875 511 1936 ibi
533 1874 720 1957 provinciae
741 1874 904 1937 custodes.
948 1872 1012 1952 Qui
1034 1875 1108 1937 dnm
1130 1894 1202 1939 cum
1225 1877 1379 1938 exercitu

206 1983 335 2046 dorsum
360 1979 547 2063 provinciae
568 1988 742 2059 verterent,
765 1986 798 2040 ut
811 1979 947 2042 Romam
969 1991 1157 2063 remearent,
1179 1984 1379 2066 congregati

205 2088 324 2153 Judaei
351 2094 427 2150 sunt
469 2087 503 2146 in
534 2083 639 2146 locum
659 2083 842 2147 Jerusalem
879 2093 910 2146 et
932 2085 1166 2148 consilio'inito
1188 2086 1375 2150 columnam

206 2193 369 2276 Caesaris,
392 2207 477 2274 quac
497 2207 589 2252 suam
615 2179 791 2272 imaginem
809 2192 970 2272 gestabat,
998 2189 1131 2254 deloco
1160 2191 1287 2274 templi,
1318 2193 1375 2255 ubi
1451 2201 1452 2254 l

205 2319 277 2362 eam
299 2300 477 2378 Imperator
506 2303 658 2376 posuerat
670 2340 681 2377 ,
710 2303 861 2360 eruerunt
895 2303 927 2358 et
957 2314 1028 2356 eam
1057 2295 1229 2377 ejecerunt.
1274 2296 1371 2376 Quod
1451 2277 1452 2282 ἵ

205 2403 281 2466 dum
300 2404 476 2482 Imperator
499 2389 644 2481 percepit
666 2407 845 2462 commotus
862 2399 895 2460 in
916 2401 997 2461 iram
1020 2402 1374 2486 omnianegotiapost-
1451 2479 1452 2494 χ

204 2507 321 2592 posuit,
342 2513 374 2566 et
396 2503 536 2565 festinus
557 2503 599 2565 ad
614 2503 796 2565 Jerusalem
817 2502 919 2588 rediit,
939 2504 1085 2567 Judaeos
1106 2514 1252 2589 repertos
1274 2527 1373 2590 pere-

204 2614 262 2677 mit
282 2620 315 2672 et
336 2608 453 2672 multos
475 2604 631 2688 vendidit,
655 2627 776 2692 eosque
794 2627 905 2672 omues
927 2609 969 2672 de
990 2609 1109 2673 finibus
1120 2620 1225 2675 terrae
1235 2623 1371 2677 sanctae

205 2717 301 2800 ejecit
321 2713 450 2796 longius
472 2712 620 2794 mittens,
655 2721 688 2774 et
720 2714 890 2777 interdicto
911 2715 1038 2796 publico
1071 2718 1231 2798 probibuit
1263 2721 1370 2781 omni-

204 2827 264 2888 bus
281 2819 419 2885 Judaois
439 2819 623 2900 ingressum
653 2818 747 2882 illius·
771 2829 885 2882 terrae.
942 2819 1069 2883 Videns
1100 2831 1227 2906 autem,
1261 2823 1367 2888 locum

204 2937 315 3013 aptum
337 2945 412 2990 esse
433 2944 490 3008 pro
512 2925 655 3009 civitate,
677 2924 867 3007 propitiatus
888 2925 958 3008 fuit,
981 2935 1093 2990 eontra
1106 2926 1367 2993 Judaeosautem

204 3035 309 3118 magis
340 3033 552 3097 exacerbatus
593 3039 636 3093 et.
668 3030 709 3094 ad
732 3029 935 3094 Christianos
971 3033 1075 3095 mitior
1110 3032 1225 3115 factus,
1259 3051 1366 3098 aream

205 3139 371 3202 mundavit
410 3145 443 3198 et
479 3138 589 3199 urinas
617 3155 777 3199 murorum
804 3136 839 3198 in
871 3135 997 3200 fossata
1028 3137 1130 3219 partis
1158 3135 1366 3201 occidentalis

203 3243 318 3327 projici
338 3242 431 3322 lecit,
453 3249 486 3302 et
506 3241 734 3323 complanavit,
757 3249 789 3301 et
811 3259 902 3303 muro
924 3239 1145 3306 circumducto
1164 3241 1265 3305 locum
1285 3258 1364 3302 cru-

204 3346 364 3410 cifixionis
386 3351 420 3407 et
439 3352 563 3426 petram
588 3345 740 3408 dominici
762 3335 958 3416 mouumenti
989 3347 1113 3410 civitati
1134 3344 1298 3410 coiuclnsit
1329 3355 1364 3410 et

204 3449 357 3534 templum
378 3450 518 3512 Veneris
544 3459 576 3512 et
595 3445 692 3513 Jovis
713 3450 975 3532 superaedificari
996 3451 1084 3514 iecit.
1149 3451 1258 3534 Super
1285 3469 1360 3533 por-

205 3568 271 3622 tam
304 3563 411 3619 autem
441 3557 673 3638 negotiatorum
706 3556 779 3618 sive
806 3557 943 3639 piscium
968 3557 1080 3639 posuit
1101 3555 1298 3638 exsculptam
1327 3559 1359 3618 in

205 3681 363 3726 marmore
384 3679 476 3724 suem
503 3663 575 3724 sive
596 3679 727 3742 porcum
760 3661 794 3722 in
826 3661 1023 3727 Judaeomm
1057 3661 1293 3742 confusionem,
1320 3677 1359 3723 no

206 3769 280 3854 quis
300 3787 409 3830 eorum
440 3765 566 3850 ingredi
598 3775 827 3847 praesumeret.
881 3769 1006 3830 Mansit
1037 3776 1144 3830 autem
1173 3774 1278 3829 status
1307 3765 1359 3828 ille

205 3873 347 3940 civitatis
369 3873 496 3935 circiter
517 3873 611 3934 annis
625 3871 697 3935 tso.
741 3873 784 3934 Et
805 3873 889 3935 sicut
909 3879 1042 3956 propter
1062 3880 1202 3936 statuam
1213 3869 1357 3935 Caesada

205 3975 298 4040 locus
319 3975 429 4058 templi
440 3978 567 4040 Domini
578 3973 687 4054 (250
697 3975 751 4060 Α)
772 3977 858 4040 idola
878 3989 943 4040 non
964 3977 1145 4040 colentibus
1166 3995 1285 4040 exosus
1301 3977 1357 4040 luit
1451 4047 1452 4050 Ἴ

206 4081 356 4146 factuset
368 4081 502 4162 alienus,
522 4083 568 4142 ita
589 4081 680 4144 locus
700 4083 916 4147 crucifixionis
939 4090 971 4144 et
983 4082 1226 4146 resurrectionis
1236 4081 1354 4146 Domini
1451 4069 1452 4086 ³

205 4188 239 4250 in
261 4195 395 4264 tantum,
426 4191 461 4244 ut
482 4185 515 4245 in
537 4184 730 4250 oblivionem
750 4187 889 4252 locailla
907 4189 1064 4252 venirent.
1094 4187 1192 4250 Anno
1212 4205 1290 4251 vero
1298 4187 1355 4259 38..

207 4289 282 4354 dum
293 4287 527 4354 Constantinus
537 4291 855 4374 Maguusimparinm
866 4301 956 4356 essct
968 4291 1106 4375 adeptus
1117 4301 1150 4356 et
1161 4279 1354 4358 Cbrndancs
