2948 4876
115 511 120 520 '
139 506 343 589 triumphans
359 521 489 568 oruoem
509 479 634 586 retulit,
655 499 785 584 quidam
803 485 1011 571 alnstin'luu‘o
1029 500 1202 584 August05
1228 491 1324 582 q'ui?

130 609 217 674 dam
250 608 433 700 aquodam
463 608 552 691 rege'
569 607 713 689 Aegypti
746 606 945 680 innomine
971 591 1182 688 Halaohibis,
1220 605 1255 666 ἰ.-
1275 620 1303 664 e.

61 749 65 755 ·
140 713 267 794 Summi
294 713 365 775 Dei.
405 713 471 780 ’,Ει
483 714 545 776 hoo
566 731 678 774 verum
712 727 789 772 usse
802 710 940 776 neraei
935 715 1048 794 reperi
1067 712 1202 798 historia
1222 708 1328 772 fide-

141 818 216 881 liter
236 816 452 904 conscriptum
474 818 560 892 inter
582 805 761 900 [itinerar]
804 815 970 896 Antonini,
997 816 1034 877 P.
1056 817 1096 879 ll.
1124 789 1185 878 dit.
1213 813 1314 892 Xlllj

45 910 50 918 ’
106 929 109 937 ’
143 921 224 1005 Cap.
244 923 301 986 IV
324 919 423 1008 3.
366 927 412 987 4.
452 919 550 985 Anno
574 923 678 984 etiam
705 923 833 994 Domini
854 919 919 982 619
928 961 941 995 ‚
964 927 1037 1002 post
1057 910 1232 1006 Juliannm
1241 891 1354 984 24³¹

143 1028 248 1108 annis,
261 998 426 1113 regnante
440 1024 597 1089 Homolio
629 1029 822 1122 imperatore
855 1034 889 1088 et
909 1024 1138 1118 rempublioam
1171 1002 1307 1086 lelioiter

65 1158 70 1166 ·
130 1127 618 1223 ·gubernantepluribusarinis,
636 1114 984 1214 fiuemregimiuisnon
1000 1113 1284 1212 beneeonolnsits
1275 1141 1308 1189 ru
1366 1136 1370 1144 '
1412 1123 1416 1129 ’

120 1259 123 1267 ·
143 1238 294 1320 haeresin
314 1237 397 1298 enim
411 1236 660 1318 llloleohitarum
677 1236 1000 1318 [Monotheletarum]
1008 1236 1120 1318 lapsus
1133 1239 1184 1297 esi
1193 1238 1225 1294 et
1237 1237 1308 1293 tur·

135 1343 242 1424 >piter
258 1334 411 1402 delnn'ota
440 1359 547 1403 uxore
577 1359 639 1404 sua
659 1343 787 1403 incestu
808 1359 845 1404 se
866 1336 1049 1415 maculauit.
1095 1336 1309 1421 Quapropter

145 1445 279 1526 Humor,
291 1445 349 1506 rer'r
359 1444 514 1529 Aegypti,
526 1448 915 1529 Machometisuoeessor,
936 1464 1008 1509 oum
1025 1445 1157 1508 rufinrtrs
1166 1441 1309 1513 Arabum
1355 1505 1357 1510 ,

146 1549 248 1630 copiis
262 1548 421 1631 Syriam
411 1556 453 1612 et
461 1550 687 1614 Palaestram·
678 1551 845 1634 ingressus
857 1553 964 1615 omnia
981 1527 1206 1616 demonibus
1209 1531 1309 1609 c'trri-

145 1654 321 1715 stianorum
343 1653 482 1737 diripuit,
504 1664 536 1717 et
559 1656 604 1717 in
611 1656 674 1722 isto
695 1655 832 1726 tumultu
854 1656 969 1719 civitas
991 1665 1106 1718 saneta
1125 1651 1315 1717 Jerusalem.

147 1767 242 1838 eapta
262 1759 302 1820 ab
331 1757 512 1826 infidelibus
535 1758 614 1840 fuit,
645 1770 698 1822 et··
712 1760 864 1843 populum
896 1761 1106 1823 christianum
1133 1759 1167 1822 in
1188 1775 1228 1819 ea
1247 1753 1311 1818 sibi

118 1863 293 1945 vaubegit.¹
326 1862 421 1926 Cum·
442 1873 548 1926 autem
580 1883 700 1926 moram
731 1855 969 1928 in'Jerusulem
992 1865 1131 1947 fuceret,
1154 1853 1309 1944 Sempro·
1387 1859 1409 1910 -ἶ

145 1967 286 2056 nianus,
308 1971 480 2051 episeopus
505 1962 1113 2058 HierosolymitanusChristianorum,
1128 1963 1309 2031 sibilumi-

147 2069 236 2132 liaris
258 2069 394 2138 effeetus
416 2082 477 2153 est,
499 2074 554 2154 ita,
575 2079 612 2134 ut
628 2053 699 2143 oum
723 2093 762 2136 eo
777 2075 1008 2158 ingrederetur
1021 2075 1193 2147 ecelesiam
1207 2068 1329 2132 saneti.

140 2174 310 2254 sepnlolrri
341 2175 577 2262 adridendum
601 2176 671 2258 ejus
693 2157 869 2256 ornatum..
891 2178 1229 2253 lntergoollooutiones
1250 2189 1328 2250 tun·⁸
1352 2177 1361 2196 ⁸

147 2285 213 2338 tem
232 2275 393 2359 quaesivit
410 2281 534 2342 Humor
554 2282 593 2343 ab
617 2283 770 2365 episeopo
805 2283 846 2345 de
868 2284 955 2364 loeo,
989 2273 1111 2365 inquo
1144 2277 1318 2365 templumi

148 2381 233 2463 quod
255 2385 364 2446 a'llto
386 2385 531 2469 principe
552 2386 697 2450 Romano
728 2407 801 2450 oum
822 2390 902 2451 urbe
920 2389 1060 2476 dirutum
1088 2387 1203 2449 luerat.
1248 2379 1312 2462 Qui

67 2541 69 2544 .
149 2485 240 2550 duxit
261 2491 397 2552 eumad
420 2477 680 2578 areumdr'nun,
711 2487 879 2578 qnae'ja'm
907 2494 1030 2576 repleta
1051 2494 1124 2556 aliis
1155 2481 1311 2574 'aediliciis

44 2585 48 2592 ’
148 2594 338 2680 vulgaribus
360 2607 445 2678 erat,
466 2607 498 2660 et
517 2599 661 2680 ostendit
682 2601 712 2663 ei
732 2601 790 2682 p'er
811 2601 919 2683 aliqua
941 2601 1037 2682 signu
1057 2600 1182 2662 vetusti
1204 2582 1315 2680 operis

149 2698 253 2762 adhno
274 2704 436 2764 exstantia
457 2703 567 2786 templi
578 2703 708 2768 Domini
727 2705 841 2769 looum.
884 2703 1055 2769 Mandavit
1080 2722 1157 2786 ergo
1179 2704 1311 2784 Humor,

149 2791 295 2867 mundari
314 2805 418 2870 looum
441 2825 546 2888 areae,
569 2817 601 2869 et
621 2809 797 2892 sumtibus,
820 2811 876 2892 qui
894 2810 935 2872 ad
964 2811 1027 2872 hoo
1048 2808 1202 2871 sufficere
1233 2826 1313 2889 pos-

150 2917 233 2989 sent,
258 2907 445 2992 designatis
459 2910 509 2973 ad*
522 2914 699 2993 impensam
722 2913 898 2977 artificibus
925 2911 1077 2994 templum
1105 2911 1312 2974 reaedificare

151 3014 266 3094 eoepit.
309 3015 442 3076 Etcum
467 3012 674 3079 fundamenta
692 3017 780 3098 jueta
802 3019 958 3098 luissent,
980 3036 1056 3080 mox
1078 3012 1313 3094 demergeban-

98 3122 102 3130 “
153 3127 213 3200 tur,
247 3135 308 3179 neu
342 3103 551 3196 structuram*
569 3121 695 3202 erigere
725 3129 861 3201 poterut.
912 3120 964 3182 De
996 3138 1059 3202 quo
1090 3137 1164 3181 oum
1192 3117 1315 3178 Humor

152 3222 331 3307 miraretur,
360 3220 480 3285 dietum
504 3229 556 3284 est
579 3226 650 3286 eia
672 3222 1036 3307 quodam'dIvinatore,
1060 3221 1165 3307 quod,
1197 3237 1313 3303 quam·
1405 3235 1408 3255 ¹

154 3328 384 3410 diuoruxaltu,
407 3344 490 3408 quae
512 3327 545 3388 in
565 3338 674 3392 monte
687 3327 808 3393 Oliveti
830 3349 871 3392 ex
883 3329 1031 3411 opposito
1045 3338 1123 3410 erat,
1144 3328 1186 3390 lbi
1200 3333 1313 3409 staret,

152 3441 316 3496 structura
349 3451 413 3496 ιιοιι
446 3438 595 3513 teneret,
628 3452 668 3496 ea
690 3442 796 3496 autem
820 3443 941 3499 remota
969 3435 1120 3517 templum
1143 3439 1312 3516 perstaret.

153 3539 321 3621 Siquidem
342 3537 521 3602 Christiani
542 3539 576 3600 iu
598 3547 706 3601 monte
729 3538 847 3602 Oliveti
869 3539 964 3602 ultam
991 3558 1118 3602 orneem
1141 3557 1160 3599 e
1181 3538 1314 3620 regione

153 3646 296 3732 civitatis
318 3653 498 3726 erexerant,
518 3644 578 3707 sub
601 3663 665 3727 qua
679 3647 823 3706 erebrius
836 3646 978 3725 orabant,
998 3664 1130 3727 quornm
1152 3644 1313 3705 orationes

153 3749 234 3812 adeo
254 3749 407 3812 eldeaees
431 3758 523 3812 erant
543 3751 577 3810 in
597 3751 717 3812 virtute
739 3735 854 3832 erucis,
876 3758 912 3812 ιιι
933 3748 1080 3812 infideles
1112 3745 1313 3831 nequaquam

153 3863 285 3936 possent
306 3873 386 3918 suae
404 3855 558 3938 perfidiae
579 3855 730 3937 templum
754 3857 889 3938 erigere,
922 3857 986 3918 nisi
1008 3873 1105 3918 oruoe
1126 3861 1248 3916 remota
1279 3857 1314 3915 et

149 3961 349 4024 orationibus
369 3961 583 4047 cessantibus.
627 3961 669 4021 lit
689 3959 719 4021 si
732 3957 909 4023 Christiani
929 3969 1038 4023 tantae
1047 3959 1176 4022 virtutis
1192 3964 1313 4039 essent,

156 4065 239 4147 quod
262 4065 348 4128 illam
371 4073 500 4128 orn'oem
521 4083 542 4126 a
561 4064 697 4147 paganis
721 4073 990 4147 conservassent,
1024 4081 1197 4147 numquam
1229 4070 1313 4124 tem·

155 4167 241 4249 plum
263 4169 324 4232 hoe
354 4179 496 4232 ereetum
526 4171 657 4250 fuissem
690 4177 767 4251 puto
789 4170 874 4233 enim
895 4171 980 4234 hane
1001 4187 1129 4232 erucem
1151 4185 1171 4228 a
1191 4163 1314 4228 serratis

156 4271 293 4358 positam
320 4274 354 4344 in
380 4276 507 4356 signum
535 4276 744 4358 protectionis
777 4275 923 4338 civitatis
942 4258 1141 4353 Jerusalem,
1163 4288 1205 4332 ne
1222 4269 1255 4331 in
1277 4283 1317 4330 eu

157 4376 276 4458 templu
297 4376 394 4442 alieni
413 4379 532 4444 uultus,
546 4381 752 4464 erigerentur.
796 4379 965 4446 Audenter
993 4379 1077 4442 enim
1109 4375 1199 4458 dieo,
1226 4371 1316 4460 'quod
