2954 4914
720 239 784 304 tto

150 439 288 488 'manns
314 422 349 489 ln
387 429 504 485 terram
541 423 701 480 extensae
741 416 788 481 ito
830 427 935 484 erunt·
960 421 994 482 ln
1029 434 1147 504 gyrum
1183 428 1242 504 ιιι,
1286 422 1353 504 qui

174 526 217 590 ad
262 524 382 589 idolum
421 525 591 609 pervenire
633 520 860 588 adducentes
910 525 1132 609 cogebantur,
1175 526 1350 608 ingentem

171 632 304 695 foveam
338 631 416 714 igne
450 628 607 712 repletam
652 623 871 699 Midenoi·
909 630 997 694 Hinc
1041 639 1074 692 et
1119 629 1349 692 Hebraeorum
1456 659 1457 662 ι

175 735 342 818 Scriptura
368 733 573 819 reprehendit
602 752 675 819 eos,
706 735 762 818 qui
794 735 877 798 baec
911 734 1026 799 imitati
1058 734 1194 802 inerint.
1248 737 1351 797 Haec

176 840 264 904 Casa
283 840 327 903 de
346 841 407 904 liv.
430 839 516 922 Spir.
538 840 610 902 liib.
630 843 663 902 4.
686 857 717 909 c.
737 838 768 902 7.
809 839 914 903 illulta
934 841 1021 907 enirn
1044 839 1149 922 idola,
1173 842 1237 903 imo
1259 838 1349 902 dae-

176 946 343 1010 monasio
365 945 477 1019 idolis,
510 963 575 1010 nou
605 943 815 1032 placabantur
853 946 916 1008 nisi
938 947 1093 1024 mortibus
1123 947 1345 1008 innocentum.

58 1037 60 1044 ¹
110 1037 113 1043 ¹
174 1035 220 1118 lit
238 1070 309 1117 mos
328 1031 390 1114 init
410 1053 543 1135 propter
565 1049 679 1132 'plures
700 1047 819 1114 canses
829 1043 965 1132 pueros
979 1050 1154 1113 immolare.
1198 1049 1250 1111 De
1276 1068 1346 1132 qno

112 1223 116 1232 ,
174 1155 252 1222 vide
272 1155 360 1220 Casa
381 1154 423 1228 de
443 1155 504 1218 liv.
527 1152 611 1237 Spir.
644 1155 684 1216 li.
696 1154 776 1222 Ν.
798 1152 877 1217 ci.
910 1165 943 1217 et
974 1157 1005 1219 8.
1049 1153 1205 1217 Gmsavit
1234 1162 1346 1216 autem

175 1261 343 1329 bominum,
358 1258 533 1322 immolatio
553 1268 698 1342 tempere
717 1257 810 1320 Eliso
831 1259 989 1322 lladriani
1006 1258 1220 1342 imperatoris.
1254 1259 1345 1321 Huiu

177 1363 401 1428 crudelissimo
434 1363 508 1428 ritui
528 1365 562 1426 in
592 1365 656 1428 boc
687 1369 797 1426 monte
818 1371 851 1426 et
871 1365 906 1427 in
923 1363 1023 1427 ⁴valle
1045 1363 1179 1445 prount
1210 1377 1343 1446 operam

154 1469 313 1548 dabant,
350 1476 383 1528 et
415 1467 520 1530 Deum
550 1466 638 1532 bsud
672 1465 769 1532 dubio
792 1467 967 1567 plurimum
1001 1467 1215 1540 offendebant.
1263 1467 1344 1530 ldeo

178 1589 272 1636 mons
304 1569 494 1636 offensionis
528 1571 652 1636 dicitnr.
695 1573 747 1635 lle
775 1573 837 1638 boc
869 1573 956 1638 idolo
990 1571 1121 1636 Moloeli
1154 1573 1273 1636 mentio
1297 1572 1344 1634 'lit

112 1749 117 1756 ,
178 1677 308 1753 ierem.
317 1676 370 1742 37.
393 1674 624 1750 ιιιΑιιιοι7.
635 1677 800 1746 etAotor.
823 1677 906 1742 Vll.
1069 1729 1073 1740 .
1135 1729 1175 1738 ..

261 1782 430 1864 Insuper
420 1799 454 1843 ιιι
475 1781 537 1865 linc
559 1771 667 1845 monto
686 1781 868 1844 instituisse
889 1781 1005 1844 dicitur
1038 1780 1193 1874 Sdcmon
1213 1729 1342 1844 domum

178 1903 309 1950 enarum
340 1886 607 1968 concubinarum,
637 1903 773 1969 quarum
802 1895 873 1948 erat
904 1905 969 1949 non
1001 1886 1147 1949 modicus
1179 1873 1341 1948 n'umerns.

179 1989 273 2053 Unde
294 1988 420 2054 Cautio.
443 1991 474 2054 6.
496 1990 627 2054 dicitnr.
658 1990 839 2074 Sexaginta
859 2000 951 2055 erant
985 1991 1133 2074 reginae,
1155 1997 1190 2052 et
1216 1989 1344 2054 bxxx
1461 2079 1462 2086 ἵ

179 2095 394 2180 concubinae,
425 2105 458 2160 et
488 2095 750 2161 adoleuoentulae
771 2097 843 2158 sine
873 2114 1017 2165 numere.
1059 2098 1102 2157 Et
1130 2094 1160 2158 3.
1188 2093 1274 2180 lleg.
1301 2096 1342 2156 ll.

180 2199 310 2266 dicitnr:
332 2201 464 2265 suono
483 2201 646 2267 adamarit
667 2203 817 2264 mulieres
838 2185 1038 2283 alienigenas
1058 2199 1192 2283 multas,
1226 2199 1345 2282 quibus
1461 2249 1462 2258 ,

180 2304 351 2386 copulatus
371 2314 423 2368 est
443 2304 669 2368 ardentissimo
690 2325 814 2389 amore,
846 2293 1040 2389 fueruntque
1061 2306 1092 2366 ei
1115 2321 1234 2392 uxores
1258 2307 1345 2385 se'p-

180 2408 363 2488 tingentae,
392 2417 424 2470 et
446 2410 646 2472 concubinae
668 2417 846 2494 trecentae,
878 2416 913 2472 et
934 2389 1247 2474 adolescentularum
1278 2425 1345 2470 non

178 2518 232 2572 est
264 2527 427 2574 numerus.
471 2511 509 2575 Si
539 2531 617 2596 ergo
637 2519 747 2576 textus
774 2501 822 2576 illi
843 2514 1048 2578 conferantur
1070 2521 1103 2575 et
1122 2514 1347 2597 intelligantur

182 2614 223 2678 de
244 2613 417 2676 Salomone
438 2614 627 2700 litteraliter,
649 2619 902 2700 sinespirituoli
922 2618 1100 2700 intellectu,
1115 2635 1256 2680 necesse
1273 2627 1346 2680 erat

181 2736 256 2782 cunr
277 2719 397 2782 habere
419 2719 536 2784 multas
567 2719 681 2785 domus
709 2742 767 2805 pro
789 2732 835 2786 tot
857 2722 1053 2787 mulieribus.
1096 2720 1234 2812 Reginis
1263 2739 1345 2804 erge

182 2825 362 2889 construxit
383 2824 519 2888 castella
534 2835 567 2889 et
586 2827 715 2912 palatia,
728 2829 918 2892 concubinis
935 2836 1041 2890 autern
1062 2827 1147 2889 itanc
1163 2825 1346 2888 aedificavit

183 2928 320 3014 domum,
335 2930 582 2996 adolescentulis
603 2941 708 2994 antem
724 2933 848 3015 aptavit
866 2932 938 2994 loca
958 2934 993 2994 in
1015 2931 1160 2994 domibus
1178 2939 1345 3012 parentum

183 3054 303 3102 eorum
356 3036 442 3100 l'ilia
470 3045 580 3103 *autern
616 3037 813 3120 Pharaonis,
851 3036 892 3100 de
923 3053 987 3119 qua
1014 3037 1173 3099 cecinisse
1204 3034 1345 3098 ereditur

182 3144 342 3206 canticum
364 3144 573 3225 canticorum,
586 3142 638 3204 cni
659 3143 756 3206 dixit:
779 3141 853 3205 Una
873 3148 925 3203 est
940 3140 1089 3203 columba
1109 3158 1191 3222 mea,
1204 3139 1346 3203 formosa

182 3251 215 3306 et
235 3245 341 3308 electa
361 3263 443 3326 mee,
463 3261 574 3307 secum
597 3247 631 3307 in
652 3252 762 3308 monte
782 3245 874 3328 Syon
896 3245 1023 3308 mansit.
1046 3243 1113 3306 Sed
1135 3246 1211 3326 quia
1231 3243 1345 3306 eadem

181 3344 293 3412 doinus
315 3347 518 3410 sanctificata
538 3355 609 3409 erat
625 3357 763 3430 ,propter
793 3348 1056 3412 inhabitationem
1090 3366 1185 3412 arcae
1205 3347 1343 3429 Domini,

182 3449 366 3514 aedificavit
388 3450 418 3512 ei
439 3448 566 3512 domum
585 3449 680 3531 juxte
708 3451 951 3516 suamdomum
971 3455 1007 3516 ia
1024 3453 1143 3534 Mello,
1171 3461 1207 3517 nt
1228 3452 1344 3520 dicitur

181 3553 314 3636 arieg.
335 3553 385 3635 a,
406 3562 442 3616 ut
461 3571 589 3636 semper
609 3563 697 3618 esset
719 3557 749 3634 ei
771 3557 958 3640 propinqua.
1086 3583 1090 3590 ·

264 3657 438 3740 Perspecto
461 3676 538 3741 ergo
559 3659 631 3729 loco
652 3667 684 3722 et
705 3660 905 3743 monteillo,
926 3677 1026 3726 cursu
1048 3659 1167 3725 ie'stino
1189 3660 1343 3726 descendi

184 3759 315 3844 vallem,
339 3760 506 3826 declinans
528 3761 800 3828 contra‘montern
821 3755 957 3850 olibeti,
979 3773 1013 3828 et
1030 3766 1125 3848 juxta
1146 3765 1345 3850 pyramidem

182 3865 343 3946 iosaphat
363 3864 405 3928 ad
427 3865 559 3930 luridum
579 3868 675 3935 vallis
695 3869 782 3953 veni,
797 3867 997 3954 eandemque
1018 3870 1216 3952 pyramidem
1237 3871 1346 3934 ιιιιὶι-

182 3969 252 4034 sins
266 3970 439 4053 perspexi,
461 3989 597 4056 eamque
617 3975 736 4038 intravi
756 3993 815 4058 per
837 3976 1012 4040 fenestram
1036 3975 1208 4040 scandens.
1250 3975 1347 4037 Non-

183 4073 262 4139 nulli
283 4073 403 4157 dicunt‚
424 4075 507 4138 banc
527 4076 726 4158 pyramidem
750 4097 826 4142 esse
847 4080 984 4163 titulum,
1005 4097 1101 4163 quem
1123 4078 1186 4141 sibi
1199 4075 1346 4142 Absalon

184 4187 351 4254 erexerat,
372 4186 408 4241 ut
428 4177 564 4244 habetur
582 4179 605 4246 3
624 4180 706 4266 lieg.
731 4184 859 4266 ibn-ubi
879 4185 928 4247 sic
943 4185 1096 4248 ιιιιιιιιιιιιι
1120 4201 1215 4266 porro
1236 4183 1347 4247 Absa-

184 4283 249 4365 lon,
272 4301 345 4348 curn
363 4281 469 4371 adbuc
489 4283 632 4367 viveret,
665 4295 813 4352 erexerat
843 4287 905 4354 sibi
933 4287 1076 4370 tunium,
1110 4289 1166 4370 qui
1196 4290 1230 4352 in
1259 4285 1364 4350 valle.
