2948 4876
17 440 230 536 protinus
251 444 286 514 in
306 449 446 514 ccclesia
473 443 623 514 doniinlci
644 449 808 533 sepulchri
829 451 1255 536 ettemplollomlnioauo·

21 553 178 620 nicos'
212 555 349 619 instituit
386 555 552 638 regulares
589 556 702 638 eisque
730 542 846 639 ampla
874 554 1032 622 beneflcio
1061 547 1253 644 assignavit.

22 661 274 724 Adduxerat
297 661 393 722 etiam
427 677 539 724 seeum
560 662 613 723 ,vir
633 659 704 723 lieo
726 663 872 752 amabilis
903 664 1078 728 monachos
1106 650 1255 749 discipli·

30 773 180 830 natos
211 765 252 829 de
278 764 450 849 claustris,
479 767 535 848 qni
563 773 631 829 tuto
656 767 785 828 itinere·
799 768 886 831 horis
919 767 1042 831 diurnis
1070 761 1190 852 pariter
1220 780 1254 834 ot

32 870 253 934 rrocturnis
274 868 384 932 divinia
414 869 462 930 illi
483 869 710 934 ministrabant
731 870 848 934 cilicia.
891 873 985 936 Misit
1007 875 1103 938 etiam
1131 877 1165 938 iu
1185 878 1253 941 lta-

36 975 157 1038 liam
182 983 215 1036 et
236 973 405 1066 Franciarn
429 992 487 1055 pro
508 974 588 1038 viris
610 975 737 1039 clericis
759 986 792 1040 et
815 977 996 1060 religiosis,
1017 980 1136 1062 quihus
1156 999 1253 1064 paro-

37 1081 177 1142 chias
201 1077 332 1161 divisit,
355 1086 392 1144 et
406 1077 565 1150 ecclesias
586 1097 626 1143 ac
647 1082 843 1154 monaterio
862 1079 1051 1146 construxit.

167 1183 294 1246 ln'illis
315 1183 431 1249 diehns
448 1183 585 1268 inventa·
602 1181 653 1248 es't
674 1185 707 1247 in
728 1194 819 1266 parte
845 1186 1008 1250 ecclcsiae
1036 1197 1172 1252 sanctae
1199 1208 1253 1252 ra.-

45 1288 293 1354 surrectionis
315 1289 418 1370 portic
440 1307 504 1351 urna
527 1275 708 1352 dominicae
729 1277 847 1372 crucis,
869 1308 965 1372 qnam
987 1292 1028 1354 uh
1048 1288 1252 1372 metnmffl)

29 1392 252 1477 -gentilinm
285 1391 398 1456 fideles
439 1393 699 1474 occultaverant,
735 1411 902 1475 quae-res
931 1413 1080 1478 magnam
1105 1392 1251 1456 vlidclinm

52 1498 188 1564 attulit
209 1497 503 1562 consolationemet
521 1501 580 1560 toli
601 1496 760 1562 eeclesiae
779 1483 1013 1581 gloriationem.
1057 1498 1156 1579 Sane,
1177 1489 1251 1566 cum

56 1618 190 1686 usqne
228 1602 269 1665 ad
304 1601 378 1667 illos
417 1600 489 1664 dies
521 1602 794 1686 Jercsolymitann
825 1611 981 1666 vacasset
1020 1603 1171 1686 ecclesia,
1211 1602 1253 1666 de

58 1708 244 1772 communi
265 1707 403 1775 omnium
426 1707 592 1780 voluntate
614 1707 775 1776 dominnm
791 1709 1003 1792 Dayhertnm,
1024 1711 1131 1772 virum
1146 1726 1252 1794 vene

60 1813 227 1896 rabilem,
247 1813 401 1876 Pisanum
414 1807 729 1896 archiepiscopum,
762 1815 817 1896 qui
855 1821 931 1896 pust
959 1815 1139 1896 ceptionem
1167 1812 1253 1878 civi·

64 1919 158 1982 tatis
180 1919 216 1980 in
237 1914 615 1983 terramsanolamcnm
639 1918 755 1982 multis·
768 1917 808 1980 de
829 1918 924 1980 Italia
953 1919 1084 2004 navigio
1105 1926 1251 2000 venerat,

18 2096 23 2104 ¹
58 2025 113 2086 ian
138 2021 251 2086 sedem
271 2021 510 2099 collocaverant
531 2023 784 2105 patriarchalem.
828 2020 993 2094 Ordinatio
1013 2024 1125 2106 itaque
1142 2021 1252 2086 eccle-
1347 2051 1348 2058 .

69 2129 144 2192 siis
167 2126 327 2208 processit
341 2129 515 2208 piissimus
535 2147 593 2194 rex
614 2127 808 2192 Gothfridus
828 2127 870 2190 ad
888 2129 974 2192 sacri
1002 2127 1095 2210 regni
1114 2125 1254 2190 Jeroso·
1298 2191 1301 2196 ,

71 2231 234 2314 lyrnitani
253 2230 488 2312 ampliationem
518 2241 551 2294 et
580 2234 734 2296 assuunis
758 2234 912 2321 frattihus
940 2234 1068 2295 suiset
1099 2231 1252 2300 universo

31 2385 34 2392 .
74 2335 285 2400 bellatorum
299 2338 442 2418 exercitu
464 2339 504 2414 in,
522 2357 618 2424 manu
651 2340 726 2424 forti
752 2357 906 2423 egressus
936 2359 960 2400 e.
977 2337 1109 2400 civitate
1138 2332 1256 2398 sancta'

75 2439 251 2506 descendit
266 2440 299 2502 in
306 2441 522 2506 Palaestinam
535 2453 647 2507 eontra
655 2443 855 2508 Clementem
865 2431 1115 2526 Babyloniorum
1127 2457 1250 2524 regem,

77 2547 141 2630 qui
170 2563 243 2610 cum
280 2547 395 2628 grandi
429 2549 606 2612 hilidelinm
629 2550 781 2616 ‚exercitu
825 2557 1018 2629 armatorum
1052 2547 1251 2628 Ascalonem

79 2652 245 2716 civitatem
278 2651 475 2715 inhabitabat
506 2652 547 2716 ad
576 2653 793 2732 insidiandum
815 2651 1019 2719 Christianis.
1063 2652 1138 2716 Rex
1170 2670 1260 2734 ergo·

82 2754 285 2835 Gothiridns,
307 2765 492 2837 oppugnata
510 2759 652 2840 civitate,
671 2760 778 2840 ipsam
800 2759 897 2840 cepit,
916 2767 950 2822 et
970 2741 1075 2839 ipsum
1096 2755 1251 2820 Clemen-

82 2871 151 2924 tem
171 2878 243 2924 cnm
264 2861 361 2922 XXX
382 2860 522 2922 millibus
544 2862 714 2924 interfecit
744 2870 931 2944 tantumque
963 2861 1032 2924 anri
1060 2869 1093 2922 et
1125 2859 1252 2943 argenti
1374 2904 1382 2916 ,

82 2967 132 3030 ibi
159 2963 385 3045 deprehendit,
417 2972 570 3045 quantum
601 2982 751 3045 nmquam
787 2964 850 3027 alio
882 2964 953 3028 loco
986 2962 1251 3046 deprehenderat,

73 3066 226 3148 ¹indeque
245 3083 319 3128 cunr
343 3066 496 3129 iratribus
525 3069 594 3130 anis
609 3081 613 3094 ·
626 3069 707 3130 mim
739 3067 893 3129 felicitate
921 3067 1080 3130 victoriae
1110 3085 1190 3130 usus
1219 3076 1252 3130 et

88 3173 215 3253 Joppen
235 3178 267 3231 et
288 3169 457 3233 liamulam
484 3175 581 3236 nrhes
602 3171 1031 3254 obseditexpugnavitqne,
1053 3180 1151 3255 atque
1171 3171 1251 3236 alias

91 3274 208 3340 similes
228 3275 335 3338 urhes.
388 3307 391 3310 ·

169 3379 311 3443 'laudern
350 3374 456 3444 anter'n
496 3399 648 3446 reversus
679 3381 918 3467 derosclymam
955 3361 1038 3448 reon.¹
1055 3382 1250 3465 gravissima

93 3487 176 3550 lehre
195 3493 363 3570 correptus
384 3488 418 3549 in
439 3487 600 3565 lectulum¹
613 3486 727 3552 incidit
749 3498 912 3552 extremae
933 3487 1167 3571 aegritudinis3
1193 3487 1251 3570 qui

94 3593 228 3656 sentiens
249 3599 382 3656 mortem
405 3593 468 3656 sibi
489 3594 656 3656 imminere
678 3601 822 3656 assumto
843 3593 959 3657 salutis
974 3603 1104 3658 nostrae
1117 3592 1248 3676 viatico,

97 3703 245 3780 tamqnam
268 3715 367 3761 verns
389 3696 511 3760 Christi
532 3699 712 3781 confessor,
742 3698 827 3760 viam
859 3699 1034 3772 universae
1058 3699 1166 3762 carnis
1196 3699 1250 3762 in-

98 3819 219 3883 gressus
252 3811 304 3864 est
331 3803 447 3884 sicque
473 3811 713 3867 consummatus
748 3803 782 3867 in
809 3804 903 3868 bravi
932 3803 1075 3887 explevit
1106 3810 1250 3884 tempora

99 3907 194 3970 malta.
244 3905 481 3990 sepeliverunt
516 3917 621 3972 autem
662 3925 735 3972 enm
768 3907 886 3972 iratres
922 3910 973 3974 ani
1008 3897 1046 3971 in'
1078 3906 1249 3968 ecclesiam

100 4007 235 4077 dominici
256 4011 430 4096 sepulchri.
449 4014 483 4076 lu
505 4011 598 4096 pade·
611 4013 701 4096 rupis
723 4010 913 4095 calvariae,
933 4031 1005 4076 cnm
1028 4011 1152 4092 ingenti
1178 4028 1251 4073 om-

61 4113 62 4118 ’
102 4115 177 4179 nium
186 4115 436 4190 Christianorum
459 4118 645 4200 planctu-ot
661 4118 784 4182 honore
805 4122 870 4186 etc.
911 4116 963 4180 De
984 4117 1047 4179 isto
1080 4111 1250 4177 Gothiridc

103 4219 311 4304 intelliguntur
339 4232 372 4305 et
414 4229 619 4305 exponuntur
652 4221 782 4305 quidam
816 4228 928 4294 textos
963 4218 1006 4282 ad
1036 4219 1176 4280 litteram
1216 4216 1250 4278 iu

105 4324 290 4411 Apocalypsi
312 4325 401 4412 vap.
425 4326 475 4392 17.
506 4335 539 4392 et
562 4328 611 4392 18.
644 4335 684 4390 ιιι
718 4325 817 4390 hahet
836 4323 994 4388 Nicolans
1026 4320 1072 4386 de
1087 4321 1192 4403 hyra,
1220 4327 1252 4384 et
