2896 4872
71 435 124 494 'in
149 449 208 494 ore
222 429 399 512 speluncae
418 427 602 492 mtivitstis
618 424 741 490 cbristi
760 428 825 490 s'ibi
837 428 975 514 sempsit
994 431 1210 518 sepulchrum,
1230 444 1264 500 et

6 583 8 618 5
84 535 181 618 quod
202 536 382 616 speluncae
401 551 441 596 os
465 540 638 614 angustum
658 533 714 593 sit.
755 532 832 598 Jem
863 554 943 600 vere
974 537 1180 619 sepulchrum
1200 541 1264 604 Je-

85 641 220 722 renymi
242 648 293 702 ost
314 647 406 701 extra
426 636 608 713 ecclesiam,
630 644 663 698 ot
683 637 835 701 introitus
862 639 1039 721 speluncae
1065 662 1129 706 nou
1149 645 1183 708 iu
1204 664 1264 710 ec-

6 799 8 832 ,
85 744 205 826 closis,
226 753 260 806 et
289 745 362 824 ipsa
379 741 538 825 spelunca
556 750 608 804 est
634 741 857 823 emotiseima,
885 741 949 806 duo
970 744 1094 810 babens
1121 751 1265 830 patentia

85 849 180 910 ostia
199 846 240 908 ed
260 845 516 929 ingrediendum·
544 843 651 908 Credo
664 844 835 910 mumius
849 847 936 910 illam
957 848 1159 916 aedificatum
1178 861 1264 918 tcm-

85 953 224 1034 poribus
245 951 433 1014 nevissimis
454 950 624 1015 latinorum
646 964 756 1030 regrum
773 948 958 1016 Jerusalem
980 961 1013 1016 et
1034 956 1263 1024 monasterium

85 1058 156 1126 boc
182 1074 335 1138 magnum
356 1055 515 1136 similiter,
544 1061 582 1116 ct
608 1052 769 1135 tuguriola
791 1056 876 1122 beati
896 1057 1065 1139 Jereoymi
1092 1058 1209 1142 ableto,
1231 1069 1264 1124 et

86 1161 160 1222 elie·
175 1159 344 1242 dispositio
364 1160 437 1223 loco
458 1160 543 1240 dato,
564 1157 650 1244 qued
672 1165 705 1219 et
725 1159 924 1244 scripturae,
947 1162 1074 1243 picture
1096 1171 1129 1226 et
1149 1163 1264 1248 sculp-

87 1275 184 1328 turae
204 1273 392 1330 monstrant.

219 1498 279 1573 De
304 1508 425 1575 monte
448 1500 562 1575 Rama
587 1506 626 1574 et
647 1502 731 1599 ejus
756 1496 888 1618 oppido
913 1459 1123 1599 fortissimo.

98 1675 103 1686 '
172 1650 341 1756 Vicesirne
353 1675 414 1742 s'ex
427 1678 514 1742 tadie
526 1633 619 1742 mane
632 1651 719 1744 dicto
734 1659 850 1744 Officio
858 1653 1121 1766 juxta'proesepe
1131 1645 1290 1775 Domini,
1315 1767 1319 1774 ,
1412 1747 1415 1754 .

90 1793 289 1867 rogaverunt
310 1783 428 1847 milites
443 1779 590 1860 Colinnm
613 1775 823 1867 magnum,'ut
843 1785 1034 1868 perduceret
1054 1803 1113 1848 cos
1130 1786 1172 1849 ad
1191 1788 1263 1871 pis-

89 1892 183 1954 cinas
204 1888 388 1964 Salomonis
413 1873 450 1950 'et
485 1886 526 1950 ed
548 1887 619 1969 ejus
640 1888 752 1952 hortos
780 1897 813 1950 et
834 1888 978 1971 pomerio
1005 1897 1038 1950 et
1067 1887 1108 1950 od
1130 1887 1165 1952 S.
1189 1883 1261 1962 Ge-

90 1997 206 2058 orium.
236 1993 277 2056 ltlt
293 1991 441 2054 oscensis
456 1992 557 2054 asinis
579 1991 620 2058 ed
634 1984 706 2055 lo'ee
723 1991 889 2075 jamdicta
906 1991 1053 2075 perducti
1073 2002 1158 2056 sunt.
1189 1993 1268 2076 ltlge

87 2117 180 2182 vero,
194 2098 270 2182 qnia
289 2087 426 2179 prius'in
443 2094 508 2158 illis
522 2095 603 2160 locis
625 2097 758 2180 ineram,
772 2104 808 2161 ut
819 2105 910 2181 potet
931 2113 1029 2178 supra
1042 2094 1096 2158 sol.
1115 2095 1190 2158 utu.
1206 2098 1261 2179 A,

89 2201 191 2266 aliern
208 2203 498 2288 peregrinationem
519 2199 576 2262 illo
599 2200 652 2263 die
671 2201 755 2264 loci·
773 2187 928 2282 'Quetnor
949 2200 1034 2263 enim
1055 2200 1261 2264 iratres-Mi-
1316 2237 1320 2244 ·

92 2325 209 2392 neres,
230 2309 287 2391 qui
308 2307 476 2370 nobiscum
498 2305 539 2367 de
560 2304 746 2368 Jerusalem
771 2308 956 2388 exiverunt,
978 2311 1094 2387 elego
1117 2305 1259 2388 quintus,

91 2409 133 2474 de
155 2410 319 2474 Bethleem
344 2410 469 2493 egressi
491 2408 719 2474 descendimus
742 2419 856 2485 contre
885 2420 1030 2474 anstrum
1067 2405 1110 2472 ad
1131 2409 1258 2474 radices

7 2557 8 2560 =
90 2515 257 2597 cujusdem
279 2515 337 2576 olti
359 2517 487 2597 montis,
508 2515 564 2599 qui
594 2515 635 2578 de
656 2533 769 2598 eampo
791 2517 958 2600 corisurgit
986 2522 1020 2578 et
1047 2516 1203 2580 rotundus
1223 2518 1260 2578 in

90 2619 188 2683 ultum
214 2638 252 2682 se
273 2619 355 2682 tollit
383 2619 417 2681 in
439 2637 610 2702 cacumen,
632 2622 715 2684 satis
746 2621 842 2684 latam
874 2621 1037 2704 planitiem
1058 2620 1258 2704 praeferens,

92 2724 133 2788 de
153 2744 216 2808 que
239 2730 409 2808 respectus
432 2733 482 2786 est
505 2724 601 2806 lenge
622 2725 752 2808 lateque
778 2745 837 2809 per
867 2734 983 2791 terram
1006 2734 1161 2788 sanctem.
1203 2721 1259 2785 Ad

90 2831 176 2892 burro
196 2836 337 2892 montem
352 2827 522 2891 sudoribus
537 2837 577 2911 ¹et
598 2827 760 2892 laboribus
773 2830 985 2893 ascendimus
1006 2846 1112 2910 usque
1132 2829 1165 2890 in
1187 2826 1259 2907 ejus

92 2935 333 3013 summitatem,
362 2943 397 2996 et
426 2934 471 2996 ibi
491 2931 710 3002 habitudinem
732 2932 796 2996 leci
824 2934 1100 2999 consideravimus
1131 2940 1163 2992 et
1183 2929 1260 2993 binc

90 3037 164 3100 indo
183 3058 241 3122 por
262 3047 379 3102 terram
401 3045 549 3100 sanctam
570 3035 867 3118 circumspeximus.
903 3039 940 3098 ln
962 3038 1025 3100 boc
1045 3036 1128 3098 enim
1152 3042 1260 3097 monte

8 3131 9 3134 '
90 3142 131 3204 ob
152 3144 281 3224 antiquo
301 3145 396 3205 stetit
419 3149 560 3206 cestrum
581 3139 774 3223 populosum
804 3149 837 3202 ct
856 3141 1030 3225 munitum,
1060 3138 1146 3224 quod
1169 3139 1260 3202 diee-

90 3247 181 3309 betur
199 3245 314 3329 Roma,
334 3252 431 3330 prout
452 3244 487 3308 S.
510 3245 866 3330 leronymusflvidetur
886 3246 973 3308 velle
994 3245 1102 3308 dicere
1124 3247 1157 3306 in
1178 3243 1260 3308 libro

9 3343 10 3350 '
93 3347 133 3412 de
152 3337 312 3417 distantiis
341 3351 493 3414 locorum.
535 3331 755 3412 Communiter
784 3351 870 3414 euim
891 3351 990 3413 villae
1016 3352 1050 3413 in
1079 3349 1143 3413 olto
1173 3349 1260 3414 sitee

92 3454 278 3519 dicebantur
304 3472 415 3518 omnes
438 3454 486 3536 (Δ
496 3461 542 3532 ιι)
563 3453 685 3529 llame,
714 3455 800 3518 sicut
827 3463 917 3537 petet
944 3454 983 3525 P.
1012 3456 1040 3519 l.
1063 3454 1119 3525 tot.
1146 3452 1197 3518 87.
1221 3455 1258 3518 B.

91 3558 182 3626 Adeo
210 3577 350 3643 nomque
371 3559 455 3622 altus
477 3569 528 3622 est
550 3577 643 3622 mons
665 3558 738 3641 ille,
761 3559 847 3644 quod
877 3541 916 3624 ub
946 3578 985 3622 eo
1017 3567 1069 3624 est
1091 3567 1260 3641 respectus

91 3662 131 3725 od
152 3681 241 3726 mare
263 3673 431 3745 mortuum,
446 3663 487 3726 od
508 3672 633 3730 montes
645 3664 798 3748 Arabiae,
821 3664 862 3727 ad
883 3673 1022 3728 mentem
1038 3663 1113 3726 Seir
1134 3672 1165 3727 et
1186 3661 1259 3728 uo-

95 3765 173 3829 lndt
209 3765 370 3831 Videntur
391 3770 487 3832 etun
500 3769 554 3830 'ibi
582 3777 709 3831 montes
730 3769 879 3852 ltlngaddi
906 3776 941 3832 et
966 3770 1038 3834 loce
1057 3768 1260 3832 latibulorum

93 3869 207 3948 David,
229 3870 392 3936 ιιωοιιιιιιι
414 3861 544 3936 neum
565 3878 600 3934 et
621 3870 710 3955 Silo,
742 3881 776 3936 et
803 3891 897 3936 mons
927 3872 1048 3938 oliveti
1076 3891 1149 3938 cum
1169 3881 1261 3956 perte

93 3975 210 4038 montis
221 3975 327 4059 Syen,
343 3987 376 4040 et
395 3985 634 4061 consequenter
653 3995 760 4060 nsque
780 3976 822 4040 ad
836 3995 924 4040 more
944 3995 1106 4060 magnum.
1135 3977 1178 4040 Et
1197 3977 1260 4038 boc

92 4078 215 4142 videtur
240 4081 273 4144 iu
304 4081 390 4145 nudo
423 4082 543 4144 mentis
573 4081 759 4162 cacumme,
781 4080 857 4144 olim
877 4090 1002 4163 eutem,
1034 4079 1163 4164 quando
1191 4087 1260 4142 erut

13 4217 17 4222 -
92 4183 185 4248 ultum
206 4184 388 4250 aedilicium
417 4183 736 4267 superaedificatum,
765 4185 943 4250 bsbebotur
970 4193 1138 4267 respectus
1159 4181 1259 4246 multo

94 4287 196 4372 letior,
218 4305 325 4372 usqne
343 4289 379 4354 in
403 4287 599 4370 Galileoom,
626 4287 845 4354 Panmnmm
865 4299 901 4353 et
919 4306 1024 4371 nsque
1044 4286 1086 4352 od
1107 4288 1261 4354 termtnos
