2842 4882
630 269 691 334 tttt

65 461 139 541 Qut
169 460 212 524 (le
233 455 435 523 eenvallibua
469 451 533 515 ista
566 453 745 535 rapientes,
782 465 855 510 eum
871 445 1005 530 'singula
1038 445 1245 530 reperissent,

67 569 117 632 atl
141 585 183 630 ee
205 582 278 628 eum
300 561 441 625 elamore
461 559 646 625 currebant.
689 558 727 616 ln
750 552 887 617 desertis
907 551 1096 617 babitabant
1119 560 1246 616 tarren-

68 679 157 739 tium
181 660 214 734 et
235 666 441 732 intravernis
473 672 579 724 terrae
614 660 667 724 vel
692 679 791 742 super
812 657 972 746 glaream3
1004 658 1060 740 qui
1079 657 1162 723 inter
1184 661 1247 724 bu-

65 775 259 864 juseemodi
280 772 483 834 laetabantur
503 776 536 830 at
558 784 634 829 esse
654 765 715 828 sub
742 765 889 828 sentibus
914 751 1049 826 delicias
1080 765 1246 876 putffaant.

70 887 172 948 llaee
193 879 249 948 itti
291 877 417 939 'lentus
436 872 491 936 ille
508 874 554 935 ita
574 872 699 954 positus
721 877 783 953 est,
806 887 845 932 ae
867 868 897 932 si
915 866 1096 934 litteraliter
1117 870 1160 934 tle
1182 870 1248 935 illis

72 988 242 1053 Arabibus
256 982 397 1048 ,deberet
416 977 563 1060 intelligi.
609 981 611 986 '
994 981 997 986 ·

164 1195 250 1260 Dum
270 1199 378 1257 autem
407 1185 520 1269 spoliis
551 1183 774 1264 delinientibus
801 1186 836 1246 tn
861 1184 996 1248 deserta¹
1022 1201 1154 1248 manere
1183 1201 1248 1247 non

77 1308 231 1387 possunt,
254 1303 402 1378 egestate
423 1293 527 1355 eoacti
559 1298 796 1372 congregantur
823 1309 881 1372 per
902 1299 1024 1352 turmas
1044 1299 1075 1352 et
1097 1291 1268 1377 uxoribus,
1300 1383 1303 1388 1

79 1417 116 1470 et
138 1405 248 1488 pueris
269 1404 304 1463 in
325 1393 453 1462 deserte
475 1395 619 1459 dimissis
640 1398 674 1456 in
695 1395 835 1478 aliquam
856 1397 1019 1477 regionem
1052 1394 1197 1459 incidunt
1218 1407 1251 1460 et
1275 1433 1277 1438 .

6 1505 7 1508 '
80 1509 365 1574 noetexeivitaiem
387 1503 528 1588 aliquam
550 1508 606 1562 aut
623 1497 735 1561 villam
758 1499 951 1582 irrumpunt,
975 1499 1140 1564 domorum
1163 1503 1250 1565 ostia

6 1611 7 1646 l
84 1618 240 1700 frangunt
261 1622 304 1694 et,
326 1623 548 1692 quaecumque
578 1604 619 1667 ad
640 1622 769 1667 manum
790 1605 948 1690 venerint,
971 1605 1123 1689 diripiunt
1149 1593 1187 1670 et
1202 1609 1249 1670 ita

6 1723 7 1756 l
84 1741 159 1787 eum
193 1719 315 1803 praeda
346 1712 387 1776 ad
420 1727 540 1776 uxeres
572 1717 605 1771 et
631 1708 785 1793 parvulos
811 1711 851 1772 in
880 1708 1041 1773 desertum
1076 1713 1252 1798 refugiunt,

84 1842 200 1887 verum
221 1821 367 1884 homiues
389 1836 453 1880 nen
475 1813 637 1898 neeidunt,
660 1814 722 1877 nisi
744 1830 824 1876 easu
846 1817 1025 1896 eontigerit.
1054 1817 1125 1880 Has
1146 1825 1254 1880 autem

85 1926 278 1989 irrsnlentias
309 1923 430 1987 faciunt
459 1919 628 2003 insyria,
661 1919 846 1981 Palaestine
867 1927 899 1980 et
927 1920 1083 2004 Aegypto
1115 1929 1148 1983 et
1169 1940 1255 1984 nan·
1330 1965 1331 1968 ,

87 2048 262 2111 numquam
281 2043 416 2110 magnas
439 2025 588 2088 civitates
608 2026 728 2088 intrant
749 2032 782 2092 el
803 2023 990 2105 exspoliatis
1012 2025 1171 2109 aliquibus
1187 2018 1255 2090 'do-

89 2135 195 2197 mibus
217 2126 290 2200 enm
311 2129 431 2215 praeda
452 2131 673 2212 revertuntur,
698 2125 784 2189 unde
805 2129 881 2190 bina
901 2130 992 2212 viee,
1026 2139 1170 2214 tempore
1191 2149 1255 2213 quo

90 2257 154 2322 ege
176 2238 221 2300 sui
243 2239 275 2300 in
303 2234 502 2318 Jerusalem,
536 2242 612 2297 sunt
640 2235 673 2295 in
698 2234 861 2296 civitatem
892 2233 1031 2298 latenter
1058 2235 1199 2317 ingressi
1220 2238 1255 2297 in

90 2343 233 2407 tenebris
255 2352 287 2406 et
307 2339 467 2408 insultum
480 2352 632 2422 magnum
655 2339 816 2420 feeemnt,
839 2355 901 2402 nee
929 2344 1038 2422 petest
1058 2340 1176 2423 aliquis
1198 2357 1257 2407 eos

6 2513 8 2526 ,
92 2449 237 2532 domare,
278 2449 338 2512 saal
368 2463 481 2510 amnes
511 2462 569 2508 eos
607 2446 731 2508 timent,
782 2443 855 2507 Nee
886 2445 949 2509 hoe
980 2445 1107 2509 videtur
1143 2447 1257 2510 mirum

91 2557 210 2620 scienti
238 2554 438 2638 scripturam
474 2567 612 2614 saetam.
663 2550 750 2612 Nam
783 2558 926 2633 tempore
960 2553 1257 2635 potentissimarum

92 2677 221 2742 regum,
241 2639 373 2741 'quando
395 2656 524 2718 stabant
544 2653 782 2718 ordinatissima
804 2654 971 2742 regimina,
991 2665 1107 2720 terram
1130 2657 1258 2722 Arabes

94 2764 141 2828 illi
162 2764 381 2842 turbaverunt,
400 2769 435 2824 ut
456 2768 545 2843 patet
566 2761 596 2822 2.
613 2759 717 2822 Paral.
739 2759 804 2841 et,
824 2761 878 2824 ubi
900 2762 1046 2844 habetur,
1067 2763 1152 2845 quod
1171 2763 1259 2826 Ara-
1301 2799 1309 2816 r

95 2870 155 2931 bes
176 2867 316 2949 ingressi
345 2855 543 2944 Jerusalem
563 2867 672 2927 omnia
694 2864 900 2951 ,diripuerunt
943 2867 1139 2930 abducentes
1161 2869 1259 2930 etiam

24 3026 28 3031 .
98 2971 139 3034 (le
160 2969 252 3034 deme
271 2970 360 3052 regis
379 2982 498 3033 uxores
520 2969 591 3051 ejus
613 2977 647 3031 et
668 2960 828 3039 filiosete.
849 2968 948 3032 litlem
960 2970 1087 3032 Arabes
1109 2971 1142 3032 in
1165 2990 1260 3034 reae-

98 3074 282 3139 dificatione
315 3073 497 3136 Jerusalem
518 3081 551 3136 et
572 3074 682 3156 templi
716 3071 814 3140 valde
843 3061 953 3139 infesti
999 3075 1157 3163 Neamiae
1185 3077 1260 3139 fue*

99 3186 190 3261 runt,
211 3187 249 3242 ut
275 3175 589 3254 habeturNeemiae
612 3161 655 3240 ll.
679 3167 720 3240 de
752 3177 874 3242 Gasem
897 3180 1022 3262 Arabe,
1063 3181 1119 3262 qui
1149 3181 1261 3262 prehi—

99 3287 166 3365 buit
188 3283 386 3347 reaedificari
417 3281 612 3353 Jerusalem.
653 3287 695 3348 Elt
727 3283 842 3368 Neam.
875 3285 933 3346 tv.
966 3287 1165 3368 congregati
1186 3285 1261 3350 fue-

99 3397 172 3454 runt
198 3389 327 3452 Arabes
347 3396 460 3452 eontra
492 3389 702 3455 aedificantes
730 3391 894 3452 civitatem
930 3399 1085 3453 sarnetum.
1128 3394 1171 3455 Et
1200 3411 1262 3476 ego

6 3533 7 3566 2
99 3494 212 3577 eredo,
238 3494 366 3578 siquis
387 3493 482 3557 hodie
508 3503 678 3557 conaretur
707 3496 807 3558 muris
828 3503 860 3558 et
882 3497 985 3577 partis
1007 3513 1047 3558 ae
1075 3499 1158 3560 seris
1180 3498 1263 3562 bene

100 3600 251 3692 claardere
271 3600 471 3684 Jerusalem,
501 3599 587 3684 quod
608 3591 735 3665 Arabes
757 3600 904 3662 omnibus
931 3600 1035 3664 modis
1056 3603 1262 3667 obsisterent.

6 3741 7 3778 i
101 3707 151 3772 ne
182 3706 235 3769 his
264 3705 428 3769 Arebibus
463 3706 600 3770 habetur
628 3706 666 3770 ¹2.
695 3705 843 3768 Maeeab.
875 3705 968 3789 xit,
1011 3707 1109 3790 quad'
1128 3709 1264 3774 collecte

101 3809 214 3892 grandi
235 3812 397 3894 exercitu,
419 3811 452 3873 in
473 3829 537 3893 qun
558 3819 649 3872 erant
668 3794 928 3893 quinquemillia
948 3813 1009 3874 viri
1042 3821 1075 3874 et
1097 3815 1264 3896 quingenti

6 3959 7 3962 η
104 3915 240 3996 equites,
261 3923 373 3977 eontra
393 3914 511 3980 Judam
532 3916 764 3978 Maeeabaeum
786 3925 1024 4002 processerunt,
1046 3917 1104 3980 sed
1127 3915 1207 3999 (26
1221 3921 1266 3992 a)

15 4065 18 4072 .
105 4018 183 4080 vieti
205 4017 334 4090 inerunt
363 4019 491 4098 aJutla
524 4004 569 4082 et'
584 4017 747 4106 petierunt
783 4020 913 4084 dexans
934 4024 997 4085 sibi
1029 4013 1097 4082 ¹[lari
1130 4022 1265 4103 promit-

105 4129 226 4202 tentes,
258 4139 381 4203 paseua
401 4143 438 4188 se
467 4124 602 4190 (laturos
624 4132 656 4187 et
687 4124 719 4186 in
747 4127 886 4190 caeteris
922 4125 1115 4208 prolaturos.
1160 4125 1265 4188 Jutles

105 4233 212 4289 autem
249 4228 423 4293 arbitratus
451 4247 508 4294 ens
539 4229 602 4292 sibi
639 4227 672 4288 in
704 4228 811 4292 multis
841 4231 939 4292 utilas
979 4248 1092 4312 paeem
1125 4230 1205 4294 ,lecit
1234 4239 1265 4294 et

104 4331 162 4414 ipsi
174 4329 304 4393 Arabes
326 4331 509 4399 discessere
529 4335 563 4398 in
585 4333 792 4397 tabernacula
812 4341 882 4398 sua.
909 4335 960 4399 llx
975 4335 1042 4412 boe
1058 4339 1147 4396 textu
1165 4337 1266 4418 patet,
1290 4388 1294 4398 .

1024 4433 1059 4493 26
