2962 5022
761 365 825 432 did

495 561 678 637 Defectus
704 585 874 660 aquarum
900 561 1088 638 molestus.

293 747 356 810 Die
390 741 516 826 XXX„
549 743 661 808 ultima
689 742 908 828 Septembris,
941 761 1025 826 quse
1058 752 1109 808 ast
1128 742 1165 813 S.
1198 744 1385 827 Jeronymi,

209 853 318 916 statim
339 857 414 932 post
435 847 539 912 noetis
561 847 699 912 medinm
721 867 741 910 e
762 848 834 912 looo
855 848 1003 931 prselsto
1030 839 1226 914 reeessimus
1247 857 1387 933 quatuor

212 957 302 1024 horis
322 961 402 1018 ante
423 952 508 1018 diem
530 962 562 1016 et
581 971 639 1035 per
671 953 768 1016 devie
789 953 912 1018 deserti
946 955 1146 1037 perreximus
1174 962 1387 1036 posttergan-
1436 987 1438 992 Δ

215 1069 267 1126 tes
289 1060 406 1124 eltiore
427 1066 458 1120 et
479 1058 634 1120 interiore
654 1063 822 1142 montona,
846 1066 878 1120 et
897 1075 970 1122 eum
989 1056 1055 1139 jam
1082 1058 1169 1120 oleru
1191 1067 1282 1122 esset
1303 1057 1387 1140 dies,

212 1166 362 1232 venimus
384 1165 417 1225 iu
440 1161 602 1226 desertum
635 1161 860 1245 Ramathaim,
894 1163 949 1226 ubi
980 1164 1180 1226 mansionem
1212 1162 1387 1226 imbuimus

171 1301 178 1316 =
211 1271 263 1336 die
284 1270 384 1352 xlx„
406 1266 449 1331 sd
462 1266 588 1332 redires
608 1267 749 1350 regionis
759 1267 962 1352 Ruuhlruym,
983 1268 1038 1332 ulti
1058 1285 1284 1352 perpraeceps
1306 1265 1389 1330 des·

210 1375 396 1457 sendimus,
417 1371 503 1435 siout
534 1370 654 1435 dietum
676 1382 727 1436 est
759 1373 814 1438 iol.
836 1375 879 1438 28
900 1373 932 1441 b.
976 1371 1051 1434 Non
1087 1381 1194 1438 sutem
1227 1391 1385 1436 reasoeu-

210 1480 315 1544 dimns
337 1495 395 1561 per
422 1475 543 1540 ullvum
574 1477 608 1540 in
630 1485 783 1541 montane
811 1477 882 1560 illu,
914 1475 974 1540 sed
996 1476 1131 1540 dimisse
1151 1472 1323 1542 altitudine
1344 1476 1387 1539 ed

210 1583 356 1648 dextram
378 1588 493 1644 oontrs
514 1597 603 1642 mere
623 1583 751 1645 rubrum
781 1582 1010 1647 descendimus
1042 1591 1075 1646 et
1095 1583 1140 1646 ibi
1161 1600 1181 1647 s
1201 1584 1257 1646 via
1279 1582 1387 1646 deeli-

209 1689 376 1768 nevimus,
416 1701 474 1766 pur
505 1702 601 1767 quom
634 1686 775 1769 ingressi
804 1688 968 1752 ineramus
989 1697 1022 1750 et
1049 1697 1161 1752 uentre
1192 1687 1385 1771 Aegyptum

209 1809 270 1854 uos
291 1789 520 1854 convertimus.
562 1789 692 1853 luteres
714 1790 863 1856 deiectus
885 1811 989 1877 equae
1009 1791 1166 1856 molestus
1195 1801 1265 1856 eret
1286 1792 1386 1856 nobis

209 1904 244 1960 et
265 1894 536 1958 murmuravimus
555 1913 614 1978 pro
636 1913 721 1980 sque
743 1895 888 1961 dieentes
909 1897 1043 1981 Uelino,
1076 1899 1131 1980 qui
1153 1905 1222 1960 eret
1241 1896 1385 1979 Moyses

210 2010 335 2067 noster:
367 1997 419 2062 De
447 2001 541 2064 nobis
568 2018 701 2084 equum,
735 2011 770 2064 ut
799 2002 966 2086 bibemus,
1001 2005 1099 2067 siout
1120 2001 1239 2064 Judsei
1268 2003 1384 2084 Moysi

210 2107 362 2170 dixerunt
382 2103 489 2168 uxorin
514 2105 620 2168 xvii.
664 2105 845 2190 Respondit
867 2107 1019 2190 calistus,
1048 2104 1184 2189 quodsi
1209 2105 1382 2170 'vellemus

208 2211 330 2274 hebere
367 2226 501 2294 equom,
537 2226 675 2272 neeesse
707 2220 796 2274 esset
826 2230 891 2275 nou
918 2212 1051 2277 multum
1081 2229 1103 2273 e
1131 2230 1211 2277 vero
1248 2211 1382 2274 tremite

209 2314 593 2398 destinassemus,
622 2316 678 2398 qui
710 2335 768 2397 per
800 2317 865 2381 istu
896 2317 994 2380 devie
1024 2335 1089 2380 non
1126 2323 1261 2399 possent
1293 2314 1382 2378 duci.

209 2419 359 2504 Oportet,
394 2417 552 2500 diximus,
583 2435 644 2481 nos
671 2419 793 2484 hebere
823 2439 959 2504 equom,
996 2421 1074 2504 quis
1103 2429 1253 2484 emente
1273 2419 1382 2503 Synsi

207 2541 311 2607 usque
342 2525 406 2588 lrue
436 2541 552 2607 equom
574 2542 638 2587 non
674 2525 814 2588 vidimus
837 2534 871 2588 et
891 2533 981 2589 utres
1002 2542 1108 2608 paene
1127 2523 1375 2588 evacuavimus.

208 2625 344 2704 Quidem
368 2645 446 2710 ergo
475 2627 602 2710 Arabs,
631 2629 687 2712 qui
709 2629 802 2692 nobis
831 2630 864 2690 in
894 2628 1033 2698 desertol
1055 2627 1260 2709 admoueret,
1293 2627 1382 2692 dixit

207 2729 338 2812 Culino,
367 2729 453 2812 qrrod
480 2733 580 2794 seiret
608 2732 768 2814 quendem
803 2733 908 2796 louum
931 2734 1102 2798 multorum
1125 2743 1314 2816 puteorum,
1336 2729 1379 2794 sd

210 2853 306 2918 quem
328 2833 428 2898 vellet
448 2853 510 2898 nos
530 2835 658 2900 ducere.
701 2838 892 2902 Dimisimus
913 2858 991 2923 ergo
1012 2839 1154 2902 mmelos
1174 2846 1208 2900 et
1228 2834 1381 2898 culinum

212 2949 302 3004 moto
324 2941 451 3004 tremite
470 2940 647 3023 proaedere
667 2950 783 3006 eontra
809 2962 898 3008 mare
930 2944 1060 3008 rubrum
1081 2952 1115 3006 et
1138 2941 1245 3006 seeuti
1264 2957 1381 3004 sumus

207 3046 349 3108 Arubem
371 3043 463 3110 illum
484 3045 518 3108 in
539 3047 634 3109 aliem
656 3047 830 3130 regionem.
873 3047 1034 3112 Venimus
1054 3057 1162 3112 eutem
1189 3064 1263 3110 oum
1284 3063 1325 3108 eu
1347 3045 1381 3108 in

211 3149 373 3233 quendem
394 3149 568 3214 terribilem
590 3159 623 3214 et
642 3167 796 3214 saxosum
817 3159 1008 3236 torrentem,
1029 3149 1086 3237 qni
1106 3152 1283 3235 perietibus
1303 3148 1381 3211 altis

209 3255 336 3336 rupium
357 3253 399 3316 alr
420 3263 557 3336 utroque
585 3254 687 3320 latero
708 3255 935 3335 clsudebstur,
958 3277 1017 3341 per
1039 3275 1135 3347 quem
1166 3253 1382 3337 impetuosis-

206 3360 290 3420 sime
312 3375 373 3422 suu
394 3367 538 3442 tempore
559 3377 664 3445 equus
684 3358 875 3444 decurrunt,
904 3363 970 3445 its,
996 3369 1035 3424 ut
1053 3359 1191 3443 grundis
1214 3375 1298 3422 san
1317 3358 1380 3420 en-

209 3461 339 3526 duosut.
381 3464 446 3528 l’er
465 3463 556 3528 illum
583 3473 757 3530 torrentem
779 3466 877 3550 longa
897 3469 954 3530 vis
983 3465 1211 3530 descendimus
1231 3471 1266 3526 et
1285 3462 1380 3524 inee-

209 3568 318 3648 pimns
350 3568 538 3654 formidare,
560 3569 636 3654 quie
657 3568 750 3633 locus
771 3572 965 3636 inhumanus
985 3579 1066 3634 erat.
1108 3566 1379 3652 colloqueremur

207 3679 316 3734 autem
336 3673 432 3738 nobis
453 3681 486 3736 et
507 3674 703 3738 mirebemur
723 3673 765 3738 de
786 3675 879 3738 nobis
900 3679 995 3760 ipsis,
1006 3675 1092 3761 quod
1110 3682 1241 3758 propter
1259 3687 1377 3754 epum

208 3772 388 3840 dimisimus
410 3796 538 3842 omnem
568 3778 784 3842 substantium
805 3781 840 3842 in
860 3783 994 3845 mmelis
1014 3791 1048 3844 et
1068 3781 1220 3844 duotores
1243 3782 1376 3840 neruos

203 3877 363 3944 asinarius
385 3892 419 3945 et
438 3883 629 3946 oamdmios
660 3891 694 3944 et
714 3882 920 3949 edheesimus
951 3887 1008 3950 uui
1028 3885 1149 3950 homini
1175 3880 1374 3946 adorimur

204 3984 298 4048 nobis
331 3987 440 4049 seeuti
460 4007 534 4050 eum
562 4007 620 4070 per
639 3988 732 4050 invia
760 3987 816 4052 ills
836 3989 918 4056 toee
962 3990 1197 4055 vemmomeo
1224 3985 1376 4050 omuibus

203 4089 298 4153 uobis
331 4089 503 4154 videbatur
529 4092 639 4156 Arabs
657 4091 715 4154 ille
735 4111 812 4157 esse
843 4095 940 4159 homo
968 4096 1089 4176 bonus,
1117 4092 1267 4156 omnibus
1288 4091 1376 4152 euim

204 4192 329 4275 modis,
351 4195 469 4276 qurlrus
494 4197 615 4278 potuit,
650 4199 813 4278 gestiebm
833 4200 928 4263 uobis
956 4198 1159 4282 eomplaeere
1180 4203 1215 4262 et
1232 4192 1375 4278 joeunde

158 4365 162 4370 ,
201 4297 380 4366 preeeurrit
400 4313 471 4375 nos,
484 4298 662 4360 ostendeus
684 4302 778 4362 uobis
798 4305 923 4384 rupium
946 4301 1149 4366 sltitudinen
1168 4310 1203 4364 et
1222 4297 1375 4364 terrentis

200 4385 333 4466 (Μ.)
342 4392 430 4454 illius
440 4399 636 4480 vestitatem,
644 4409 805 4484 tamquam
813 4408 951 4486 ipsemet
960 4409 1139 4468 mimetur.
1152 4403 1232 4468 Post
1242 4402 1374 4485 tongum
