2842 4882
600 233 664 296 455

35 414 205 496 'judaismo
235 414 415 499 peregrinis
436 410 634 476 Christianis
655 430 692 473 se
713 411 897 475 associavit
928 423 1053 479 etcum
1078 393 1127 474 eis
1155 427 1213 496 par

49 519 209 584 desertum
244 515 411 599 usquead
434 517 521 579 lrunc
542 515 649 578 locum
680 516 841 598 pervenit,
877 521 1014 600 oumq'ue
1040 513 1214 598 peregrini,

13 611 14 616 ¹
49 626 106 704 qui
124 633 199 687 ante
217 643 291 686 enm
310 623 415 703 ibant,
436 638 496 703 per
516 627 640 700 portam
662 619 835 702 intrarent,
859 621 1054 707 sequebatur
1074 637 1131 682 eos
1152 635 1211 679 us-

13 721 14 750 ³
49 743 114 808 que
138 727 180 792 ad
211 734 335 810 portam
368 742 431 787 nec
455 723 595 806 amplius
616 721 791 804 procedere
822 723 944 807 voluit,
972 721 1042 786 sed.
1060 723 1215 787 attonitus

13 821 14 858 ¹
50 838 85 890 et
103 831 301 914 stupefactus
323 830 436 909 stetit3
458 844 553 908 quem
575 843 647 888 cum
667 828 958 909 interrogavemnt,
989 825 1067 909 qrrid
1083 827 1216 888 haberet

13 925 14 962 ¹
48 943 84 995 et
109 953 205 1016 qnare
229 945 293 997 non
315 932 457 1012 intraret,
481 947 597 1012 magno
620 947 691 992 cum
713 929 835 1012 gemitu
855 936 889 990 et
911 929 1052 992 lacrimis
1076 947 1215 1012 respon·
1330 949 1335 956 ·

12 1031 14 1072 ¹
51 1037 114 1099 dit:
147 1058 165 1101 o
199 1033 519 1118 l'ratresperegrini,
547 1031 642 1095 video
662 1050 763 1114 supra
794 1051 902 1096 arcum
924 1032 1134 1119 crucifixum,
1163 1030 1219 1114 qui

12 1135 15 1176 ¹
51 1159 103 1200 me
124 1140 249 1224 ingredi
279 1158 342 1202 non
365 1137 452 1217 sinit,
474 1152 536 1196 neo
557 1136 725 1200 immerito.
769 1135 848 1199 Sum
871 1137 974 1216 enim,
998 1134 1119 1216 fateor,
1144 1133 1219 1216 heu,

12 1238 199 1304 'Judaens
219 1250 250 1304 et
277 1241 409 1304 Christo
438 1239 591 1302 omoifixo
613 1258 716 1321 usqne
741 1258 829 1303 nuno
854 1257 982 1322 semper
1004 1238 1080 1303 lui'
1070 1238 1221 1301 mimicus

12 1347 15 1388 ¹
50 1352 97 1406 et
105 1362 156 1404 me
173 1321 389 1429 Christianum
412 1343 616 1426 peregrinum
639 1343 799 1426 simulavi,
820 1353 855 1406 ut
877 1343 961 1426 legis
983 1352 1114 1407 nostrae
1135 1343 1221 1405 lato-

12 1439 15 1516 t
50 1465 129 1528 rem,
152 1453 300 1531 Moysen,
321 1448 374 1511 hic
394 1449 596 1512 honorarem.
631 1446 697 1510 Sed
719 1446 817 1510 video
838 1447 935 1529 plane
953 1467 1005 1510 me
1021 1447 1062 1510 ad
1077 1443 1219 1529 Moyseri

12 1559 15 1618 t
49 1569 115 1611 non
137 1551 260 1614 admitti
281 1554 342 1615 nisi
370 1572 428 1650 per
449 1551 646 1632 crucifixum,
668 1559 863 1634 quapropter
883 1570 926 1613 ex
951 1569 1038 1613 nuno
1067 1541 1220 1638 crucifixo
1303 1541 1306 1546 ’

11 1663 15 1708 t
50 1650 180 1718 Clnis'to
206 1653 302 1719 credo
331 1665 362 1718 et
390 1675 441 1725 me
469 1655 625 1736 baptizari
650 1657 800 1742 promitto
839 1663 872 1718 et
899 1631 1110 1720 Christianus
1142 1645 1221 1715 mori
1283 1661 1285 1666 ’

11 1771 14 1814 t
49 1756 207 1822 desidero.
240 1759 358 1823 Statim
380 1766 505 1840 autem,
528 1753 563 1819 ut¹
584 1759 666 1820 haec
687 1755 788 1835 verba
803 1758 944 1842 finierat,
968 1757 1221 1840 cruxdisparuit

11 1879 13 1914 ι
51 1869 84 1921 et
106 1863 178 1942 ipse
198 1862 272 1924 sine
293 1863 520 1946 impedimento
542 1878 612 1922 cnm
635 1860 707 1922 aliis
723 1861 884 1954 'ascendit‘
904 1860 1089 1944 glorificans
1110 1862 1218 1922 Deum
1261 1935 1265 1940 Ι
1371 1863 1374 1874 ’

11 1983 13 2020 ι
49 1972 84 2025 et
107 1973 179 2044 post
204 1965 626 2046 hocbaptismumsusoepit
640 1972 672 2024 et
690 1963 1010 2027 coutraJodaeornm
1024 1964 1214 2026 coecitatem
1295 1971 1299 1980 '

11 2066 189 2147 cunctis,
212 2085 332 2148 quae
319 2070 380 2130 sibi
403 2067 597 2147 acciderant,
621 2067 779 2128 recitavit.
814 2067 865 2130 Ab
887 2068 951 2129 lroo
971 2083 1048 2147 ergo
1057 2074 1212 2158 tempore

11 2168 164 2230 nullus
186 2169 382 2233 Judaeorum
417 2165 612 2252 prae'snmsit
637 2167 848 2235 ad.scendere
892 2169 930 2231 Si
962 2170 1047 2230 enim
1078 2175 1216 2249 possent
1272 2175 1275 2182 ⁴

11 2274 153 2336 libere
167 2276 340 2336 transitum
362 2274 491 2354 habere,
514 2292 641 2355 semper
663 2280 773 2336 essent
795 2274 839 2336 ibi
860 2273 1022 2356 peregrini
1045 2270 1173 2334 Judaei.

139 2377 165 2438 A
189 2389 280 2461 porta
301 2378 356 2440 illa
376 2378 512 2442 ulterius
533 2377 738 2440 ascendimus
761 2375 802 2438 ad
822 2395 884 2439 non
905 2376 1061 2439 modicum
1081 2377 1221 2457 spatium

10 2507 11 2544 t
49 2487 86 2544 et
107 2481 149 2544 ad
170 2482 275 2564 aliam,
298 2469 408 2565 portae
430 2482 595 2565 praefatae
616 2480 751 2562 scilicet,
770 2481 920 2545 venimus
941 2488 975 2542 et
987 2481 1128 2563 ingressi
1140 2499 1219 2561 por-

10 2613 11 2656 3
50 2587 171 2649 tamin
194 2586 354 2671 quandam
377 2585 599 2649 delectabilem
620 2584 785 2668 planitiem
805 2585 964 2668 venimus,
987 2603 1071 2668 qnae
1092 2571 1166 2647 linis
1189 2591 1222 2646 et

51 2690 207 2753 terminus
235 2698 287 2752 est
314 2691 431 2752 montis
453 2689 575 2772 Synai3·
601 2708 675 2760 nam
699 2707 802 2771 usque
823 2688 866 2751 ad
887 2689 973 2752 hunc
995 2689 1098 2752 locum
1121 2686 1226 2751 nomi-

51 2798 149 2852 natur
176 2811 268 2854 mons
291 2791 403 2873 Synai.
447 2792 497 2854 lle
524 2791 581 2854 illa
606 2810 685 2855 vero
712 2791 846 2872 planitie
867 2793 1034 2874 consurgit
1058 2809 1149 2854 mons
1171 2810 1226 2852 ro-

55 2893 192 2975 tundus,
229 2895 314 2956 altus
341 2903 373 2954 ot
401 2903 487 2962 totus
515 2902 684 2980 petrosus,
717 2895 773 2975 qni
794 2901 844 2956 est
867 2912 959 2957 mons
982 2892 1078 2954 0reb.
1125 2894 1226 2955 'lotus

56 3009 164 3060 tamen
195 3015 288 3058 mons
313 3013 384 3058 cnm
407 3005 542 3080 utraque
563 3006 654 3077 parte
676 2996 818 3057 inferiori
840 3003 873 3056 et
895 2995 1054 3075 superiori
1075 2992 1224 3077 quando-

10 3157 11 3164 ,
54 3120 119 3191 qne
142 3098 228 3161 0rob
257 3100 448 3164 nominatur.
487 3099 529 3160 ttt
553 3100 790 3180 nonnumquam
811 3099 959 3179 superior
990 3115 1066 3180 pars
1096 3105 1227 3178 propter

10 3239 11 3246 ι
51 3223 146 3267 suam
174 3202 394 3284 petrositatem
423 3201 538 3266 dicitur
559 3209 651 3285 petra
672 3201 768 3264 Orela.
797 3199 897 3291 ¹Cum
920 3219 999 3284 ergo
1020 3219 1078 3284 per
1103 3207 1226 3282 portam

52 3307 196 3390 ingressi
218 3323 386 3387 essemus,
415 3305 620 3378 ascendimus
641 3325 699 3390 per
720 3324 867 3388 campum
889 3304 978 3366 illum
1000 3305 1229 3386 graminosum,

49 3413 107 3496 qni
136 3417 206 3473 erat
237 3409 320 3472 inter
351 3429 412 3476 nos
443 3419 476 3472 et
508 3419 648 3474 montem
671 3410 777 3492 0reb,
813 3391 889 3490 qnia
916 3426 1052 3492 campus
1081 3408 1227 3472 declivus
1258 3437 1260 3442 ·

52 3517 250 3599 aliquantum
284 3522 370 3596 erat,
401 3522 434 3576 et
455 3513 497 3577 ad
519 3531 615 3576 unam
641 3513 811 3576 ecclesiam
834 3511 999 3594 pulchram
1025 3523 1057 3577 et
1078 3530 1226 3598 magnam

50 3623 212 3710 venimus.
257 3617 341 3681 Sunt
362 3626 468 3682 autem
493 3626 558 3682 tres
580 3617 726 3702 capellae
759 3618 953 3700 contiguae,
979 3629 1043 3680 uno
1065 3635 1227 3684 murorum

50 3725 174 3787 ambitu
193 3724 336 3806 clausae,
359 3741 424 3786 nna
445 3733 496 3786 est
517 3731 651 3786 sanotae
671 3723 827 3803 Marinae,
851 3719 996 3806 secunda
1015 3718 1228 3785 sanctiHeli-
1308 3755 1312 3764 ,

50 3829 124 3888 nael
146 3827 311 3910 prophete,
332 3828 426 3892 tertia
451 3827 556 3890 sancti
580 3826 696 3889 lleliae
720 3827 909 3910 prophetae,
974 3815 977 3820 ’

140 3929 239 3993 l’orro
261 3949 319 4012 per
339 3948 475 4013 parvum
495 3939 528 3992 et
549 3929 724 3992 demissum
747 3929 894 3993 ostiolum
911 3935 963 3991 est
984 3927 1144 4006 introitus,
1164 3940 1224 4004 per

52 4030 143 4096 illum
172 4049 250 4114 ergo
276 4034 435 4114 portulam
457 4034 606 4096 venimus
626 4035 660 4094 in
681 4030 836 4114 capellam
858 4031 893 4094 S.
914 4030 1059 4094 Marinae
1081 4025 1222 4108 virginis

51 4142 84 4194 et
114 4135 266 4213 prostrati
293 4138 453 4200 orationes
481 4144 656 4201 consuetas
685 4136 823 4216 legimus
852 4133 894 4196 de
924 4127 1157 4215 processionali
1187 4137 1220 4190 et

51 4235 276 4320 indulgentias
314 4240 370 4322 (†)
401 4241 591 4324 recepimus.
633 4239 684 4302 De
711 4239 772 4301 hac
803 4255 899 4300 sacra
939 4236 1065 4317 virgine
1095 4233 1229 4296 habetur
