2948 4876
646 257 724 390 ιιι
755 251 788 302 ·’
828 251 834 262 ’

69 473 137 535 his
181 470 324 554 loquitur
352 468 585 550 deronymus
575 487 608 530 ιιι
629 463 711 531 libro
733 465 775 530 ad
799 467 1027 532 Ptmmsohnm
1065 473 1179 532 eontra
1199 468 1267 532 Jo-

15 591 20 634 ι
72 575 240 638 hannem
258 572 549 672 Jerosolyrnorum
562 575 749 656 episcopum
773 573 1024 636 soliismatioum.
1059 573 1139 637 Post
1158 589 1263 638 anuo-

15 701 19 738 ι
77 699 163 742 rum
190 680 361 743 multorum
387 678 546 741 currionln
568 685 681 741 santolo
704 675 865 759 Gregorio
886 677 997 738 sedem
1018 678 1105 740 Petri
1133 669 1263 742 tenente

15 807 22 866 ι
78 801 186 847 anno
205 783 347 865 Duroirri
354 783 651 846 »brixillum
653 791 727 846 ento
749 782 838 844 fuit
828 776 1028 863 nullaspha't
1051 783 1263 876 propederu-

15 913 23 956 ι
80 888 200 952 salem
224 891 333 952 tunioa
343 885 472 952 Domini
495 888 708 952 inconsutilis
723 890 757 948 in
779 889 1063 966 aroa'marmorea,
1087 905 1170 969 quae
1191 907 1263 951 oum
1324 939 1328 944 .

15 1019 23 1062 ι
76 993 225 1077 jejuniis
247 995 285 1056 at'
300 993 431 1058 fletibus
453 977 866 1076 S,·episcopus'Gregorius
892 990 1128 1074 Antiochense,
1149 994 1264 1056 Hono·

15 1124 27 1170 ι
84 1101 162 1162 rins
183 1097 501 1181 Jerdsolymitauus,
515 1099 686 1160 Joh'aunes
706 1094 1098 1177 Constantinopolitinus,
1121 1104 1267 1162 transto-

15 1213 27 1276 ι
84 1204 205 1268 lerunt
227 1203 260 1269 ιιι
282 1203 464 1269 Jerusalem
485 1202 526 1265 ad
547 1202 719 1266 ecelesiam
742 1199 1047 1300 Golgntausmeum
1062 1199 1265 1284 multovnlgi
1340 1223 1347 1238 ’

15 1343 26 1386 ,
86 1307 228 1390 gmrrlio
239 1315 271 1368 et
294 1306 475 1372 devotione.
1082 1322 1085 1328 ·

131 1413 286 1496 Auno
298 1413 428 1475 Domini
453 1411 698 1478 sexcentesimo
704 1425 792 1474 nouo
809 1407 993 1498 ιιιιιριιιιιι
1006 1409 1132 1508 oriente
1146 1409 1262 1493 singu·
1268 1461 1270 1465 .

15 1474 87 1600 p
88 1459 174 1580 lario
197 1489 298 1593 ierus.
307 1503 465 1607 cosdroe,
484 1535 541 1578 rex
562 1515 750 1604 Persarum,
763 1518 817 1600 qui
828 1486 986 1610 uolleota·
991 1493 1118 1598 gentili
1118 1519 1270 1580 exercitu,
1428 1479 1445 1486 Η

15 1594 312 1711 ,·Aegypt'um,
323 1613 469 1720 Syriam
484 1629 530 1682 et
537 1605 762 1696 Pulistidam
771 1607 979 1682 devastauit'
989 1634 1092 1707 seque
1112 1597 1262 1715 omuibus
1288 1693 1291 1700 ¹
1315 1615 1318 1623 ’
1408 1713 1413 1720 η

15 1763 44 1834 5
89 1721 210 1819 modis.
213 1715 376 1806 &mauis
393 1731 435 1813 ι
426 1711 490 1811 Β)’
513 1711 641 1827 legibus
661 1707 820 1811 apposnit.
843 1701 959 1787 l'nst
965 1719 1133 1813 multorum
1156 1735 1263 1788 autem
1294 1729 1311 1764 ·³
1334 1804 1347 1812 q
1395 1783 1403 1812 ,ι

15 1863 38 1920 ·5
48 1807 270 1894 divitiatum
285 1819 546 1913 suppressionem
562 1821 739 1913 'ingressos
753 1824 922 1894 Judaeum
931 1817 1076 1891 sarnetum
1097 1811 1263 1894 ιιιιιιιιιιιιιιι
1321 1831 1324 1839 ’

15 1932 279 2026 ,Jerusalem
315 1930 471 2016 repletam
498 1934 717 1998 devotissimis
743 1933 938 1996 Christianis
962 1934 1094 1998 obsedit
1117 1945 1150 1997 et
1179 1936 1273 2028 oepit·
1301 1990 1307 1998 .
1351 1948 1388 1996 ’τ
1428 2003 1433 2012 ,

95 2050 129 2103 et
158 2041 193 2102 in
224 2057 265 2104 ea
293 2039 426 2121 triginta
454 2038 555 2100 millia
580 2023 749 2101 homiuum
770 2034 947 2120 interemit,
974 2030 1107 2120 duorum
1130 2058 1265 2122 corpora
1355 2055 1358 2060 ’
1395 2057 1399 2065 ·

97 2152 191 2206 extra
214 2142 326 2204 urbem
353 2142 386 2203 in
415 2150 588 2204 torrentem
617 2141 746 2206 cedron
775 2141 888 2230 projici
909 2139 1083 2203 mutilavit.
1128 2139 1264 2225 Quidam

97 2255 205 2312 autem
227 2245 344 2327 iugens
365 2244 415 2309 leo
438 2246 549 2308 allen
571 2248 691 2311 missus
709 2247 856 2310 aoourrit.
871 2254 904 2307 et
921 2244 1090 2308 ‘cadavera
1102 2245 1279 2328 (ιιιιιιιιι-Ι
1310 2257 1317 2288 ’-
1351 2281 1358 2290 ·

15 2415 18 2430 ‚
97 2371 210 2415 ntorum
241 2350 315 2413 tulit
345 2368 448 2433 eaque
481 2352 514 2413 ιιι
539 2359 648 2413 monte
667 2361 842 2434 martyrum
876 2371 977 2434 prope
996 2349 1181 2416 Jerusalem
1205 2371 1267 2416 se·
1305 2377 1319 2440 g

97 2454 226 2540 polivit,
255 2463 292 2517 ut
320 2455 455 2518 habetur
482 2456 515 2517 in
535 2455 724 2519 'ecclesiast
754 2457 870 2521 lristorf
888 2455 1039 2540 et'supra
1059 2457 1113 2520 fol.
1135 2455 1201 2522 Μ
1221 2459 1262 2518 A.
1321 2542 1325 2549 .

98 2561 235 2644 Aliquos
267 2568 374 2622 autem
396 2561 522 2624 nobiles
551 2570 583 2623 et
605 2563 752 2644 captivos
774 2563 1036 2646 irrolusit,‚inter
1056 2547 1138 2648 quos
1167 2561 1267 2625 etiam.
1348 2559 1358 2573 '

98 2664 277 2728 Zacharias
299 2666 471 2748 episeopus
491 2665 786 2752 Jerosolymi'tonns
807 2675 916 2729 tentus
938 2659 1007 2730 fnit.
1034 2667 1162 2729 Murum
1183 2685 1264 2750 ergp
1379 2705 1387 2716 -

101 2771 242 2833 civitatis
264 2777 399 2832 sanotae
419 2787 491 2832 oum
508 2769 714 2852 dissipasset,
725 2767 897 2852 ingresus
916 2779 966 2832 est
984 2770 1137 2850 templum
1160 2769 1264 2832 domi·
1378 2763 1387 2774 ’
1447 2769 1452 2780 '

21 2881 24 2889 '
102 2875 166 2935 uiui
184 2871 358 2954 sepulchri,
378 2880 415 2934 nt
435 2892 473 2935 eo
486 2872 626 2954 spoliato
638 2874 829 2937 destrueret.
856 2865 1006 2957 Accepta
1023 2881 1130 2936 autem
1152 2882 1265 2935 saneta

105 2993 209 3056 oruoe,
229 2990 326 3055 quam
348 2975 476 3038 Helena
496 2977 600 3040 thenis
623 2977 730 3038 aureis
752 2976 915 3038 iuolnsam
933 2969 977 3040 ibi
996 2983 1170 3058 posuerat,
1193 2993 1266 3037 uum

15 3079 16 3090 ‘
106 3079 146 3142 ad
161 3078 271 3160 templi
285 3075 675 3142 destmetionem'mannm
690 3079 817 3141 mittere
830 3081 1095 3165 praesumsisset,
1110 3079 1266 3162 quaedam
1389 3105 1394 3112 ·

15 3237 16 3242 ,
108 3184 214 3246 diviua
234 3183 339 3245 virtus
361 3200 380 3243 e
401 3182 574 3264 sepulchro
600 3183 732 3246 Domini
753 3177 949 3265 resplenduit
958 3203 976 3266 ,·
996 3201 1061 3267 qua
1080 3186 1267 3266 perterritus

19 3335 22 3347 .
108 3307 176 3352 oum
204 3288 273 3350 suis
302 3305 323 3349 ιι
350 3293 468 3369 npepta
502 3286 720 3352 destructione
753 3288 875 3352 destitit
916 3298 947 3351 et
971 3307 1058 3353 oum
1090 3289 1204 3371 spoliis
1235 3299 1267 3352 et

19 3402 21 3412 ’
108 3401 218 3458 saneta
239 3409 337 3454 ornos
359 3399 393 3455 et
413 3392 554 3474 eaptivis
575 3394 609 3456 ιιι
635 3393 803 3456 Persidem
832 3392 936 3455 rediit.
979 3395 1059 3457 Post
1089 3393 1172 3458 lrneo
1204 3401 1272 3458 vd·-

108 3499 198 3562 statis
219 3480 369 3570 eeclesiis
390 3495 423 3557 in
445 3497 568 3558 oriame
584 3498 671 3572 misit
686 3497 786 3560 lilium
807 3515 899 3560 suum
921 3497 962 3560 ad
979 3505 1089 3581 partes
1109 3499 1278 3582 aquilonis

108 3603 139 3665 in
158 3600 302 3686 Syriam,
333 3607 371 3662 ut
390 3607 423 3662 ol
443 3601 488 3664 ilri
508 3612 625 3684 gentes
645 3603 835 3687 subjugaret
862 3611 896 3664 et
927 3603 1086 3668 eeclesias
1113 3597 1268 3686 vastaret,

110 3716 140 3770 et
164 3706 362 3770 transuensis
393 3705 503 3767 multis
531 3709 717 3790 regionibus
759 3705 906 3772 consedit
939 3707 1033 3788 juxta
1076 3701 1275 3790 Danubium,

17 3857 19 3868 ι
110 3820 211 3875 eontra
232 3828 328 3892 quern
352 3809 525 3873 Romulius
549 3812 723 3895 imperator
742 3813 903 3894 prooessit
925 3821 957 3872 et
979 3813 1073 3894 vinit,
1108 3819 1143 3873 ut
1164 3813 1270 3874 habe-

111 3923 157 3976 tor
175 3913 215 3976 de
235 3913 430 3986 exaltatione
456 3923 592 3977 sanotae
620 3916 737 3978 erneis.
779 3916 832 3978 llo
856 3925 963 3978 sortem
996 3919 1084 3978 vieto
1126 3925 1157 3978 et
1176 3922 1271 3999 patre

18 4060 20 4068 f
111 4017 212 4078 ooeiso
233 4026 266 4078 et
287 4017 405 4100 regnis'
419 4020 578 4082 restitutis
599 4027 745 4082 sauotorn
759 4036 889 4082 oruoem
911 4027 944 4080 et
956 4018 1149 4083 Znoliariam
1180 4021 1286 4101 epis--

113 4137 219 4201 nopnm
246 4129 279 4182 et
300 4141 413 4185 omnes
435 4125 583 4206 captivos
612 4131 646 4185 et
667 4123 771 4206 spolia
802 4122 912 4185 retulit
934 4124 978 4185 ¹in
1006 4122 1206 4204 Jerusalem,
1239 4132 1274 4184 et

115 4223 213 4286 diruta
240 4225 353 4307 templi
374 4235 408 4289 et
428 4228 518 4290 urbis
546 4228 725 4309 raparavit,
749 4231 784 4290 et
805 4225 1001 4290 Christianis
1024 4228 1164 4289 restituit
1185 4225 1273 4288 ordi-

116 4327 273 4409 nationes,
298 4330 419 4392 omnia
451 4328 630 4394 seeundum
665 4331 926 4406 eoelesimtianm
967 4331 1070 4392 rltnm.
1128 4329 1273 4392 steterat

1036 4428 1068 4484 ld
