2962 5022
42 574 268 698 'I'Pupbos
256 591 291 636 ru
313 567 425 654 Cypro
445 577 509 639 ete.
550 567 617 634 ute
636 577 744 632 outour
773 583 867 632 mons
886 565 991 652 Syuul
1021 569 1085 634 ooli
1103 585 1183 634 vcro
1207 567 1280 632 lloo

51 641 234 743 dicatus
255 685 322 758 est,
344 676 400 758 qni
420 683 473 738 est
493 691 604 755 mous,
616 669 659 736 in
691 690 755 755 quo
784 671 1021 756 beoeplucituru
1042 683 1094 740 ost
1120 675 1280 758 habituro,

52 842 55 850 ,
117 787 147 847 ιι
166 803 201 846 eo
219 781 338 844 etenim
358 779 516 843 Dominus
537 777 726 842 babitabit'
716 797 749 842 nr
776 777 884 841 buum.
926 777 1087 844 Referunt
1107 780 1151 844 de
1170 787 1282 844 moute

42 853 57 912 ν
116 889 220 970 Atlas,
249 885 335 969 quod
359 885 463 948 unbeo
491 902 554 948 sua
581 882 774 948 celsitudine
805 881 943 946 excedat
976 893 1010 948 ot
1035 884 1124 970 quod
1149 887 1279 968 ignotus

42 961 56 1018 ¹¹
118 994 229 1058 bestias
248 993 408 1055 bumanno
428 990 519 1052 vitae
548 989 742 1054 insidiantes
761 988 890 1071 babeat,
911 997 944 1050 et
965 987 1095 1074 dont,
1113 997 1206 1052 ιιιιιιι
1224 998 1280 1052 te-

42 1069 56 1232 :
116 1099 287 1163 citurnituto
307 1096 407 1159 silero
426 1113 485 1176 per
505 1093 609 1176 ιιιοιιι,
629 1103 666 1157 ut
692 1111 756 1157 uon
779 1092 905 1176 absque
933 1095 1066 1163 horrere
1085 1092 1223 1176 quodum
1244 1102 1283 1158 et

42 1179 251 1268 occultae
284 1199 465 1263 divinitatis
491 1200 678 1282 suspicione
706 1197 842 1260 odeutm
871 1206 903 1260 ot
923 1205 1079 1282 aspectus
1111 1194 1280 1280 equalium

42 1285 55 1340 ¹
114 1318 144 1373 ot
167 1305 338 1370 nebulosus
360 1311 514 1386 appareat
545 1318 604 1385 per
636 1302 738 1384 diem,
760 1310 857 1366 noeto
889 1323 968 1368 uero
998 1303 1041 1367 od
1061 1304 1166 1366 bostar
1195 1300 1279 1366 coeli

42 1384 56 1446 ι’
113 1411 230 1474 crebris
254 1409 365 1471 lucere
386 1408 558 1472 luminibus
579 1416 611 1470 ct
643 1426 796 1471 resonare
826 1411 975 1472 euntibus
993 1417 1092 1492 atquo
1112 1405 1281 1470 tinnitibus

42 1495 55 1552 [ἶ
112 1513 322 1600 cymbalorum
346 1521 378 1574 ct
399 1511 575 1574 fistularum
599 1513 832 1595 Agyponorum
860 1521 893 1578 ct
913 1513 1113 1598 Satyrorum.
1157 1509 1225 1575 Sat
1241 1510 1279 1572 iu
1363 1573 1366 1580 ,

42 1599 52 1658 ³
105 1627 213 1682 ‘moute
234 1627 344 1681 nostro
364 1625 477 1688 saneto
500 1627 551 1680 cst
573 1616 710 1681 altitudo
732 1618 914 1681 homiuibus
934 1621 1192 1702 proportionum,
1214 1633 1278 1680 nec

42 1707 55 1766 ³³
111 1725 235 1789 suntin
257 1742 296 1785 eo
319 1731 460 1785 monstro
480 1721 635 1803 terrifica,
657 1722 764 1786 luceru
785 1732 818 1786 et
840 1725 991 1786 tenebras
1021 1725 1161 1788 sustinet
1190 1723 1277 1786 sicut

42 1815 174 1892 alia
190 1827 361 1908 naturalia,
384 1844 445 1890 nec
475 1835 552 1892 sunt
581 1827 626 1890 ibi
655 1825 831 1890 draconum
858 1827 966 1911 olidus
997 1825 1276 1967 praestigimod

109 1940 223 1998 cuneta
242 1930 353 1995 divium
373 1939 407 1994 et
428 1941 552 1994 sancto.

42 2029 54 2085 ι
186 2035 312 2100 Climux
348 2053 442 2099 mons
477 2033 607 2117 quidum
643 2035 678 2097 iu
718 2033 840 2098 oedem
870 2034 986 2098 dicitur
1029 2053 1108 2100 esso
1143 2036 1277 2118 regions

42 2139 52 2176 ἰ
104 2159 209 2207 ‘secus
240 2159 328 2204 maro
366 2140 514 2222 rubrum,
547 2137 602 2201 ubi
616 2217 619 2226 ,
634 2137 793 2202 foeminae
823 2140 959 2222 prolixis
987 2141 1098 2204 burbis
1128 2141 1276 2224 insigues

42 2255 65 2296 ιι
109 2247 257 2311 dicuutur
285 2263 362 2308 osae
392 2252 427 2308 et
454 2241 679 2310 cmdelissirne
707 2243 935 2310 venationibus
966 2255 1134 2327 menites,
1155 2246 1277 2328 tigres-

42 2350 52 2404 ι
107 2370 173 2436 quo
210 2351 366 2414 babentes
400 2348 627 2431 preconibus,
655 2346 775 2431 pardos
804 2356 838 2412 at
869 2347 981 2412 lecum
1012 2350 1166 2429 nutriunt,
1188 2347 1276 2411 uude

42 2453 52 2508 l
107 2474 202 2522 neruo
223 2455 265 2518 ad
285 2462 425 2518 montom
450 2452 538 2515 illurn
557 2461 673 2536 ‘potest
694 2451 852 2516 accedere
877 2455 991 2518 timore
1011 2453 1137 2518 illorum
1159 2451 1276 2516 suomi·-

109 2579 223 2627 norom
243 2561 309 2642 (ιι)
342 2556 535 2638 embolium,
569 2576 653 2642 quae
682 2559 779 2622 otiom
811 2557 918 2623 nudae
946 2561 979 2622 in
1010 2561 1101 2624 viros
1131 2565 1275 2622 armatos

45 2665 51 2710 ¹
104 2665 252 2732 insiliunt
283 2680 405 2746 cosque
428 2671 650 2748 prosternunt,
672 2662 829 2745 adjutoria
848 2664 1005 2729 babentes
1027 2664 1168 2746 belluas,
1191 2677 1275 2746 quus

42 2776 49 2824 t
105 2767 266 2836 edomant.
308 2768 385 2830 Nou
404 2768 487 2831 tales
507 2774 646 2831 montom
669 2776 816 2831 sanctum
843 2770 1038 2853 inhabitant,
1059 2770 1117 2834 sed
1144 2767 1274 2853 quidam

42 2878 48 2926 t
103 2875 290 2940 esurientos
320 2873 658 2954 commemorarem
684 2874 789 2936 omnis
817 2873 907 2936 soror
926 2874 1052 2939 bucella
1081 2876 1178 2958 porris
1199 2872 1275 2936 dots

42 2983 47 3030 t
103 2979 280 3059 mitigatur.
324 2975 470 3052 rossem,
492 2976 589 3038 multa
620 2975 774 3040 inducero
811 2976 853 3040 dc
882 2979 1077 3042 terribilibus
1110 2977 1276 3056 montium,

42 3091 46 3132 ¹
99 3089 240 3168 propter
267 3097 351 3162 quac
380 3080 561 3155 bominibus
593 3081 751 3144 terribiles
784 3080 962 3144 redduntur
990 3091 1022 3144 et
1044 3079 1275 3160 formidabiles,

42 3193 45 3234 l
99 3186 226 3272 quibus
244 3186 393 3264 omnibns
415 3193 505 3248 curet
525 3191 662 3247 metus
683 3203 775 3248 mons
796 3184 899 3269 Synai
921 3196 954 3250 ct
973 3187 1172 3250 econtrario
1193 3202 1275 3246 cou-

99 3291 247 3356 ditioncs
262 3290 358 3352 babet
373 3288 613 3371 desiderabiles,
628 3290 744 3373 quibus
764 3289 910 3356 redditur
924 3292 1105 3379 bominibus
1118 3287 1276 3369 amabilis,

95 3401 166 3474 ita,
189 3402 227 3456 ut
252 3392 294 3456 dc
323 3393 445 3458 ultimis
471 3393 582 3456 mundi
602 3393 721 3458 llrribns
742 3395 783 3458 od
805 3415 878 3460 eum
909 3397 1061 3466 bominac
1082 3395 1280 3460 illustriores*

96 3496 278 3564 confluant
323 3498 365 3560 ιιι
386 3504 511 3562 tontum
532 3496 574 3561 de
594 3508 703 3562 monto
724 3499 837 3584 Synai.

151 3795 219 3872 Ile
250 3791 371 3870 reditu
404 3796 677 3895 peregrinorum
714 3797 751 3873 in
786 3801 1041 3877 monasterinm
1075 3806 1227 3876 sanetae

197 3957 202 3970 ·
256 3910 479 3991 Oatbarinae
505 3927 543 3994 ct
564 3919 686 3996 multis
710 3919 849 3996 sanctis
872 3920 967 3996 locis
993 3922 1030 3997 iu
1055 3920 1127 3997 via.

192 4143 296 4225 lgitur
314 4145 445 4210 adducti
472 4150 663 4212 sunt'uobls
692 4145 777 4209 osmi
803 4165 823 4208 a
845 4149 1037 4210 monasterio
1058 4149 1191 4206 sanctae
1209 4137 1278 4201 Co-

85 4248 256 4312 tharinao
280 4251 314 4312 in
336 4253 563 4315 monasterium
592 4251 652 4314 Χιι
674 4249 883 4334 Sanctorum,
896 4250 991 4332 -quod
1019 4242 1224 4313 ascendimus
1245 4249 1279 4304 ct

84 4351 136 4415 ad
163 4351 396 4439 vollom‚quae
417 4355 537 4418 mediat
555 4349 640 4418 inter
659 4363 832 4436 utrumque
853 4361 1004 4435 montem,
1025 4351 1066 4415 ad
1088 4351 1172 4412 latus
1192 4346 1278 4412 horti

82 4456 348 4524 descendimus.
383 4459 447 4524 Ubi
465 4468 572 4522 autem
595 4455 688 4542 quasi
708 4454 751 4519 od
771 4457 867 4521 finem
888 4445 971 4522 bortl
992 4459 1206 4536 venissemus,
1219 4469 1278 4538 per
