2926 5050
681 289 725 353 59

92 485 220 538 tamen
258 473 355 557 juxta
398 491 546 556 murum,
590 479 625 535 et
671 471 801 554 quidam
844 470 886 535 de
929 471 1108 555 peregrinis
1155 472 1288 556 optabat

93 579 299 643 zachaeum
333 578 438 642 adhue
470 595 548 640 esse
580 575 694 640 domus
725 576 812 641 illius
841 577 1018 659 hospitem,
1039 586 1074 640 ut
1095 577 1189 642 uobis
1210 597 1287 660 pro-

95 686 271 748 visionem
294 684 428 768 iaceret,
456 698 586 746 eramus
611 683 697 745 euim
719 683 901 745 esurientes
923 689 957 744 et
987 683 1147 764 sitientes,
1170 690 1203 744 et
1235 699 1285 764 ea,

97 809 197 875 quae
214 787 445 853 dederusalem
469 790 503 851 iu
526 786 668 850 raeeulis
695 787 815 850 uostris
827 787 1014 868 tuleramus,
1034 787 1287 850 iam'oousumta

99 913 218 979 paene
247 902 350 956 eraut.
395 891 607 974 {peravimus
640 893 766 974 tamen,
796 891 883 974 quod
907 893 941 953 iu
961 890 1094 955 Jerieho
1110 909 1228 974 panem
1253 897 1287 954 et

101 1017 229 1082 aquam
265 998 481 1080 reperiremus
511 1015 569 1078 pro
603 997 779 1070 reiootioue
810 1003 938 1078 nostra,
968 997 1020 1060 hio
1053 997 1140 1058 euim
1166 995 1287 1078 optime

100 1106 257 1168 conteuti
282 1103 469 1165 fuissemus.
509 1099 581 1163 'Sed
612 1100 696 1164 alius
716 1103 824 1186 {oibus
854 1103 1026 1184 parabatur
1051 1101 1164 1182 uobis,
1192 1099 1285 1181 panis

101 1207 284 1292 augustiae
305 1215 339 1268 et
359 1225 444 1290 aqua
463 1207 688 1270 tribulationis.
850 1207 853 1213 '
1177 1207 1182 1214 '

198 1312 282 1374 Nam
305 1313 398 1375 uobis
414 1314 575 1376 stantibus
597 1320 630 1374 et
651 1310 898 1374 eonfereutibus
918 1311 1108 1394 inceperunt
1134 1309 1286 1372 duetores

104 1418 218 1481 nostri
240 1417 388 1482 celeriter
427 1426 459 1480 et
491 1436 564 1481 aum
597 1415 745 1478 horribili
776 1414 919 1478 elamore
952 1433 1014 1480 nos
1042 1415 1223 1500 propellere
1252 1422 1287 1476 et

104 1522 281 1585 stimulare
301 1521 342 1584 ad
372 1523 492 1585 exitum
514 1521 556 1584 de
576 1521 722 1584 Jerieho.
780 1517 854 1583 Viri
889 1537 1027 1604 namque
1048 1521 1181 1585 Jerieho
1203 1537 1285 1583 oon-

105 1627 238 1709 globati
261 1645 321 1689 uos
333 1642 572 1710 praeoccupare
582 1626 768 1689 nitebantur
785 1623 826 1686 ad
839 1619 1092 1710 extorquendam
1103 1625 1283 1710 peeuuiam.

105 1733 187 1795 Hae
209 1730 454 1794 considerantes
477 1731 580 1795 nostri
601 1729 697 1793 eitius
720 1728 810 1790 exire
828 1747 888 1791 uos
909 1730 1126 1816 impulerunt,
1159 1739 1192 1793 et
1221 1729 1285 1810 ipsi

10 1851 11 1878 ³
107 1837 217 1899 nostri
238 1837 351 1898 armati
373 1839 407 1896 in
430 1834 540 1898 eorum
563 1833 726 1896 oumulum
749 1849 821 1894 eum
851 1835 945 1918 equis
977 1837 1136 1900 irruerunt
1163 1854 1286 1920 eosque

108 1940 314 2020 diviserunt,
344 1941 430 2000 viam
453 1939 546 2001 uubis
569 1955 628 2020 per
649 1936 787 2000 medium
811 1933 921 2002 eorum
945 1950 1106 2022 perantes.
1147 1940 1200 2004 Ad
1223 1942 1285 2004 hoe

10 2081 11 2092 .
109 2046 205 2127 pueri
238 2051 272 2105 et
301 2043 451 2106 mulieres
473 2051 680 2104 aeeurrerunt
722 2050 755 2103 et
776 2059 848 2104 eum
870 2042 1031 2124 lapidibus
1052 2048 1086 2107 iu
1108 2045 1284 2108 exercitum

106 2151 334 2233 jactaveruut3
357 2149 442 2210 iuter
462 2149 545 2212 haee
565 2146 657 2209 multi
679 2147 808 2209 iueruut
831 2147 871 2209 de
891 2149 994 2210 asinis
1017 2151 1122 2233 tracti,
1146 2157 1178 2210 et
1189 2149 1284 2230 pileis

110 2253 259 2336 spoliati,
292 2262 324 2314 et
356 2251 454 2334 aliqui
482 2251 642 2336 lapidibus
672 2251 763 2314 laesi.
805 2252 862 2313 lit
895 2251 956 2315 iuit
986 2260 1095 2316 tantus
1127 2253 1284 2316 turnultus

8 2425 11 2444 ν
113 2355 232 2439 faetus,
256 2356 493 2443 quodpropter
515 2376 645 2422 eursum
667 2358 843 2420 bestiarum
865 2365 898 2419 et
919 2357 1081 2421 bominum
1102 2357 1162 2422 tuit
1182 2367 1285 2420 terrae

113 2463 223 2544 pulvis
251 2463 413 2526 excitatus
445 2465 478 2528 iu
510 2472 650 2548 tautum,
690 2482 729 2528 ao
762 2464 792 2527 si
809 2464 981 2527 tenebrosa
1011 2463 1130 2527 nebula
1150 2464 1284 2527 Jeriebo
1394 2524 1406 2542 f

114 2568 303 2650 operuisset.
348 2568 431 2633 Cum
452 2577 561 2633 autem
583 2571 645 2632 viri
666 2564 799 2633 Jerieho
819 2567 993 2651 vidissent,
1028 2568 1114 2652 quod
1144 2568 1221 2631 nibil
1250 2569 1284 2631 iu

114 2689 175 2733 uos
196 2673 368 2758 haberent,
401 2685 434 2738 et
463 2674 550 2759 quod
579 2674 735 2756 paulatim
765 2691 880 2736 manus
917 2691 1026 2739 eorum
1059 2673 1283 2764 evaderemus,

8 2801 9 2806 ¹
115 2783 344 2838 converterunt
375 2797 414 2841 ae
446 2779 488 2840 ad
509 2779 653 2862 lapidos,
688 2787 721 2840 et
754 2795 813 2840 uos
846 2797 919 2841 eum
948 2779 1134 2842 ductoribus
1161 2779 1284 2842 nostris

114 2899 188 2941 eum
209 2881 351 2961 periculo
376 2900 493 2964 magno
515 2903 533 2944 a
554 2901 592 2944 se
614 2883 790 2964 ejecerunt,
813 2891 847 2944 et
868 2901 982 2945 omues
1003 2883 1162 2965 fugimus,
1197 2900 1236 2946 ae
1254 2885 1283 2946 si

115 2983 234 3064 gladiis
252 3001 312 3046 uos
331 2994 609 3066 persequerentur.
654 2985 823 3048 lixivlmus
849 3003 934 3067 ergo
956 3003 1021 3047 uou
1038 2985 1143 3048 solum
1168 2989 1283 3050 inanes

116 3085 157 3148 de
178 3085 320 3169 tenebo,
341 3087 401 3150 sed
415 3090 509 3151 etiam
524 3090 675 3170 castigati
690 3097 724 3150 et
743 3087 882 3170 eouhrsi,
905 3088 947 3151 de
967 3107 1031 3171 quo
1053 3089 1144 3151 multi
1166 3089 1283 3152 milites

115 3191 243 3254 fuerunt
276 3193 411 3276 turbati,
443 3201 477 3256 et
508 3193 660 3276 optabant
692 3196 802 3274 iguem
839 3192 880 3256 do
901 3193 992 3256 eaelo
1023 3192 1222 3256 deseeudere
1242 3194 1283 3258 ad

116 3297 371 3358 consumtiouem
390 3299 522 3363 Jerieho
541 3297 613 3380 (B)
645 3307 679 3362 et
698 3297 913 3361 habitatorum
949 3299 1039 3381 ejus,
1071 3299 1148 3361 moti
1169 3297 1282 3362 eodem

115 3402 238 3485 spiritu,
261 3419 325 3485 quo
340 3402 485 3466 lacobus
506 3409 538 3466 et
551 3401 719 3466 Jebaunes
736 3403 847 3466 huone
860 3403 930 3487 ix„
943 3401 1073 3487 quando
1095 3405 1128 3465 iu
1150 3405 1283 3467 eivitate

117 3505 255 3591 quadam
278 3505 552 3571 Samaritanorum
584 3507 757 3571 Dominum
786 3509 900 3571 lesum
938 3517 970 3572 et
1002 3507 1181 3592 discipulos
1212 3509 1282 3590 ejus
1363 3589 1369 3599 .

115 3612 259 3692 reeipere
288 3611 458 3693 uolebant,
493 3629 590 3694 quam
621 3612 698 3695 igue
732 3613 865 3676 eoelesti
898 3629 1089 3677 rousumero
1117 3613 1282 3676 volebant.

115 3713 181 3778 Sed
205 3717 391 3799 reprehensi
412 3716 453 3780 de
473 3715 535 3781 hoe
557 3717 696 3801 inerunt,
717 3707 866 3800 uipatet
888 3718 1016 3782 ibidem.

139 3964 199 4038 lle
222 3963 371 4040 civitate
397 3963 559 4068 deflebo,
584 3967 700 4064 qualis
724 3967 846 4064 fuerit,
870 3975 909 4042 et
929 3965 1046 4068 qualis
1071 3989 1165 4043 nuno
1185 3963 1257 4041 sit?
1314 4045 1337 4068 ἱ

197 4144 328 4209 derieho
357 4145 474 4210 eivitas
502 4145 565 4208 alio
587 4150 717 4212 nomine
742 4158 878 4214 vocatur
899 4150 1018 4212 eivitas
1040 4147 1227 4231 palmarum,
1248 4147 1281 4208 a.

117 4247 218 4310 Perat.
230 4251 292 4325 28„
315 4251 446 4314 inserte
465 4251 747 4335 tribusBeujamin
766 4257 837 4317 sito.
882 4253 957 4317 lluit
970 4262 1076 4316 autem
1092 4254 1132 4317 ab
1152 4253 1281 4333 antiquo

116 4353 234 4416 civitas
256 4353 423 4421 abundans
460 4365 493 4418 et
524 4357 558 4420 iu
587 4358 675 4424 bono
697 4359 784 4441 lo'oo,
806 4359 870 4421 uisi
891 4356 976 4440 quod
1008 4359 1103 4438 equis
1133 4355 1281 4418 dulcibus
