2962 5022
622 431 686 494 lob

72 615 290 684 laborantibus
311 616 501 682 inaseeosu
513 610 580 694 ilio,
602 629 689 696 ecce,
712 610 783 674 dies
793 605 969 696 adspiravit
984 623 1017 678 et
1038 611 1244 678 inclinaban-

71 732 123 786 tur
142 721 291 802 umbrae,
326 724 361 780 et
386 715 531 781 vidimus
564 715 664 800 longe
683 733 781 799 snpra
801 717 917 781 collum
938 718 971 782 id
993 729 1089 802 caput
1111 721 1241 800 montis,

73 826 114 890 ad
134 826 228 908 cujus
253 825 419 906 aspectum
444 821 541 906 quasi
561 821 727 886 conterriti
749 821 932 906 stabamus,
954 824 1106 886 mirantes
1127 824 1242 887 altitu·

72 931 191 994 dinem
206 929 314 995 adhuc
349 933 528 990 restantem
561 934 635 1009 post
656 935 780 988 tantum
808 921 992 996 ascensum.
1035 927 1110 990 Non
1131 935 1243 1010 potest

73 1039 158 1098 enim
181 1034 349 1098 summitas
369 1031 424 1094 vei
446 1038 542 1112 caput
562 1029 831 1094 montisinierius
852 1029 955 1093 videri
973 1030 1069 1113 juxta
1091 1030 1244 1116 radicem,

73 1142 149 1223 qnia
170 1139 220 1201 sic
241 1145 291 1199 est
314 1135 385 1218 ejus
407 1134 584 1216 dispositio.
627 1135 734 1197 Primo
756 1135 850 1198 habet
863 1133 1003 1198 radicem
1033 1135 1245 1216 latissimam,

72 1245 108 1304 in
129 1260 194 1324 qua
215 1238 358 1324 arbusta,
381 1237 524 1323 virgulta
545 1247 577 1300 et
600 1237 693 1300 multi
715 1239 785 1301 rubi
812 1248 972 1302 crescunt.
1016 1237 1144 1301 Deinde
1170 1245 1247 1301 sunt

73 1363 174 1428 rupes
203 1344 393 1422 eminentes,
415 1362 474 1426 per
496 1360 578 1426 quos
597 1343 629 1405 in
652 1343 869 1426 crepidinibus
890 1353 942 1407 est.
963 1353 1122 1406 ascensus
1143 1361 1248 1427 usquo

71 1467 174 1530 supra
195 1449 312 1510 montis
332 1456 490 1522 ventrem,
513 1448 569 1528 qui
590 1455 643 1510 eat
669 1457 774 1511 tumor
795 1465 932 1532 magnus
954 1466 1128 1531 acorpore
1149 1466 1245 1510 mon·

72 1556 118 1616 tis
152 1550 334 1635 procedens
364 1562 395 1614 et
427 1568 641 1634 excrescens,
670 1554 765 1636 qnasi
796 1561 902 1634 terrae
929 1551 1052 1616 inflatio
1075 1561 1183 1634 esset,
1214 1561 1247 1614 et

70 1666 207 1742 propter
237 1657 323 1719 hunc
354 1663 508 1719 tumorem
537 1674 600 1717 non
631 1664 740 1740 potest
769 1656 873 1720 videri
900 1656 942 1719 de
964 1659 1038 1719 imis
1059 1676 1121 1720 nec
1141 1663 1243 1741 caput

70 1781 139 1825 nec
160 1760 277 1824 collum
297 1762 435 1844 montis;
458 1779 557 1844 snper
578 1771 725 1825 ventrem
747 1770 798 1824 est
818 1761 874 1824 illa
896 1741 1031 1825 latitud'b
1059 1765 1246 1846 graminoso

69 1867 245 1932 continens
277 1865 349 1928 loos
380 1865 512 1948 egregia
541 1863 583 1925 ad
613 1883 734 1947 pascua
775 1868 914 1947 optimas
945 1866 1064 1929 herbas
1093 1867 1241 1930 ferentia.

68 1974 202 2036 Venter
222 1971 277 2034 illo
297 1967 429 2052 longum
450 1970 549 2031 babet
574 1985 746 2031 ascensum
768 1985 873 2052 nsque
894 1969 936 2031 ad
957 1970 1127 2032 cacumina
1149 1988 1244 2032 mon·

69 2081 158 2142 tium
182 2077 213 2137 ei
245 2074 509 2154 adhaerentium,
540 2072 586 2133 ita
615 2071 701 2155 quod
730 2070 771 2133 de
801 2080 917 2134 ventre
937 2071 991 2135 illo
1012 2091 1076 2134 uno
1096 2072 1175 2155 jugo
1198 2081 1249 2135 est

69 2178 237 2261 transitus
256 2179 291 2238 in
304 2176 456 2238 montium
472 2174 604 2239 aliorum
625 2175 782 2241 vertices.
819 2177 857 2236 In
880 2193 1030 2258 supremo
1048 2185 1154 2238 antem
1166 2196 1251 2245 ven-

69 2286 137 2349 tris
163 2280 331 2362 consurgit
347 2278 465 2340 montis
486 2275 589 2362 Syriai
611 2278 738 2361 collum,
760 2281 849 2362 rupis
860 2281 946 2340 enim
958 2296 1086 2362 magna,
1107 2288 1252 2344 nonnose

71 2400 108 2452 et
136 2382 314 2476 scopulosa
332 2384 364 2445 in
388 2381 486 2444 altum
510 2390 663 2465 protensa
682 2383 726 2446 ibi
748 2385 909 2447 exerescit
923 2403 944 2447 a
958 2393 1074 2455 ventre
1089 2386 1250 2450 montium

70 2496 169 2557 'sicut
191 2489 309 2553 collum
332 2505 352 2549 a
374 2505 508 2570 corporo
524 2487 675 2571 'procedit
696 2489 730 2548 in
753 2488 897 2572 homine,
921 2497 953 2552 ct
974 2490 1037 2552 hoo
1058 2488 1175 2554 collum
1198 2501 1250 2554 est

72 2599 163 2662 adeo
185 2596 296 2680 altum,
318 2591 405 2676 quod
423 2601 535 2676 stupor
552 2601 603 2656 est
624 2588 747 2675 videre,
768 2603 805 2670 et,
822 2612 921 2677 snpra
942 2593 1060 2657 collum
1082 2603 1134 2658 est
1156 2615 1251 2658 mon-

72 2706 121 2766 tis
147 2708 255 2784 capnt.
298 2701 360 2762 Est
381 2708 488 2762 antem
503 2717 612 2782 ,rupes
633 2698 708 2761 colli
720 2697 842 2761 directe
857 2708 967 2761 contra
982 2698 1108 2762 coelum
1131 2709 1250 2783 crecta,

72 2816 109 2872 ct
134 2803 282 2886 scopulis
304 2802 380 2864 altis
403 2811 435 2865 et
456 2805 562 2866 acutis
583 2805 690 2867 cincta
708 2805 766 2886 ita,
786 2778 981 2888 dnodhomo
999 2804 1135 2867 inferius
1160 2816 1253 2868 stans
1285 2787 1300 2818 ⁴

69 2929 146 2974 non
165 2915 275 2989 potest
294 2906 479 2986 imaginari,
501 2907 659 2988 quomodo
680 2906 836 2989 possibile
856 2908 910 2989 sit,
932 2908 1093 2970 hominem
1117 2911 1151 2970 iu
1172 2929 1253 2971 ver·

72 3016 182 3078 tieem
213 3007 399 3071 mecedem.
443 3011 531 3092 lmo,
563 3013 639 3072 ante
664 3009 698 3072 S.
731 3009 927 3073 Catharinae
960 3013 1253 3077 manifestationem

70 3133 180 3182 nemo
207 3113 434 3196 praesumebat
460 3113 667 3178 adscendere.
709 3113 805 3178 Unde
830 3115 864 3176 in
896 3115 1034 3198 Speculo
1061 3118 1174 3180 histor.
1207 3118 1247 3180 ir.

73 3222 132 3288 19.
160 3215 198 3279 0.
224 3214 274 3280 17.
297 3217 450 3280 recitatur
480 3218 520 3281 de
549 3217 687 3302 quodam
710 3236 790 3281 sene
815 3221 971 3282 visitante
994 3231 1106 3304 patres
1134 3221 1255 3285 deserti

71 3321 223 3398 incolas,
246 3322 303 3404 qui
325 3320 418 3384 dicit:
440 3322 517 3403 vidi,
538 3323 656 3407 iuquit,
675 3323 756 3407 juga
777 3323 879 3405 Synai
900 3326 1028 3402 montis,
1048 3324 1142 3408 cnjus
1163 3343 1256 3390 snm·

72 3445 176 3494 mum
197 3443 355 3488 cacumen
383 3427 474 3490 coelo
502 3429 684 3511 contiguum
707 3445 907 3512 nequaquam
929 3428 1009 3490 adiri
1029 3438 1147 3511 potest.
1191 3429 1256 3493 His

71 3546 196 3599 tamen
217 3549 283 3593 non
305 3532 509 3596 obstantibus
533 3532 669 3597 viriliter
690 3551 771 3616 opus
792 3541 941 3615 coeptum
963 3536 1115 3614 aggressi
1131 3553 1257 3622 sumus,

70 3651 110 3706 et
150 3655 260 3722 usque
288 3637 329 3700 ad
361 3637 477 3700 collum
517 3639 723 3722 pervenimus
754 3639 788 3699 in
819 3637 956 3699 aliorum
984 3641 1139 3704 montium
1166 3639 1272 3724 juga,

71 3743 218 3810 Collum
240 3749 348 3804 autem
371 3745 477 3828 ipsum
500 3735 725 3807 arduissimum
749 3743 899 3825 aggressi
919 3760 978 3824 per
1005 3761 1102 3824 rupes
1124 3750 1159 3806 et
1179 3761 1258 3808 soo-

68 3851 185 3937 pulos
212 3864 343 3911 sursum
372 3847 580 3933 scandimus,
613 3850 708 3934 qnasi
735 3867 773 3911 eo
796 3846 901 3929 modo,
923 3863 987 3929 quo
1010 3847 1086 3928 quis
1107 3847 1257 3912 arborem

73 3949 282 4033 adscendit,
315 3952 483 4015 trahentes
515 3971 575 4016 nos
606 3971 735 4016 sursum
769 3951 810 4013 de
838 3969 903 4013 uno
929 3949 1065 4032 scopulo
1097 3951 1132 4012 in
1150 3951 1258 4012 alium.

68 4055 305 4126 Robustiores
327 4064 433 4118 autem
465 4057 702 4139 praecedebant
725 4064 758 4116 et
779 4055 991 4137 sequentibus
1013 4069 1129 4115 manus
1150 4052 1258 4135 porri-

64 4163 211 4254 gebrant
232 4161 345 4240 sicque
367 4179 424 4222 eos
446 4179 573 4223 sursum
605 4160 795 4240 trabebant,
828 4173 890 4218 neo
918 4156 1102 4220 valuissent
1122 4155 1167 4217 ibi
1190 4154 1259 4216 for-

66 4260 242 4338 midulosi
260 4270 293 4324 et
313 4266 505 4346 vertiginosi
526 4265 682 4327 homines.
726 4262 802 4324 Non
824 4267 930 4323 antem
950 4258 1158 4324 ascendimus
1179 4275 1259 4322 suc-

67 4367 226 4444 cessive
246 4383 330 4430 unns
346 4377 420 4450 post
441 4368 548 4452 alium,
568 4369 627 4431 sed
649 4365 785 4449 quilibet
805 4363 955 4427 ascendit
976 4367 1009 4428 in
1032 4364 1184 4446 proximo,
1196 4363 1259 4429 sibi

66 4485 171 4555 loco,
199 4471 255 4532 nbi
275 4472 338 4536 sibi
360 4472 540 4554 videbatur,
568 4469 654 4555 qnod
684 4469 784 4533 multa
802 4474 916 4558 essent
937 4467 1090 4532 tenacula
1111 4485 1261 4534 mannum

992 4568 1027 4628 30
1113 4597 1122 4612 .

1415 571 1418 684 ἱ
