2842 4882
196 443 283 530 quod
304 443 419 508 eodem
439 440 623 528 modomuo
643 460 741 526 nune,
762 444 814 508 rie
836 451 872 506 et
893 449 971 536 tuno
990 451 1197 508 vexaverunt
1216 446 1375 528 putr‘mrn

195 550 635 616 m1.nteeoeb.11.etiu
659 549 795 614 hebetur
814 548 855 611 de
876 550 936 613 eis

278 655 351 718 Hos
385 653 513 717 Aretes
544 654 654 716 nullus
680 673 739 718 rex
767 663 824 716 eut
852 653 1028 728 mouurrdm
1056 671 1211 736 umquem
1243 654 1373 721 donne

193 759 318 928 potua,
337 767 373 822 ut
393 757 472 824 dicit
491 758 654 822 Diodorus
674 759 830 822 Veterum
850 759 1066 822 Historiarum
1086 758 1159 822 Lib.
1182 761 1246 822 ΙΙΙ.
1271 780 1304 824 e.
1331 764 1370 828 tt

190 867 245 928 sie
300 866 433 949 quiens:
454 865 544 928 inter
563 863 693 947 Syrium
715 873 749 928 et
769 862 957 946 Aegyptum
978 863 1101 926 Ambio
1122 863 1284 948 desem,
1305 870 1369 930 ins-

192 987 312 1054 quose‚
343 969 377 1033 in
405 969 520 1052 pruets
548 967 658 1032 serens
688 968 828 1050 fruetus,
863 968 1000 1051 ideoque
1036 967 1219 1049 lutrooiniis
1254 973 1369 1034 vieinis

191 1074 345 1156 gentibus
366 1073 477 1136 infesti
507 1081 584 1136 snut
609 1083 707 1157 utque
728 1073 842 1136 invieti
863 1072 955 1136 bello.
1001 1070 1066 1150 Qui
1085 1073 1260 1156 regionem
1282 1079 1368 1159 oqu's

193 1184 358 1242 orreorum
383 1183 513 1260 tenent,
542 1186 658 1259 puteos
689 1175 845 1240 effodiunt
871 1178 994 1242 exteris
1021 1178 1172 1259 ignotos,
1207 1198 1301 1262 quse
1321 1199 1367 1244 rs

192 1282 331 1346 hostium
372 1283 515 1366 periente
553 1282 702 1366 depellit,
733 1301 807 1344 nuru
843 1284 900 1365 qui
930 1299 991 1346 eos
1019 1295 1286 1370 prosequuntur,
1318 1297 1364 1350 un

191 1398 339 1450 errantes
360 1389 415 1452 siti
436 1397 573 1471 pereunt
595 1389 730 1452 fontium
756 1389 903 1470 inscitie,
935 1396 993 1457 out
1014 1388 1070 1450 vix
1090 1387 1235 1453 redeunt
1259 1392 1363 1456 iubere

191 1490 372 1574 defetigati.
415 1493 575 1558 Obbane
600 1510 752 1556 mensem
779 1491 908 1555 Arabes
930 1509 969 1554 ee
989 1492 1061 1554 loos
1084 1485 1277 1560 incolentes
1297 1517 1360 1561 eu·

188 1595 274 1658 bello
297 1599 475 1680 expnguuri
496 1608 670 1682 nequeunt.
703 1599 822 1660 Libere
852 1597 968 1660 vivunt
997 1615 1103 1679 neque
1126 1598 1185 1660 ulli
1208 1620 1358 1686 umqum

189 1708 324 1763 externo
346 1702 435 1784 regi,
460 1721 525 1765 nou
546 1703 686 1786 Assyro,
708 1723 774 1766 non
793 1699 912 1784 Medo,
931 1719 995 1762 non
1019 1700 1140 1762 Persae
1160 1707 1358 1786 profuerunt,

188 1821 251 1866 nee
286 1805 500 1869 Meeedonum
536 1825 633 1891 reges
672 1825 730 1870 eos
768 1806 908 1870 subdere
946 1812 1111 1887 poterent,
1150 1817 1357 1890 quantumvis

188 1913 314 1993 mrgrris
339 1913 441 1994 eopiis
469 1912 611 1975 voluere.
653 1914 748 1976 Haeo
782 1911 846 1974 ilio.
882 1911 1150 1974 Pertranseuntes
1177 1915 1357 1982 karam

189 2019 298 2100 regies
319 2015 493 2094 invadunt,
516 2018 600 2081 sient
621 2000 782 2102 plebeius,
805 2016 882 2080 nulii
904 2003 1047 2097 pereunt.

271 2119 393 2185 Cuntre
413 2123 609 2188 nosAmbes
630 2125 728 2188 infert
738 2125 898 2186 Dominus
918 2137 1002 2184 onus
1022 2120 1099 2182 Est.
1122 2137 1151 2181 e.
1174 2122 1231 2186 21.
1256 2124 1357 2207 Saepe

188 2227 287 2289 etiem
310 2227 519 2310 egrediuntur
538 2226 702 2290 desertum
730 2228 864 2308 penurie
894 2243 1048 2306 eqourum
1070 2227 1196 2308 ooeeti,
1234 2238 1270 2292 et
1291 2249 1355 2292 ou·

70 2345 73 2354 ’
185 2328 301 2394 bestiis
326 2333 406 2416 suis,
428 2332 583 2395 uxoribus
604 2341 636 2394 et
657 2332 733 2395 filiis
753 2332 787 2392 in
813 2330 953 2412 aliquem
977 2329 1140 2412 regionem
1163 2333 1306 2396 veniunt
1329 2343 1357 2396 et

182 2431 277 2514 juxte
298 2454 401 2518 eques
422 2437 456 2499 in
477 2437 560 2502 loeis
590 2437 796 2520 pascualibus
822 2435 965 2498 tentorio
994 2434 1115 2518 figunt,
1147 2437 1357 2502 robemrmlr

185 2538 315 2618 erigunt
348 2548 380 2601 et
401 2541 444 2604 ibi
465 2541 499 2604 in
520 2542 750 2625 praejudicium
784 2539 959 2603 incolarum
991 2539 1111 2622 dogunt
1140 2547 1176 2602 et
1204 2545 1358 2606 animulis

187 2644 392 2706 occurrentia
423 2646 567 2730 rapiunt,
602 2665 664 2710 nee
695 2655 761 2727 est,
793 2646 848 2728 qui
870 2663 928 2707 eos
960 2644 1079 2708 undeet
1105 2650 1265 2730 iungere,
1295 2665 1358 2710 nee

186 2756 392 2812 revertuntur
425 2751 457 2812 in
492 2731 673 2832 desertum,
713 2751 775 2812 nisi
807 2750 923 2832 spoliis
957 2749 1092 2814 saturati
1127 2765 1202 2831 eum
1236 2751 1357 2834 proed·

183 2853 277 2936 gravi
300 2862 332 2916 et
354 2853 454 2917 multe
475 2855 613 2926 subluto.

269 2959 495 3042 ingrediuntur
517 2961 612 3025 etiem
639 2960 829 3042 Aegyptum
849 2960 934 3022 sient
955 2958 1038 3022 elius
1059 2967 1178 3039 terres,
1206 2976 1275 3022 non
1296 2960 1354 3022 ob-

182 3070 292 3126 stante
314 3083 392 3148 rege
419 3064 563 3129 Seldeno
585 3074 617 3128 et
649 3064 882 3145 Memnlueois,
913 3064 968 3147 qni
996 3073 1104 3128 tumen
1136 3080 1262 3144 mogun
1283 3063 1354 3126 odio

182 3184 240 3230 eos
266 3169 394 3234 hebent.
438 3169 589 3254 Undique
609 3168 677 3234 vidi
698 3189 756 3232 eor
777 3169 960 3252 dispersos,
982 3177 1049 3232 tom
1069 3171 1104 3230 in
1124 3167 1235 3250 Syrie,
1259 3186 1354 3252 qnam

181 3272 215 3332 in
236 3272 400 3359 Aegypto.
444 3273 501 3339 Sie
530 3284 563 3336 et
586 3294 644 3358 per
664 3284 792 3338 nostros
821 3275 971 3356 regiones
1001 3275 1112 3356 vegeti
1132 3281 1226 3354 snut,
1268 3273 1352 3336 sieut

178 3383 280 3458 potet.
308 3377 438 3442 Nullum
461 3388 616 3444 conentur
637 3397 754 3462 cepere
774 3376 951 3462 civitatem,
973 3397 1035 3440 neo
1055 3375 1223 3460 possidere
1245 3396 1353 3460 quou-

181 3477 255 3541 dom
276 3479 397 3564 vilium,
420 3485 569 3568 quemvis
590 3492 744 3566 possent3
767 3485 843 3566 quie
864 3484 986 3561 dieunt,
1009 3483 1095 3569 quod
1116 3482 1178 3564 ipsi
1199 3481 1266 3544 soli
1288 3484 1352 3545 sint

180 3581 254 3645 veri
282 3583 424 3671 nobiles,
456 3589 497 3652 de
517 3589 639 3673 praede
660 3598 692 3652 et
723 3608 787 3652 uun
819 3588 860 3655 de
888 3589 1051 3652 laboribus
1085 3589 1257 3668 viventes,
1291 3586 1351 3650 sub

179 3685 256 3750 divo
276 3689 310 3750 in
329 3694 455 3776 eampis
473 3701 505 3756 et
525 3692 621 3757 silvis
644 3693 816 3776 degenies:
839 3693 902 3757 boo
920 3711 995 3758 esse
1011 3693 1173 3776 proprium
1194 3691 1351 3754 nobilium

176 3802 240 3862 eto.
282 3793 378 3858 Hono
398 3798 580 3880 opinionem
603 3800 699 3861 etium
723 3799 843 3860 hebent
863 3796 988 3862 nobiles
1010 3797 1171 3880 sueviae,
1191 3799 1250 3882 qui
1274 3798 1350 3860 uui-

177 3897 243 3962 lnm
277 3899 318 3964 ud
341 3907 563 3966 torneamento
593 3903 765 3968 admittere
796 3902 910 3968 volunt
932 3904 965 3966 in
987 3904 1119 3966 eivitute
1140 3899 1349 3966 residentem.

178 4001 228 4068 Ob
250 4006 312 4071 hoe
333 4007 477 4092 Arabes,
500 4009 650 4090 quumvis
683 4009 748 4072 sint
769 4008 956 4090 miserrimi,
976 4017 1052 4072 snut
1084 4011 1190 4072 temen
1213 4007 1294 4071 eluti
1315 4017 1350 4071 et

52 4116 57 4126 ·
174 4107 215 4170 de
236 4111 385 4196 superbis
405 4114 545 4177 moribus
567 4123 599 4176 et
623 4131 742 4176 uxores
763 4132 872 4178 eornm
893 4117 1028 4195 urgento
1048 4121 1081 4174 et
1096 4129 1175 4174 suro
1194 4129 1236 4174 ue
1257 4111 1350 4194 lupi-

172 4213 267 4280 dibus
287 4217 438 4299 pretiosis
459 4226 535 4282 sunt
552 4227 684 4282 ornatae
704 4220 738 4282 in
755 4218 988 4282 sordidissimis
1004 4216 1152 4282 vestibus
1165 4199 1198 4278 et
1221 4220 1350 4300 turpis-

113 4365 116 4374 .
172 4318 264 4382 simis
293 4322 456 4404 vultibus,
487 4341 550 4386 nou
578 4323 662 4386 enim
690 4323 812 4388 hubent
839 4341 955 4406 uquam
983 4321 1026 4388 sd
1057 4319 1232 4386 lavandum
1255 4323 1349 4386 etin
