2948 4876
682 263 744 326 ist

130 448 307 512 adhaerent
328 451 456 508 mentes
476 441 534 508 alti
552 447 585 505 et
605 444 735 526 petrosi.
778 445 829 507 lto
845 450 953 508 autem
965 445 1203 528 snutpiooiuae
1224 444 1300 510 illae

132 560 330 633 exstructae,
351 548 437 634 quod
457 550 492 610 in
514 567 665 631 suprema
686 557 717 611 et
738 547 841 632 prima
867 549 1007 614 decurrit
1029 569 1121 636 aqua
1153 551 1231 616 viva
1266 559 1299 616 el

132 657 236 740 replet
263 674 344 718 eam.
399 656 443 718 nt
472 653 513 717 de
539 653 595 717 illa
616 653 686 717 fluit
716 670 801 736 aqua
821 652 855 714 in
888 653 1066 718 secundam
1086 657 1147 720 snb
1178 675 1235 741 ea,
1257 656 1299 719 de

1 788 2 817 t
132 761 276 828 acetruda
318 763 353 824 in
383 759 518 823 tertiam.
571 758 624 820 De
655 773 720 841 qua
747 745 984 846 consequenter
1015 768 1236 825 transcurrunt
1263 764 1298 824 in

1 869 2 872 ’
23 944 29 951 ¹
132 867 259 928 hortum
281 863 479 946 deliciarum,
502 871 614 946 siper
633 861 749 926 canale
771 861 812 924 de
833 861 946 924 eadem
969 864 1195 928 transmittitur
1215 883 1300 948 aqua

1 989 20 1034 ι·
132 971 290 1052 usquein
306 969 490 1032 Jerusalem
511 967 553 1030 ad
583 968 668 1031 letus
689 967 812 1050 templi,
835 965 892 1029 ubi
913 967 1070 1049 erumpit,
1100 967 1185 1030 sicut
1210 977 1300 1049 patet

132 1073 187 1136 iol.
209 1072 274 1137 227
292 1074 345 1135 A.·
377 1073 476 1156 Aqua
504 1091 599 1154 vero,
631 1089 715 1155 quae
740 1072 781 1134 de
812 1071 914 1134 hortis
932 1080 1169 1154 cousequenter
1190 1081 1300 1136 trans·

133 1178 202 1242 linit
224 1197 283 1262 per
301 1177 422 1240 vallem
443 1177 595 1258 civitatis,
619 1176 760 1239 decurrit
770 1177 804 1238 in
815 1174 1000 1258 Sodomam,
1021 1185 1125 1264 etper
1137 1175 1299 1240 desertura

109 1283 302 1364 ‘'l'hecuae,
330 1283 383 1344 cui
415 1281 567 1345 adhaeret
604 1287 717 1343 contra
750 1291 893 1344 austrum
931 1280 1092 1344 desertum
1112 1280 1299 1364 Machorou,

132 1389 165 1450 in
196 1405 259 1468 quo
292 1405 384 1448 mons
407 1385 580 1450 Carmelus
602 1389 671 1466 est,
700 1385 757 1466 qui
782 1381 849 1446 luit.
864 1387 1031 1467 possessio
1052 1386 1175 1469 Nabal,
1203 1406 1298 1470 quem

133 1489 250 1571 David,
273 1489 347 1553 dum
370 1505 459 1553 esset
479 1493 513 1554 in
526 1491 605 1574 luga
624 1506 645 1551 a
665 1488 750 1551 facia
763 1486 853 1572 Saul,
875 1492 982 1572 rogari
1004 1491 1091 1574 lecit,
1114 1501 1149 1554 ut
1159 1493 1300 1555 mitteret
1348 1542 1350 1546 .

132 1595 163 1656 ei
185 1593 228 1656 de
247 1613 330 1676 pene
356 1605 389 1658 et
409 1611 494 1679 aqua
518 1612 600 1676 suc,
633 1592 718 1676 quod
749 1592 804 1654 ille
826 1612 900 1658 oum
927 1596 1169 1661 contumeliosis
1189 1596 1299 1658 verbis

133 1698 322 1783 denegavit3
356 1710 486 1783 propter
516 1696 603 1783 quod
630 1697 738 1760 David
775 1708 954 1763 commotus
980 1701 1154 1765 insurrexit
1186 1707 1318 1762 contra>

130 1825 203 1870 eum
226 1815 258 1868 et
288 1805 475 1867 universam
497 1803 626 1868 domum
653 1802 748 1884 ejus,
781 1809 816 1864 et
843 1805 908 1866 nisi
929 1793 1061 1888 Abigall
1087 1823 1169 1868 uxor
1191 1803 1304 1866 Nabal·

130 1931 189 1994 pro
211 1931 250 1974 eo
272 1910 529 1990 intercessisset,
565 1909 671 1971 omnia
698 1908 900 1990 dissipasset,
934 1911 1019 1972 sicut
1048 1917 1138 1992 patet
1165 1910 1192 1971 1.
1212 1907 1298 1994 lleg,

130 2015 183 2084 at.
227 2013 418 2095 Superbos
450 2013 595 2094 piscinas
628 2015 662 2074 in
694 2015 843 2097 opposito
878 2007 996 2076 montis
1029 2013 1130 2077 latere
1157 2013 1298 2094 vidimus

133 2135 278 2204 paganos
296 2115 459 2180 fodientes
479 2124 511 2178 et
534 2116 720 2179 laborantes
740 2108 825 2180 ultra
839 2126 1012 2182 sexcentos
1034 2137 1091 2201 pro
1113 2116 1299 2179 inductione

48 2253 52 2260 ·
132 2241 288 2290 novarum
319 2239 474 2304 aquarum
498 2220 538 2283 ad
561 2221 712 2304 antiquas
732 2223 765 2282 in
787 2222 981 2291 Jerusalem.
1022 2225 1179 2285 Inventae
1205 2222 1299 2282 enim

131 2337 209 2394 sunt
231 2345 334 2411 aquae
355 2327 389 2388 in
411 2325 551 2388 desertis
572 2325 734 2388 montibus
756 2344 821 2387 non
840 2338 963 2391 remote
984 2331 1024 2391 ab
1045 2330 1171 2408 hlbron,
1202 2309 1299 2407 longe
1343 2392 1345 2396 .

133 2453 154 2498 a
191 2435 327 2516 piscinis
357 2431 461 2512 istis,¹
484 2447 567 2514 quas
595 2429 745 2494 dominus
777 2431 943 2497 Soldeuus
974 2442 1111 2497 conatur
1145 2431 1300 2496 inducere

133 2559 238 2624 usque
258 2539 291 2600 in
312 2534 495 2620 Jerusalem
515 2535 703 2618 ingentibus
735 2539 909 2621 arpensis,
931 2539 1098 2610 immensis
1125 2538 1299 2615 laboribus,

132 2645 245 2728 sagaci
266 2640 433 2722 industris,
455 2639 563 2702 multis
584 2641 724 2723 ingeniis
746 2649 780 2703 et
795 2631 1000 2709 *centannis
1020 2645 1154 2728 artibus,
1176 2662 1234 2726 par
1253 2649 1300 2706 tot

133 2749 287 2812 montium
301 2747 469 2810 ‘cavitates
484 2750 524 2807 ‘et
545 2746 670 2827 rupiam
692 2755 731 2809 a'c
760 2757 922 2829 petrarum
946 2748 1123 2812 incisiones
1145 2756 1177 2810 et
1198 2765 1299 2811 saxo-

133 2873 202 2917 rum
231 2835 466 2934 perforationes
502 2858 537 2911 et
567 2848 764 2931 dejectiones
798 2851 957 2933 lapidum,
986 2852 1026 2914 ad
1059 2854 1198 2935 spatium
1226 2860 1299 2914 octo

134 2957 313 3020 milliarium
345 2953 618 3040 alamannicorum
649 2955 813 3037 gurgitem
850 2953 993 3037 dirigens
1033 2973 1094 3039 per
1130 2956 1233 3019 saltus
1267 2963 1301 3016 et

133 3051 238 3124 olicus
267 3057 445 3122 secundum
484 3059 741 3140 proportionatae
771 3075 950 3122 mensuras.
1016 3059 1162 3143 Antiqua
1201 3060 1297 3120 etiam

133 3164 263 3229 candia
280 3165 412 3226 innovat
434 3172 466 3226 et
489 3161 667 3226 retinacula
699 3177 855 3246 aquarum
876 3163 1065 3246 pluvialium
1094 3163 1196 3226 multa
1222 3163 1300 3224 lacit

132 3279 165 3334 et
187 3286 301 3333 omnes
314 3268 435 3352 ⁴modos
455 3268 637 3352 excogitat,
659 3277 695 3332 ut
717 3268 835 3331 civitas
857 3278 971 3332 sancta
991 3269 1174 3346 Jerusalem
1196 3285 1299 3350 aquas

133 3378 270 3458 habeat,
301 3383 334 3436 et
364 3391 427 3436 nec
455 3374 610 3456 expensis
629 3365 701 3436 ‘nec
729 3372 892 3436 laboribus
920 3356 1043 3458 parcit,
1075 3377 1108 3439 in
1140 3394 1204 3459 qno
1232 3392 1298 3436 non

131 3481 258 3545 modica
275 3478 371 3542 laude
393 3477 524 3561 dignum
554 3495 593 3540 se
620 3479 700 3544 feeit
730 3497 788 3540 rex
809 3477 979 3542 Soldanus.
1023 3481 1108 3544 Nam
1136 3479 1297 3544 ¹Salomon

130 3585 322 3650 Ecclesiast.
344 3583 402 3646 lV.
433 3585 462 3646 4.
491 3581 626 3645 laudans
656 3601 754 3666 opera
775 3583 947 3666 magnilica
962 3583 1174 3666 gloriosorum
1206 3587 1298 3648 viro-

130 3709 198 3752 rum
221 3687 330 3752 leudat
350 3687 525 3750 Ezechiam
560 3691 670 3770 regem
693 3706 751 3772 pro
774 3707 823 3769 eo,
856 3687 941 3771 quod
964 3689 1048 3753 ferro
1078 3691 1158 3756 fodit
1186 3705 1296 3774 rupem

130 3803 167 3857 et
186 3795 313 3858 induxit
330 3795 373 3856 in·
385 3790 526 3854 medinm
546 3790 693 3856 civitatis
712 3791 895 3855 Jerusalem
919 3811 1046 3878 aquam,
1067 3806 1101 3860 et
1116 3797 1299 3860 aedificavit
1317 3819 1320 3824 ’

132 3893 174 3957 ad
195 3889 312 3978 aquam
337 3906 480 3978 puteum.
518 3895 609 3959 ldem
630 3899 683 3966 48.
725 3892 779 3958 De
799 3915 864 3981 quo
878 3898 984 3962 etiam
1005 3899 1153 3966 landatur
1170 3905 1200 3966 4.
1214 3901 1298 3985 lleg.

132 3996 205 4058 xx.
227 4001 303 4063 eti
322 4000 428 4063 Paral.
450 4000 506 4090 ss,
522 3999 607 4062 idem
630 4019 689 4065 rex
708 4002 879 4064 Ezechias.

160 4155 163 4160 .
214 4101 288 4165 Nec
318 4113 427 4167 tamen
461 4106 579 4169 similis
608 4105 668 4168 init
700 4105 791 4168 labor
810 4107 972 4192 lhceohiae
1004 4107 1107 4172 labori
1129 4093 1318 4172 Gathubee'

132 4202 276 4286 soldani,
299 4209 355 4289 qui
375 4227 440 4271 non
461 4209 565 4274 solum
587 4209 669 4273 fodit
691 4228 813 4292 rupem,
836 4220 871 4273 nt
886 4211 1019 4274 inducat
1032 4229 1135 4293 aquas
1150 4210 1299 4292 superio·

131 4309 176 4374 ris
205 4309 305 4374 fontis
337 4309 435 4394 Gyen
462 4315 497 4376 in
530 4315 713 4396 civitatem,
753 4312 814 4376 sed
847 4314 967 4378 scindit
995 4303 1123 4378 montes
1156 4308 1298 4393 alonge
1343 4319 1347 4327 '
1425 4303 1430 4312 '
