2954 4914
644 376 647 382 .
687 281 777 384 ιιι...

24 527 26 536 ’
133 501 222 584 rugis
243 507 311 582 ent,
332 507 366 562 et
385 500 516 564 vaeavit
538 513 612 567 ιιι
633 497 762 563 nubilio
782 515 844 562 sno
865 496 1195 572 Marcellumque,
1220 494 1307 558 fied·
1340 527 1344 536 -
1401 517 1404 522 ·

18 594 21 604 ’
132 623 202 671 non.
220 606 348 672 videtur
369 619 467 688 posse
486 612 591 686 stare,
611 603 689 685 quia
708 621 867 686 nusquam
889 601 1023 686 legitur,
1055 601 1176 665 vallem
1197 599 1300 670 dos*-

132 711 213 793 pbat
234 719 267 774 et
287 717 457 774 torrentem
480 707 610 773 Οιιιιιιι
632 708 735 770 titisse
753 710 948 777 minatum
972 706 1090 771 vollem
1119 707 1215 788 regis.
1246 698 1314 768 »Εἴ
1341 741 1346 750 ·

16 845 17 854 ι
131 815 294 896 Magister
324 817 358 894 ιιι
387 813 528 897 Speculo
560 812 730 879 Historiali
760 797 862 892 dicit,
905 811 1025 874 vallem
1053 804 1148 876 dium
1174 811 1299 874 duobus

130 918 248 998 stadiis
271 917 391 982 distare
412 938 432 982 a
450 918 646 991 Jerusalem.
675 917 749 980 Neo
770 918 883 981 titulus
904 915 960 979 ille
980 925 1033 979 est
1052 924 1191 998 erectus,
1213 916 1299 978 siem
1383 962 1387 970 .

126 1019 174 1086 de
195 1033 288 1107 petra
305 1010 458 1112 ‘excisum
479 1031 516 1086 ut
535 1007 635 1104 supra
654 1022 708 1085 fol.
733 1021 799 1086 tes
813 1023 851 1084 11.
893 1006 960 1092 Sed
982 1020 1095 1084 titulus
1120 1019 1301 1083 Absalonis
1371 1058 1374 1067 «
1403 1071 1406 1076 .

128 1127 194 1210 fuit
215 1125 1085 1211 lapis.politus„marmor„(28412}ereetus.„,Hle
1116 1143 1194 1208 ergo
1214 1123 1297 1223 uisls
1403 1187 1407 1194 ,

16 1237 17 1240 ’
127 1234 326 1316 pertransivi
347 1241 521 1314 torrentem
550 1231 696 1313 Cedron,
725 1229 758 1295 et
778 1234 812 1294 ln
834 1237 975 1294 montem
1006 1228 1098 1312 Syon
1130 1229 1296 1313 adscendi,

16 1373 18 1384 ·
121 1345 162 1422 et
186 1336 305 1418 sudore
335 1337 457 1420 plenem,
470 1348 506 1402 et
538 1337 677 1401 calore
667 1353 835 1412 incensus·
851 1332 892 1398 ad
924 1333 1092 1417 prandium
1123 1338 1212 1408 ueni.
1254 1335 1298 1399 tlt

126 1443 306 1524 mirabatur
339 1451 432 1526 pater
468 1437 676 1510 eorumne
689 1437 722 1504 ιι
756 1441 892 1525 fratres,
918 1435 1106 1510 eumentes
1139 1459 1194 1528 me
1225 1441 1298 1504 siue

29 1537 32 1545 ’
128 1546 285 1614 molestia
303 1549 385 1611 ιιιι
408 1548 479 1631 loca
498 1547 738 1646 perlustrasse

202 1649 342 1715 botana
358 1651 420 1717 die
441 1661 516 1715 ante
537 1653 641 1714 lucem
664 1648 820 1712 descendi
853 1667 927 1714 oum
955 1651 1108 1714 tratribus
1135 1558 1296 1733 aliquibus

124 1751 171 1816 ed
192 1773 327 1837 specum
349 1759 486 1840 agoniae
508 1755 646 1838 christi,
670 1754 714 1818 de.
733 1773 797 1838 qno
819 1753 885 1818 dixi
906 1754 960 1817 fol.
985 1753 1208 1837 144.,ιι11ι1,
1221 1757 1298 1838 quia

128 1868 227 1924 sexte
252 1861 340 1924 teria
365 1871 451 1944 erat,
480 1861 605 1926 Missas
632 1860 674 1923 de
704 1861 859 1944 passione
888 1860 1018 1923 Domini
1051 1860 1296 1942 celebravimus,

18 2023 19 2036 ,
129 1965 249 2058 quibus¹
279 1965 379 2028 linitis
413 1969 473 2029 in
469 1964 659 2030 Galilaeam
694 1983 823 2030 sursum
860 1965 1075 2028 ascendimus.
1125 1963 1226 2028 l‘orrd
1255 1963 1298 2030 all

18 2044 20 2168 ἰ
128 2077 255 2151 partem
279 2055 495 2153 aquilonarem
505 2068 673 2134 uomere
694 2073 811 2135 montis
832 2073 888 2132 est
907 2087 1000 2133 mons
1021 2069 1177 2152 eminens,
1194 2068 1297 2132 inter-

127 2171 217 2256 jecto
238 2174 354 2254 grandi
380 2175 566 2258 mtervallo,
599 2184 735 2263 quatuor
756 2174 873 2238 stadiis
905 2173 1128 2237 aJerusalem
1160 2172 1297 2256 dietam,
1376 2249 1380 2259 Ι
1420 2185 1425 2198 ·
1459 2229 1461 2264 ἶ

18 2335 20 2346 Α
128 2277 163 2338 ιιι
185 2295 249 2359 quo
270 2271 423 2342 Salomon
445 2278 629 2367 aedificarit
650 2279 812 2362 templum·
836 2279 996 2374 Chamos,
1027 2277 1113 2351 idolo
1133 2277 1311 2340 Moabita-

130 2401 215 2465 rum,
249 2386 335 2446 etin
368 2383 481 2448 eodem
518 2385 588 2450 loco
620 2393 765 2467 tempore
796 2382 1064 2448 Maccahaeorum
1092 2382 1297 2446 aedificatum

106 2541 108 2546 .
129 2486 192 2565 luit
211 2497 351 2552 oestrum
372 2489 469 2574 forte,
484 2488 525 2552 de
546 2503 609 2572 quo
625 2491 808 2554 Jerusalem
828 2491 945 2553 civitas
966 2499 1109 2570 tempore
1132 2488 1297 2570 regiminis
1312 2502 1318 2554 ζ
1407 2475 1426 2536 '-

130 2587 326 2661 ammom
348 2591 380 2659 et
393 2593 610 2672 Romanorum
623 2584 694 2658 tuit
714 2595 848 2658 multum
871 2595 1028 2658 tribulata.
1052 2592 1321 2677 Consequenter.
1349 2583 1351 2588 ’

129 2695 169 2756 ab
190 2695 337 2778 illelom
359 2697 597 2783 descendimus,
614 2714 678 2771 run
701 2699 829 2783 quidem
852 2699 973 2778 directe
990 2707 1103 2766 contra
1119 2701 1296 2782 civitatem,

128 2799 187 2862 sed
207 2813 331 2882 eontra
352 2805 553 2888 aquilonem,
583 2806 637 2867 ubi
658 2806 829 2868 venimus!
842 2806 876 2867 in
895 2801 1012 2869 vallem
1029 2806 1117 2867 'satis
1147 2803 1296 2886 fertilem,
1348 2884 1352 2892 ¹

24 2963 28 2972 ,
128 2904 301 2995 arboribus
327 2911 504 2992 consitam,
535 2928 595 2992 per
626 2927 721 2997 qnam
745 2916 796 2972 est
817 2911 873 2973 via
900 2910 1050 2994 euntibus
1072 2925 1092 2970 a
1112 2906 1296 2993 Jerusalem

70 3024 72 3028 ¹
130 3006 164 3066 in
183 3007 365 3096 Nazareth,
399 3015 462 3074 et
451 3032 486 3074 ιιι
499 3028 672 3094 processu
686 3015 847 3113 venitur
837 3035 870 3078 ιιι
884 3013 1064 3097 vistlam,
1055 3031 1088 3074 ur
1116 3029 1180 3095 qua
1200 2985 1297 3076 buta

133 3101 235 3193 Virgo
257 3120 288 3175 et
308 3057 432 3198 Joseplr
450 3111 665 3206 ¹requirebnnt
685 3107 820 3200 puerum
841 3121 971 3198 Jesnm
981 3119 1073 3178 inter
1086 3111 1242 3198 cognatus
1263 3123 1297 3177 et

116 3225 240 3300 notos,
263 3227 296 3281 et
316 3239 438 3284 eonon
459 3221 610 3303 rnvento,
637 3227 776 3307 regressi
798 3234 875 3288 sunt
897 3225 929 3285 iu
951 3220 1151 3312 Jerusalem,
1173 3226 1213 3282 ut·
1230 3219 1294 3282 ba-
1349 3289 1352 3296 ,

129 3320 221 3384 betur
255 3321 367 3388 Lucae
391 3327 433 3404 11.
465 3327 515 3388 lu
548 3327 610 3389 hac
624 3327 735 3397 ratu
751 3331 902 3415 uenimus
933 3329 966 3390 in
986 3304 1107 3389 locum
1120 3327 1295 3387 ruinarum

23 3492 27 3500 .
128 3423 345 3514 tuliqumm',
370 3432 425 3493 ubi
457 3430 617 3513 quondam
648 3432 764 3497 dieitur
796 3435 930 3498 stetisse
951 3432 1031 3495 villa
1058 3431 1218 3512 Anathot,
1253 3428 1295 3492 de

127 3546 190 3610 qua
198 3532 358 3598 Jeremias
375 3531 536 3620 propheta
557 3537 617 3600 fuit
638 3537 813 3622 oriundus,
820 3537 875 3622 qui
895 3537 930 3598 in
950 3544 1044 3599 utero
1053 3533 1294 3619 sanctificatus,

67 3720 70 3728 1
127 3631 166 3696 de
186 3638 377 3703 sacerdotali
397 3643 526 3720 semiue
537 3649 658 3732 natm,
689 3661 770 3723 puer
791 3659 928 3734 exorsus
950 3649 1003 3704 est
1025 3641 1239 3722 prophetare,
1261 3650 1295 3704 et

126 3739 367 3820 subversionem
388 3743 576 3809 Jemrsalem
605 3745 787 3835 praedixit
806 3755 857 3808 et·
856 3745 951 3814 utut
983 3746 1103 3827 oeulis,
1133 3755 1169 3810 ut
1196 3746 1306 3808 habet·
1374 3819 1377 3826 Ι

43 3833 48 3840 ’
124 3843 371 3930 Hieronymus
360 3867 414 3912 nn
408 3845 557 3940 prologo
589 3857 687 3932 snper
706 3852 891 3914 Jeremirm.
930 3818 1033 3912 l'orro
1055 3850 1140 3912 idem
1171 3839 1296 3913 Hiero-

124 3963 237 4028 nymus
258 3956 402 4018 nominat
431 3954 542 4016 villam
562 3953 652 4016 illam
671 3955 844 4037 Arabatb,
866 3952 907 4016 de
935 3954 1098 4018 distantiis
1137 3954 1292 4034 locorum,
1358 3993 1361 4000 -

124 4039 248 4137 dicens,
264 4058 382 4140 ipsum
402 4057 551 4120 viculum
566 4044 769 4122 sacerdotum
793 4060 906 4122 lmese.
929 4061 995 4150 Per
1015 4055 1186 4152 circuitum
1208 4057 1293 4118 enim

122 4149 317 4226 Jerusalem
328 4161 541 4247 possidebant
572 4161 778 4242 sacerdotes
793 4163 924 4228 viculos
953 4173 1011 4230 et.
1014 4162 1185 4250 praedia,
1206 4155 1294 4222 unde
1341 4217 1346 4225 ,
1386 4215 1389 4222 ,
1443 4141 1461 4220 J

112 4253 323 4329 -Getlrsamirt
352 4275 388 4329 er
402 4257 602 4349 nertphoge
630 4275 664 4328 er
684 4260 780 4341 nube
806 4277 840 4332 et
867 4269 1010 4334 Another
1043 4271 1173 4334 tuemur
1193 4261 1317 4326 vionti

122 4367 322 4442 medorum
336 4415 346 4455 ‚
360 4371 544 4453 inquibus
565 4363 752 4434 nutriebant
782 4391 903 4456 peoora
933 4375 1046 4439 oblata·
1067 4369 1128 4457 pr'e
1146 4365 1294 4453 primitiis
1352 4459 1357 4469 Ι
