<?xml version="1.0" encoding="UTF-8"?>
<!DOCTYPE html PUBLIC "-//W3C//DTD XHTML 1.0 Transitional//EN"
    "http://www.w3.org/TR/xhtml1/DTD/xhtml1-transitional.dtd">
<html xmlns="http://www.w3.org/1999/xhtml" xml:lang="en" lang="en">
 <head>
  <title>
</title>
<meta http-equiv="Content-Type" content="text/html;charset=utf-8" />
  <meta name='ocr-system' content='tesseract 3.04.00' />
  <meta name='ocr-capabilities' content='ocr_page ocr_carea ocr_par ocr_line ocrx_word'/>
</head>
<body>
  <div class='ocr_page' id='page_1' title='image "./fratrisfelicisf02fabrgoog_0191.png"; bbox 0 0 2954 4914; ppageno 0'>
   <div class='ocr_carea' id='block_1_1' title="bbox 667 251 805 327">
    <p class='ocr_par' dir='ltr' id='par_1_1' title="bbox 667 251 805 327">
     <span class='ocr_line' id='line_1_1' title="bbox 667 251 805 327; baseline 0.014 -11"><span class='ocrx_word' id='word_1_1' title='bbox 667 251 805 327; x_wconf 57' lang='lat' dir='ltr'>,lffl</span> 
     </span>
    </p>
   </div>
   <div class='ocr_carea' id='block_1_2' title="bbox 144 429 1469 4390">
    <p class='ocr_par' dir='ltr' id='par_1_2' title="bbox 144 429 1469 4390">
     <span class='ocr_line' id='line_1_2' title="bbox 191 429 1387 514; baseline -0.005 -12"><span class='ocrx_word' id='word_1_2' title='bbox 191 451 305 502; x_wconf 79' lang='lat' dir='ltr'>mus</span> <span class='ocrx_word' id='word_1_3' title='bbox 334 433 512 498; x_wconf 68' lang='lat' dir='ltr'>sacristiam</span> <span class='ocrx_word' id='word_1_4' title='bbox 549 433 681 499; x_wconf 84' lang='lat' dir='ltr'>tratrem</span> <span class='ocrx_word' id='word_1_5' title='bbox 718 443 750 495; x_wconf 90' lang='lat' dir='ltr'>et</span> <span class='ocrx_word' id='word_1_6' title='bbox 784 433 860 496; x_wconf 89' lang='lat' dir='ltr'>inde</span> <span class='ocrx_word' id='word_1_7' title='bbox 887 433 1019 502; x_wconf 81' lang='lat' dir='ltr'>tulimus</span> <span class='ocrx_word' id='word_1_8' title='bbox 1048 432 1222 496; x_wconf 71' lang='lat' dir='ltr'>linteamen</span> <span class='ocrx_word' id='word_1_9' title='bbox 1256 429 1387 514; x_wconf 86' lang='lat' dir='ltr'>latum,</span> 
     </span>
     <span class='ocr_line' id='line_1_3' title="bbox 191 536 1386 625; baseline -0.003 -21"><span class='ocrx_word' id='word_1_10' title='bbox 191 537 278 625; x_wconf 84' lang='lat' dir='ltr'>qued</span> <span class='ocrx_word' id='word_1_11' title='bbox 297 537 516 621; x_wconf 87' lang='lat' dir='ltr'>eportavimns</span> <span class='ocrx_word' id='word_1_12' title='bbox 548 537 590 602; x_wconf 84' lang='lat' dir='ltr'>ad</span> <span class='ocrx_word' id='word_1_13' title='bbox 611 536 718 602; x_wconf 92' lang='lat' dir='ltr'>locnru</span> <span class='ocrx_word' id='word_1_14' title='bbox 744 539 946 620; x_wconf 74' lang='lat' dir='ltr'>migrationis</span> <span class='ocrx_word' id='word_1_15' title='bbox 969 539 1086 602; x_wconf 86' lang='lat' dir='ltr'>beatae</span> <span class='ocrx_word' id='word_1_16' title='bbox 1114 537 1274 620; x_wconf 74' lang='lat' dir='ltr'>Virginis.</span> <span class='ocrx_word' id='word_1_17' title='bbox 1319 539 1386 601; x_wconf 80' lang='lat' dir='ltr'>De</span> 
     </span>
     <span class='ocr_line' id='line_1_4' title="bbox 191 641 1381 729; baseline -0.002 -21"><span class='ocrx_word' id='word_1_18' title='bbox 191 663 257 729; x_wconf 83' lang='lat' dir='ltr'>quc</span> <span class='ocrx_word' id='word_1_19' title='bbox 277 641 352 706; x_wconf 89' lang='lat' dir='ltr'>loce</span> <span class='ocrx_word' id='word_1_20' title='bbox 373 643 476 706; x_wconf 89' lang='lat' dir='ltr'>habes</span> <span class='ocrx_word' id='word_1_21' title='bbox 497 642 574 707; x_wconf 82' lang='lat' dir='ltr'>folio</span> <span class='ocrx_word' id='word_1_22' title='bbox 596 643 668 708; x_wconf 77' lang='lat' dir='ltr'>tnti.</span> <span class='ocrx_word' id='word_1_23' title='bbox 681 643 717 705; x_wconf 88' lang='lat' dir='ltr'>B.</span> <span class='ocrx_word' id='word_1_24' title='bbox 739 645 813 706; x_wconf 85' lang='lat' dir='ltr'>Hoc</span> <span class='ocrx_word' id='word_1_25' title='bbox 833 643 1007 706; x_wconf 73' lang='lat' dir='ltr'>linteamen</span> <span class='ocrx_word' id='word_1_26' title='bbox 1030 661 1132 726; x_wconf 86' lang='lat' dir='ltr'>snper·</span> <span class='ocrx_word' id='word_1_27' title='bbox 1148 643 1239 706; x_wconf 88' lang='lat' dir='ltr'>illum</span> <span class='ocrx_word' id='word_1_28' title='bbox 1261 643 1381 706; x_wconf 88' lang='lat' dir='ltr'>locum</span> 
     </span>
     <span class='ocr_line' id='line_1_5' title="bbox 193 747 1380 831; baseline -0.003 -17"><span class='ocrx_word' id='word_1_29' title='bbox 193 747 399 814; x_wconf 73' lang='lat' dir='ltr'>extendimus</span> <span class='ocrx_word' id='word_1_30' title='bbox 433 749 467 812; x_wconf 88' lang='lat' dir='ltr'>in</span> <span class='ocrx_word' id='word_1_31' title='bbox 498 747 627 812; x_wconf 88' lang='lat' dir='ltr'>modurn</span> <span class='ocrx_word' id='word_1_32' title='bbox 663 748 794 810; x_wconf 88' lang='lat' dir='ltr'>tentorii</span> <span class='ocrx_word' id='word_1_33' title='bbox 825 748 1059 812; x_wconf 73' lang='lat' dir='ltr'>sustentaculis</span> <span class='ocrx_word' id='word_1_34' title='bbox 1090 757 1125 811; x_wconf 81' lang='lat' dir='ltr'>el</span> <span class='ocrx_word' id='word_1_35' title='bbox 1155 748 1310 831; x_wconf 84' lang='lat' dir='ltr'>funibus,</span> <span class='ocrx_word' id='word_1_36' title='bbox 1342 757 1380 810; x_wconf 86' lang='lat' dir='ltr'>et</span> 
     </span>
     <span class='ocr_line' id='line_1_6' title="bbox 192 851 1380 938; baseline -0.003 -18"><span class='ocrx_word' id='word_1_37' title='bbox 192 855 341 938; x_wconf 86' lang='lat' dir='ltr'>tapeclas</span> <span class='ocrx_word' id='word_1_38' title='bbox 362 853 434 916; x_wconf 88' lang='lat' dir='ltr'>loca</span> <span class='ocrx_word' id='word_1_39' title='bbox 455 853 613 936; x_wconf 82' lang='lat' dir='ltr'>parietum</span> <span class='ocrx_word' id='word_1_40' title='bbox 643 852 917 916; x_wconf 87' lang='lat' dir='ltr'>circumduximus</span> <span class='ocrx_word' id='word_1_41' title='bbox 955 862 988 915; x_wconf 90' lang='lat' dir='ltr'>et</span> <span class='ocrx_word' id='word_1_42' title='bbox 1019 851 1177 934; x_wconf 87' lang='lat' dir='ltr'>capellam</span> <span class='ocrx_word' id='word_1_43' title='bbox 1198 852 1380 932; x_wconf 86' lang='lat' dir='ltr'>pulchram</span> 
     </span>
     <span class='ocr_line' id='line_1_7' title="bbox 192 957 1469 1041; baseline -0.006 -15"><span class='ocrx_word' id='word_1_44' title='bbox 192 959 339 1026; x_wconf 77' lang='lat' dir='ltr'>lecimus.</span> <span class='ocrx_word' id='word_1_45' title='bbox 376 957 493 1020; x_wconf 83' lang='lat' dir='ltr'>Altare</span> <span class='ocrx_word' id='word_1_46' title='bbox 516 965 634 1040; x_wconf 89' lang='lat' dir='ltr'>antem,</span> <span class='ocrx_word' id='word_1_47' title='bbox 657 957 741 1041; x_wconf 86' lang='lat' dir='ltr'>qued</span> <span class='ocrx_word' id='word_1_48' title='bbox 764 960 798 1021; x_wconf 91' lang='lat' dir='ltr'>in</span> <span class='ocrx_word' id='word_1_49' title='bbox 819 958 891 1022; x_wconf 87' lang='lat' dir='ltr'>loco</span> <span class='ocrx_word' id='word_1_50' title='bbox 913 965 977 1036; x_wconf 87' lang='lat' dir='ltr'>est,</span> <span class='ocrx_word' id='word_1_51' title='bbox 998 957 1190 1019; x_wconf 78' lang='lat' dir='ltr'>vestivimus</span> <span class='ocrx_word' id='word_1_52' title='bbox 1212 958 1378 1037; x_wconf 81' lang='lat' dir='ltr'>pretiosis</span> <span class='ocrx_word' id='word_1_53' title='bbox 1468 1011 1469 1026; x_wconf 68' lang='grc'>,</span> 
     </span>
     <span class='ocr_line' id='line_1_8' title="bbox 192 1058 1375 1144; baseline -0.003 -15"><span class='ocrx_word' id='word_1_54' title='bbox 192 1073 226 1130; x_wconf 88' lang='lat' dir='ltr'>et</span> <span class='ocrx_word' id='word_1_55' title='bbox 258 1065 448 1128; x_wconf 90' lang='lat' dir='ltr'>ornavimus</span> <span class='ocrx_word' id='word_1_56' title='bbox 485 1060 624 1144; x_wconf 78' lang='lat' dir='ltr'>depictis</span> <span class='ocrx_word' id='word_1_57' title='bbox 666 1064 787 1128; x_wconf 87' lang='lat' dir='ltr'>tabulis</span> <span class='ocrx_word' id='word_1_58' title='bbox 820 1073 854 1126; x_wconf 87' lang='lat' dir='ltr'>et</span> <span class='ocrx_word' id='word_1_59' title='bbox 886 1061 1102 1144; x_wconf 74' lang='lat' dir='ltr'>imaginibus</span> <span class='ocrx_word' id='word_1_60' title='bbox 1125 1058 1235 1140; x_wconf 72' lang='lat' dir='ltr'>(m</span> <span class='ocrx_word' id='word_1_61' title='bbox 1247 1060 1305 1139; x_wconf 71' lang='lat' dir='ltr'>A)</span> <span class='ocrx_word' id='word_1_62' title='bbox 1339 1073 1375 1126; x_wconf 90' lang='lat' dir='ltr'>et</span> 
     </span>
     <span class='ocr_line' id='line_1_9' title="bbox 189 1165 1375 1248; baseline -0.004 -13"><span class='ocrx_word' id='word_1_63' title='bbox 189 1168 416 1234; x_wconf 76' lang='lat' dir='ltr'>monstrandis</span> <span class='ocrx_word' id='word_1_64' title='bbox 455 1175 489 1228; x_wconf 92' lang='lat' dir='ltr'>et</span> <span class='ocrx_word' id='word_1_65' title='bbox 519 1165 722 1234; x_wconf 73' lang='lat' dir='ltr'>candelabris</span> <span class='ocrx_word' id='word_1_66' title='bbox 760 1186 834 1230; x_wconf 89' lang='lat' dir='ltr'>cnm</span> <span class='ocrx_word' id='word_1_67' title='bbox 873 1165 979 1231; x_wconf 83' lang='lat' dir='ltr'>cereis</span> <span class='ocrx_word' id='word_1_68' title='bbox 1009 1166 1134 1248; x_wconf 88' lang='lat' dir='ltr'>positis.</span> <span class='ocrx_word' id='word_1_69' title='bbox 1187 1166 1375 1230; x_wconf 85' lang='lat' dir='ltr'>Attulimus</span> 
     </span>
     <span class='ocr_line' id='line_1_10' title="bbox 192 1269 1372 1356; baseline -0.003 -18"><span class='ocrx_word' id='word_1_70' title='bbox 192 1275 289 1338; x_wconf 86' lang='lat' dir='ltr'>etiarn</span> <span class='ocrx_word' id='word_1_71' title='bbox 310 1289 417 1334; x_wconf 82' lang='lat' dir='ltr'>earnes</span> <span class='ocrx_word' id='word_1_72' title='bbox 439 1270 598 1336; x_wconf 73' lang='lat' dir='ltr'>frondium</span> <span class='ocrx_word' id='word_1_73' title='bbox 620 1269 661 1335; x_wconf 91' lang='lat' dir='ltr'>de</span> <span class='ocrx_word' id='word_1_74' title='bbox 681 1271 832 1335; x_wconf 83' lang='lat' dir='ltr'>oliviset</span> <span class='ocrx_word' id='word_1_75' title='bbox 852 1273 978 1356; x_wconf 89' lang='lat' dir='ltr'>palmis,</span> <span class='ocrx_word' id='word_1_76' title='bbox 996 1280 1029 1334; x_wconf 88' lang='lat' dir='ltr'>et</span> <span class='ocrx_word' id='word_1_77' title='bbox 1049 1270 1196 1353; x_wconf 83' lang='lat' dir='ltr'>gramine</span> <span class='ocrx_word' id='word_1_78' title='bbox 1210 1271 1372 1335; x_wconf 80' lang='lat' dir='ltr'>aeliotes</span> 
     </span>
     <span class='ocr_line' id='line_1_11' title="bbox 193 1373 1368 1460; baseline -0.002 -20"><span class='ocrx_word' id='word_1_79' title='bbox 193 1377 374 1460; x_wconf 84' lang='lat' dir='ltr'>sparsimus</span> <span class='ocrx_word' id='word_1_80' title='bbox 411 1384 443 1438; x_wconf 89' lang='lat' dir='ltr'>et</span> <span class='ocrx_word' id='word_1_81' title='bbox 475 1385 622 1438; x_wconf 87' lang='lat' dir='ltr'>ornatum</span> <span class='ocrx_word' id='word_1_82' title='bbox 655 1376 761 1440; x_wconf 89' lang='lat' dir='ltr'>lucum</span> <span class='ocrx_word' id='word_1_83' title='bbox 784 1376 928 1439; x_wconf 87' lang='lat' dir='ltr'>divinum</span> <span class='ocrx_word' id='word_1_84' title='bbox 959 1377 1106 1443; x_wconf 83' lang='lat' dir='ltr'>lecimus.</span> <span class='ocrx_word' id='word_1_85' title='bbox 1149 1373 1368 1441; x_wconf 67' lang='lat' dir='ltr'>(lamentam</span> 
     </span>
     <span class='ocr_line' id='line_1_12' title="bbox 192 1478 1364 1565; baseline -0.003 -19"><span class='ocrx_word' id='word_1_86' title='bbox 192 1499 333 1565; x_wconf 90' lang='lat' dir='ltr'>vespera</span> <span class='ocrx_word' id='word_1_87' title='bbox 353 1479 504 1563; x_wconf 82' lang='lat' dir='ltr'>adesset,</span> <span class='ocrx_word' id='word_1_88' title='bbox 536 1479 638 1544; x_wconf 89' lang='lat' dir='ltr'>induit</span> <span class='ocrx_word' id='word_1_89' title='bbox 659 1497 697 1542; x_wconf 91' lang='lat' dir='ltr'>se</span> <span class='ocrx_word' id='word_1_90' title='bbox 725 1491 818 1563; x_wconf 84' lang='lat' dir='ltr'>pater</span> <span class='ocrx_word' id='word_1_91' title='bbox 851 1478 1036 1544; x_wconf 84' lang='lat' dir='ltr'>Gordianus</span> <span class='ocrx_word' id='word_1_92' title='bbox 1068 1487 1172 1562; x_wconf 87' lang='lat' dir='ltr'>cappa</span> <span class='ocrx_word' id='word_1_93' title='bbox 1203 1483 1364 1562; x_wconf 88' lang='lat' dir='ltr'>pretiosa,</span> 
     </span>
     <span class='ocr_line' id='line_1_13' title="bbox 192 1583 1369 1668; baseline -0.002 -18"><span class='ocrx_word' id='word_1_94' title='bbox 192 1595 225 1650; x_wconf 89' lang='lat' dir='ltr'>et</span> <span class='ocrx_word' id='word_1_95' title='bbox 259 1594 425 1668; x_wconf 88' lang='lat' dir='ltr'>cantores,</span> <span class='ocrx_word' id='word_1_96' title='bbox 463 1586 710 1667; x_wconf 73' lang='lat' dir='ltr'>crucifendus,</span> <span class='ocrx_word' id='word_1_97' title='bbox 741 1584 970 1650; x_wconf 90' lang='lat' dir='ltr'>thuribularins</span> <span class='ocrx_word' id='word_1_98' title='bbox 1014 1594 1047 1648; x_wconf 86' lang='lat' dir='ltr'>et</span> <span class='ocrx_word' id='word_1_99' title='bbox 1076 1583 1215 1647; x_wconf 83' lang='lat' dir='ltr'>acoluthi</span> <span class='ocrx_word' id='word_1_100' title='bbox 1259 1587 1369 1648; x_wconf 81' lang='lat' dir='ltr'>saeris</span> 
     </span>
     <span class='ocr_line' id='line_1_14' title="bbox 193 1677 1370 1772; baseline -0.004 -16"><span class='ocrx_word' id='word_1_101' title='bbox 193 1691 298 1756; x_wconf 91' lang='lat' dir='ltr'>induti</span> <span class='ocrx_word' id='word_1_102' title='bbox 336 1691 466 1754; x_wconf 88' lang='lat' dir='ltr'>stabant</span> <span class='ocrx_word' id='word_1_103' title='bbox 499 1691 531 1753; x_wconf 91' lang='lat' dir='ltr'>in</span> <span class='ocrx_word' id='word_1_104' title='bbox 553 1690 696 1752; x_wconf 89' lang='lat' dir='ltr'>ecclesia</span> <span class='ocrx_word' id='word_1_105' title='bbox 729 1689 880 1769; x_wconf 76' lang='lat' dir='ltr'>fratrum,</span> <span class='ocrx_word' id='word_1_106' title='bbox 914 1677 949 1752; x_wconf 72' lang='lat' dir='ltr'>et&#39;</span> <span class='ocrx_word' id='word_1_107' title='bbox 979 1691 1100 1772; x_wconf 89' lang='lat' dir='ltr'>peratis</span> <span class='ocrx_word' id='word_1_108' title='bbox 1123 1690 1271 1752; x_wconf 90' lang='lat' dir='ltr'>omuibus</span> <span class='ocrx_word' id='word_1_109' title='bbox 1293 1709 1370 1752; x_wconf 89' lang='lat' dir='ltr'>cum</span> 
     </span>
     <span class='ocr_line' id='line_1_15' title="bbox 194 1793 1369 1878; baseline -0.004 -18"><span class='ocrx_word' id='word_1_110' title='bbox 194 1798 332 1860; x_wconf 88' lang='lat' dir='ltr'>solemni</span> <span class='ocrx_word' id='word_1_111' title='bbox 358 1805 514 1878; x_wconf 87' lang='lat' dir='ltr'>apparatu</span> <span class='ocrx_word' id='word_1_112' title='bbox 535 1794 678 1858; x_wconf 84' lang='lat' dir='ltr'>ordinata</span> <span class='ocrx_word' id='word_1_113' title='bbox 701 1795 910 1877; x_wconf 90' lang='lat' dir='ltr'>processione</span> <span class='ocrx_word' id='word_1_114' title='bbox 931 1795 1139 1868; x_wconf 83' lang='lat' dir='ltr'>transivimus</span> <span class='ocrx_word' id='word_1_115' title='bbox 1165 1793 1369 1856; x_wconf 89' lang='lat' dir='ltr'>deecclesia</span> 
     </span>
     <span class='ocr_line' id='line_1_16' title="bbox 195 1898 1368 1984; baseline -0.005 -18"><span class='ocrx_word' id='word_1_116' title='bbox 195 1901 288 1984; x_wconf 85' lang='lat' dir='ltr'>Syen</span> <span class='ocrx_word' id='word_1_117' title='bbox 311 1901 352 1964; x_wconf 94' lang='lat' dir='ltr'>ad</span> <span class='ocrx_word' id='word_1_118' title='bbox 374 1901 478 1964; x_wconf 90' lang='lat' dir='ltr'>locum</span> <span class='ocrx_word' id='word_1_119' title='bbox 503 1901 702 1982; x_wconf 82' lang='lat' dir='ltr'>migrationis</span> <span class='ocrx_word' id='word_1_120' title='bbox 720 1901 835 1961; x_wconf 90' lang='lat' dir='ltr'>heatae</span> <span class='ocrx_word' id='word_1_121' title='bbox 852 1899 999 1980; x_wconf 81' lang='lat' dir='ltr'>Virginis</span> <span class='ocrx_word' id='word_1_122' title='bbox 1019 1914 1093 1959; x_wconf 89' lang='lat' dir='ltr'>cnm</span> <span class='ocrx_word' id='word_1_123' title='bbox 1114 1906 1228 1960; x_wconf 74' lang='lat' dir='ltr'>cantum</span> <span class='ocrx_word' id='word_1_124' title='bbox 1249 1898 1293 1960; x_wconf 80' lang='lat' dir='ltr'>Et</span> <span class='ocrx_word' id='word_1_125' title='bbox 1313 1899 1368 1960; x_wconf 92' lang='lat' dir='ltr'>ibo</span> 
     </span>
     <span class='ocr_line' id='line_1_17' title="bbox 194 2001 1367 2088; baseline -0.006 -17"><span class='ocrx_word' id='word_1_126' title='bbox 194 2007 274 2072; x_wconf 89' lang='lat' dir='ltr'>mihi</span> <span class='ocrx_word' id='word_1_127' title='bbox 300 2006 341 2069; x_wconf 91' lang='lat' dir='ltr'>ad</span> <span class='ocrx_word' id='word_1_128' title='bbox 366 2015 506 2068; x_wconf 88' lang='lat' dir='ltr'>mentem</span> <span class='ocrx_word' id='word_1_129' title='bbox 539 2005 690 2088; x_wconf 77' lang='lat' dir='ltr'>myrrhae</span> <span class='ocrx_word' id='word_1_130' title='bbox 712 2013 772 2066; x_wconf 88' lang='lat' dir='ltr'>ete.</span> <span class='ocrx_word' id='word_1_131' title='bbox 817 2001 889 2081; x_wconf 78' lang='lat' dir='ltr'>Qun</span> <span class='ocrx_word' id='word_1_132' title='bbox 921 2002 1012 2064; x_wconf 81' lang='lat' dir='ltr'>finito</span> <span class='ocrx_word' id='word_1_133' title='bbox 1034 2003 1066 2062; x_wconf 89' lang='lat' dir='ltr'>in</span> <span class='ocrx_word' id='word_1_134' title='bbox 1099 2001 1240 2086; x_wconf 85' lang='lat' dir='ltr'>capella,</span> <span class='ocrx_word' id='word_1_135' title='bbox 1270 2019 1367 2085; x_wconf 91' lang='lat' dir='ltr'>quarn</span> 
     </span>
     <span class='ocr_line' id='line_1_18' title="bbox 194 2106 1368 2195; baseline -0.005 -19"><span class='ocrx_word' id='word_1_136' title='bbox 194 2113 387 2195; x_wconf 78' lang='lat' dir='ltr'>feceramus,</span> <span class='ocrx_word' id='word_1_137' title='bbox 409 2112 611 2175; x_wconf 86' lang='lat' dir='ltr'>cantavimus</span> <span class='ocrx_word' id='word_1_138' title='bbox 626 2125 784 2191; x_wconf 88' lang='lat' dir='ltr'>vesperas</span> <span class='ocrx_word' id='word_1_139' title='bbox 805 2116 839 2169; x_wconf 89' lang='lat' dir='ltr'>et</span> <span class='ocrx_word' id='word_1_140' title='bbox 860 2106 1101 2189; x_wconf 83' lang='lat' dir='ltr'>completorium</span> <span class='ocrx_word' id='word_1_141' title='bbox 1123 2106 1164 2168; x_wconf 93' lang='lat' dir='ltr'>de</span> <span class='ocrx_word' id='word_1_142' title='bbox 1186 2108 1270 2170; x_wconf 81' lang='lat' dir='ltr'>festo</span> <span class='ocrx_word' id='word_1_143' title='bbox 1292 2107 1368 2170; x_wconf 88' lang='lat' dir='ltr'>altis</span> 
     </span>
     <span class='ocr_line' id='line_1_19' title="bbox 194 2210 1366 2300; baseline -0.006 -19"><span class='ocrx_word' id='word_1_144' title='bbox 194 2219 341 2300; x_wconf 87' lang='lat' dir='ltr'>vecibus,</span> <span class='ocrx_word' id='word_1_145' title='bbox 356 2215 569 2298; x_wconf 84' lang='lat' dir='ltr'>uec-aliquod</span> <span class='ocrx_word' id='word_1_146' title='bbox 589 2213 848 2296; x_wconf 87' lang='lat' dir='ltr'>impedimentum</span> <span class='ocrx_word' id='word_1_147' title='bbox 862 2210 1115 2274; x_wconf 87' lang='lat' dir='ltr'>Sarracenornm</span> <span class='ocrx_word' id='word_1_148' title='bbox 1132 2214 1222 2293; x_wconf 85' lang='lat' dir='ltr'>passi</span> <span class='ocrx_word' id='word_1_149' title='bbox 1242 2229 1366 2295; x_wconf 84' lang='lat' dir='ltr'>sumus,</span> 
     </span>
     <span class='ocr_line' id='line_1_20' title="bbox 195 2318 1365 2384; baseline -0.004 -1"><span class='ocrx_word' id='word_1_150' title='bbox 195 2321 256 2384; x_wconf 93' lang='lat' dir='ltr'>sed</span> <span class='ocrx_word' id='word_1_151' title='bbox 278 2321 447 2382; x_wconf 79' lang='lat' dir='ltr'>audientes</span> <span class='ocrx_word' id='word_1_152' title='bbox 479 2320 637 2380; x_wconf 87' lang='lat' dir='ltr'>clamores</span> <span class='ocrx_word' id='word_1_153' title='bbox 671 2327 799 2380; x_wconf 90' lang='lat' dir='ltr'>nostros</span> <span class='ocrx_word' id='word_1_154' title='bbox 834 2318 1044 2379; x_wconf 86' lang='lat' dir='ltr'>accurrebant</span> <span class='ocrx_word' id='word_1_155' title='bbox 1066 2324 1098 2377; x_wconf 84' lang='lat' dir='ltr'>et</span> <span class='ocrx_word' id='word_1_156' title='bbox 1130 2319 1259 2379; x_wconf 87' lang='lat' dir='ltr'>stabant</span> <span class='ocrx_word' id='word_1_157' title='bbox 1292 2334 1365 2378; x_wconf 91' lang='lat' dir='ltr'>curn</span> 
     </span>
     <span class='ocr_line' id='line_1_21' title="bbox 196 2419 1365 2507; baseline -0.003 -21"><span class='ocrx_word' id='word_1_158' title='bbox 196 2440 356 2507; x_wconf 89' lang='lat' dir='ltr'>suspenso</span> <span class='ocrx_word' id='word_1_159' title='bbox 399 2441 464 2485; x_wconf 89' lang='lat' dir='ltr'>cre.</span> <span class='ocrx_word' id='word_1_160' title='bbox 515 2425 642 2484; x_wconf 82' lang='lat' dir='ltr'>Interea</span> <span class='ocrx_word' id='word_1_161' title='bbox 685 2421 866 2485; x_wconf 85' lang='lat' dir='ltr'>confluebat</span> <span class='ocrx_word' id='word_1_162' title='bbox 907 2419 1078 2492; x_wconf 86' lang='lat' dir='ltr'>multitudo</span> <span class='ocrx_word' id='word_1_163' title='bbox 1110 2419 1365 2484; x_wconf 81' lang='lat' dir='ltr'>christianornm</span> 
     </span>
     <span class='ocr_line' id='line_1_22' title="bbox 196 2525 1367 2610; baseline -0.004 -18"><span class='ocrx_word' id='word_1_164' title='bbox 196 2528 413 2610; x_wconf 81' lang='lat' dir='ltr'>orientalium,</span> <span class='ocrx_word' id='word_1_165' title='bbox 437 2527 620 2608; x_wconf 88' lang='lat' dir='ltr'>quistatim</span> <span class='ocrx_word' id='word_1_166' title='bbox 644 2537 755 2590; x_wconf 88' lang='lat' dir='ltr'>nestro</span> <span class='ocrx_word' id='word_1_167' title='bbox 778 2525 896 2588; x_wconf 85' lang='lat' dir='ltr'>Officio</span> <span class='ocrx_word' id='word_1_168' title='bbox 917 2526 1007 2590; x_wconf 89' lang='lat' dir='ltr'>linito</span> <span class='ocrx_word' id='word_1_169' title='bbox 1030 2527 1172 2608; x_wconf 87' lang='lat' dir='ltr'>ingrcssi</span> <span class='ocrx_word' id='word_1_170' title='bbox 1192 2535 1268 2588; x_wconf 86' lang='lat' dir='ltr'>sunt</span> <span class='ocrx_word' id='word_1_171' title='bbox 1287 2543 1367 2588; x_wconf 52' lang='lat' dir='ltr'>&#39;enm</span> 
     </span>
     <span class='ocr_line' id='line_1_23' title="bbox 196 2629 1367 2712; baseline -0.003 -16"><span class='ocrx_word' id='word_1_172' title='bbox 196 2634 267 2708; x_wconf 80' lang='lat' dir='ltr'>suis</span> <span class='ocrx_word' id='word_1_173' title='bbox 288 2631 512 2712; x_wconf 87' lang='lat' dir='ltr'>sacerdotibus</span> <span class='ocrx_word' id='word_1_174' title='bbox 537 2629 693 2711; x_wconf 89' lang='lat' dir='ltr'>capellam</span> <span class='ocrx_word' id='word_1_175' title='bbox 720 2641 752 2694; x_wconf 92' lang='lat' dir='ltr'>et</span> <span class='ocrx_word' id='word_1_176' title='bbox 773 2650 834 2694; x_wconf 88' lang='lat' dir='ltr'>sna</span> <span class='ocrx_word' id='word_1_177' title='bbox 855 2629 973 2694; x_wconf 84' lang='lat' dir='ltr'>Officia</span> <span class='ocrx_word' id='word_1_178' title='bbox 996 2630 1154 2712; x_wconf 82' lang='lat' dir='ltr'>perficere</span> <span class='ocrx_word' id='word_1_179' title='bbox 1174 2629 1367 2693; x_wconf 77' lang='lat' dir='ltr'>inchoabant</span> 
     </span>
     <span class='ocr_line' id='line_1_24' title="bbox 197 2733 1367 2829; baseline -0.003 -29"><span class='ocrx_word' id='word_1_180' title='bbox 197 2747 230 2800; x_wconf 85' lang='lat' dir='ltr'>et</span> <span class='ocrx_word' id='word_1_181' title='bbox 258 2739 381 2829; x_wconf 73' lang='lat' dir='ltr'>Missas</span> <span class='ocrx_word' id='word_1_182' title='bbox 411 2734 524 2800; x_wconf 89' lang='lat' dir='ltr'>eodem</span> <span class='ocrx_word' id='word_1_183' title='bbox 561 2753 635 2800; x_wconf 91' lang='lat' dir='ltr'>sero</span> <span class='ocrx_word' id='word_1_184' title='bbox 673 2736 879 2799; x_wconf 86' lang='lat' dir='ltr'>celebrabant</span> <span class='ocrx_word' id='word_1_185' title='bbox 908 2735 1003 2816; x_wconf 85' lang='lat' dir='ltr'>juxta</span> <span class='ocrx_word' id='word_1_186' title='bbox 1024 2751 1116 2796; x_wconf 91' lang='lat' dir='ltr'>snum</span> <span class='ocrx_word' id='word_1_187' title='bbox 1149 2735 1251 2796; x_wconf 86' lang='lat' dir='ltr'>ritum.</span> <span class='ocrx_word' id='word_1_188' title='bbox 1294 2733 1367 2796; x_wconf 91' lang='lat' dir='ltr'>Nes</span> 
     </span>
     <span class='ocr_line' id='line_1_25' title="bbox 197 2836 1368 2924; baseline -0.006 -16"><span class='ocrx_word' id='word_1_189' title='bbox 197 2861 276 2908; x_wconf 89' lang='lat' dir='ltr'>vero</span> <span class='ocrx_word' id='word_1_190' title='bbox 299 2843 504 2907; x_wconf 74' lang='lat' dir='ltr'>conventum</span> <span class='ocrx_word' id='word_1_191' title='bbox 526 2843 668 2924; x_wconf 85' lang='lat' dir='ltr'>ingressi</span> <span class='ocrx_word' id='word_1_192' title='bbox 686 2843 844 2923; x_wconf 86' lang='lat' dir='ltr'>sobriam,</span> <span class='ocrx_word' id='word_1_193' title='bbox 873 2851 908 2902; x_wconf 90' lang='lat' dir='ltr'>nt</span> <span class='ocrx_word' id='word_1_194' title='bbox 925 2839 1112 2922; x_wconf 83' lang='lat' dir='ltr'>jejunantes</span> <span class='ocrx_word' id='word_1_195' title='bbox 1134 2836 1243 2921; x_wconf 84' lang='lat' dir='ltr'>decet,</span> <span class='ocrx_word' id='word_1_196' title='bbox 1265 2837 1368 2901; x_wconf 91' lang='lat' dir='ltr'>culla-</span> 
     </span>
     <span class='ocr_line' id='line_1_26' title="bbox 193 2942 1367 3016; baseline -0.009 -3"><span class='ocrx_word' id='word_1_197' title='bbox 193 2950 316 3016; x_wconf 80' lang='lat' dir='ltr'>aionem</span> <span class='ocrx_word' id='word_1_198' title='bbox 341 2950 487 3012; x_wconf 81' lang='lat' dir='ltr'>lecimus.</span> <span class='ocrx_word' id='word_1_199' title='bbox 509 2946 587 3010; x_wconf 86' lang='lat' dir='ltr'>l‘cst</span> <span class='ocrx_word' id='word_1_200' title='bbox 605 2945 809 3009; x_wconf 88' lang='lat' dir='ltr'>collationem</span> <span class='ocrx_word' id='word_1_201' title='bbox 830 2944 1063 3009; x_wconf 82' lang='lat' dir='ltr'>descendimus</span> <span class='ocrx_word' id='word_1_202' title='bbox 1086 2942 1182 3006; x_wconf 87' lang='lat' dir='ltr'>simul</span> <span class='ocrx_word' id='word_1_203' title='bbox 1203 2942 1243 3005; x_wconf 91' lang='lat' dir='ltr'>de</span> <span class='ocrx_word' id='word_1_204' title='bbox 1258 2949 1367 3005; x_wconf 88' lang='lat' dir='ltr'>monte</span> 
     </span>
     <span class='ocr_line' id='line_1_27' title="bbox 198 3047 1365 3138; baseline -0.007 -21"><span class='ocrx_word' id='word_1_205' title='bbox 198 3053 289 3138; x_wconf 85' lang='lat' dir='ltr'>Sycu</span> <span class='ocrx_word' id='word_1_206' title='bbox 310 3056 345 3120; x_wconf 91' lang='lat' dir='ltr'>in</span> <span class='ocrx_word' id='word_1_207' title='bbox 368 3055 487 3119; x_wconf 90' lang='lat' dir='ltr'>vallem</span> <span class='ocrx_word' id='word_1_208' title='bbox 507 3053 669 3136; x_wconf 78' lang='lat' dir='ltr'>teraphat</span> <span class='ocrx_word' id='word_1_209' title='bbox 698 3051 739 3114; x_wconf 93' lang='lat' dir='ltr'>ad</span> <span class='ocrx_word' id='word_1_210' title='bbox 762 3051 934 3116; x_wconf 80' lang='lat' dir='ltr'>ecclesiam</span> <span class='ocrx_word' id='word_1_211' title='bbox 959 3048 1124 3132; x_wconf 86' lang='lat' dir='ltr'>sepulchri</span> <span class='ocrx_word' id='word_1_212' title='bbox 1151 3049 1266 3110; x_wconf 88' lang='lat' dir='ltr'>beatae</span> <span class='ocrx_word' id='word_1_213' title='bbox 1287 3047 1365 3109; x_wconf 91' lang='lat' dir='ltr'>Vir-</span> 
     </span>
     <span class='ocr_line' id='line_1_28' title="bbox 197 3152 1374 3242; baseline -0.009 -19"><span class='ocrx_word' id='word_1_214' title='bbox 197 3162 285 3242; x_wconf 81' lang='lat' dir='ltr'>ginis</span> <span class='ocrx_word' id='word_1_215' title='bbox 313 3169 347 3224; x_wconf 87' lang='lat' dir='ltr'>ct</span> <span class='ocrx_word' id='word_1_216' title='bbox 368 3169 518 3224; x_wconf 88' lang='lat' dir='ltr'>onustum</span> <span class='ocrx_word' id='word_1_217' title='bbox 550 3161 673 3222; x_wconf 87' lang='lat' dir='ltr'>asinum</span> <span class='ocrx_word' id='word_1_218' title='bbox 696 3156 866 3219; x_wconf 87' lang='lat' dir='ltr'>nobiseum</span> <span class='ocrx_word' id='word_1_219' title='bbox 889 3154 1056 3235; x_wconf 84' lang='lat' dir='ltr'>duximus,</span> <span class='ocrx_word' id='word_1_220' title='bbox 1085 3154 1137 3228; x_wconf 79' lang='lat' dir='ltr'>ani</span> <span class='ocrx_word' id='word_1_221' title='bbox 1158 3152 1374 3235; x_wconf 88' lang='lat' dir='ltr'>imposuimus-</span> 
     </span>
     <span class='ocr_line' id='line_1_29' title="bbox 198 3253 1363 3344; baseline -0.009 -18"><span class='ocrx_word' id='word_1_222' title='bbox 198 3273 386 3326; x_wconf 87' lang='lat' dir='ltr'>ornamenta</span> <span class='ocrx_word' id='word_1_223' title='bbox 418 3273 451 3327; x_wconf 89' lang='lat' dir='ltr'>et</span> <span class='ocrx_word' id='word_1_224' title='bbox 472 3269 659 3344; x_wconf 85' lang='lat' dir='ltr'>paramenta</span> <span class='ocrx_word' id='word_1_225' title='bbox 685 3278 743 3342; x_wconf 92' lang='lat' dir='ltr'>pro</span> <span class='ocrx_word' id='word_1_226' title='bbox 775 3260 846 3324; x_wconf 89' lang='lat' dir='ltr'>loco</span> <span class='ocrx_word' id='word_1_227' title='bbox 877 3256 1059 3326; x_wconf 80' lang='lat' dir='ltr'>decorando</span> <span class='ocrx_word' id='word_1_228' title='bbox 1104 3265 1137 3320; x_wconf 89' lang='lat' dir='ltr'>et</span> <span class='ocrx_word' id='word_1_229' title='bbox 1160 3276 1218 3339; x_wconf 88' lang='lat' dir='ltr'>pro</span> <span class='ocrx_word' id='word_1_230' title='bbox 1241 3253 1363 3318; x_wconf 80' lang='lat' dir='ltr'>officiis</span> 
     </span>
     <span class='ocr_line' id='line_1_30' title="bbox 198 3361 1362 3444; baseline -0.005 -16"><span class='ocrx_word' id='word_1_231' title='bbox 198 3365 412 3428; x_wconf 86' lang='lat' dir='ltr'>celebrandis.</span> <span class='ocrx_word' id='word_1_232' title='bbox 451 3364 600 3444; x_wconf 84' lang='lat' dir='ltr'>Cumque</span> <span class='ocrx_word' id='word_1_233' title='bbox 621 3364 654 3424; x_wconf 92' lang='lat' dir='ltr'>in</span> <span class='ocrx_word' id='word_1_234' title='bbox 675 3362 848 3428; x_wconf 89' lang='lat' dir='ltr'>ecclesiam</span> <span class='ocrx_word' id='word_1_235' title='bbox 869 3361 1164 3443; x_wconf 85' lang='lat' dir='ltr'>descendissemns,</span> <span class='ocrx_word' id='word_1_236' title='bbox 1185 3361 1362 3423; x_wconf 87' lang='lat' dir='ltr'>invenimus</span> 
     </span>
     <span class='ocr_line' id='line_1_31' title="bbox 198 3463 1467 3562; baseline -0.004 -30"><span class='ocrx_word' id='word_1_237' title='bbox 198 3487 271 3532; x_wconf 90' lang='lat' dir='ltr'>eam</span> <span class='ocrx_word' id='word_1_238' title='bbox 293 3469 448 3552; x_wconf 91' lang='lat' dir='ltr'>repletam</span> <span class='ocrx_word' id='word_1_239' title='bbox 471 3465 678 3531; x_wconf 83' lang='lat' dir='ltr'>orientalibus</span> <span class='ocrx_word' id='word_1_240' title='bbox 693 3466 898 3551; x_wconf 87' lang='lat' dir='ltr'>Christianis,</span> <span class='ocrx_word' id='word_1_241' title='bbox 919 3469 1001 3531; x_wconf 90' lang='lat' dir='ltr'>viris</span> <span class='ocrx_word' id='word_1_242' title='bbox 1021 3476 1056 3530; x_wconf 87' lang='lat' dir='ltr'>et</span> <span class='ocrx_word' id='word_1_243' title='bbox 1078 3466 1243 3553; x_wconf 82' lang='lat' dir='ltr'>foeminis3</span> <span class='ocrx_word' id='word_1_244' title='bbox 1269 3463 1363 3528; x_wconf 88' lang='lat' dir='ltr'>redu·</span> <span class='ocrx_word' id='word_1_245' title='bbox 1466 3539 1467 3562; x_wconf 14' lang='grc' dir='ltr'><strong>Χ</strong></span> 
     </span>
     <span class='ocr_line' id='line_1_32' title="bbox 197 3570 1363 3654; baseline -0.005 -17"><span class='ocrx_word' id='word_1_246' title='bbox 197 3575 306 3637; x_wconf 84' lang='lat' dir='ltr'>xlrnns</span> <span class='ocrx_word' id='word_1_247' title='bbox 327 3589 406 3654; x_wconf 86' lang='lat' dir='ltr'>ergo</span> <span class='ocrx_word' id='word_1_248' title='bbox 428 3587 488 3634; x_wconf 88' lang='lat' dir='ltr'>nes</span> <span class='ocrx_word' id='word_1_249' title='bbox 507 3570 540 3632; x_wconf 91' lang='lat' dir='ltr'>in</span> <span class='ocrx_word' id='word_1_250' title='bbox 563 3571 714 3653; x_wconf 88' lang='lat' dir='ltr'>angulum</span> <span class='ocrx_word' id='word_1_251' title='bbox 737 3574 943 3638; x_wconf 87' lang='lat' dir='ltr'>uostrnmad</span> <span class='ocrx_word' id='word_1_252' title='bbox 978 3574 1079 3636; x_wconf 90' lang='lat' dir='ltr'>altare</span> <span class='ocrx_word' id='word_1_253' title='bbox 1098 3571 1301 3652; x_wconf 80' lang='lat' dir='ltr'>Latinorum,</span> <span class='ocrx_word' id='word_1_254' title='bbox 1332 3577 1363 3631; x_wconf 89' lang='lat' dir='ltr'>et</span> 
     </span>
     <span class='ocr_line' id='line_1_33' title="bbox 198 3673 1467 3760; baseline -0.006 -18"><span class='ocrx_word' id='word_1_255' title='bbox 198 3677 274 3742; x_wconf 90' lang='lat' dir='ltr'>inde</span> <span class='ocrx_word' id='word_1_256' title='bbox 295 3676 367 3741; x_wconf 90' lang='lat' dir='ltr'>aliis</span> <span class='ocrx_word' id='word_1_257' title='bbox 390 3673 585 3738; x_wconf 87' lang='lat' dir='ltr'>Christianis</span> <span class='ocrx_word' id='word_1_258' title='bbox 592 3719 602 3758; x_wconf 91' lang='lat'><strong><em>,</em></strong></span> <span class='ocrx_word' id='word_1_259' title='bbox 639 3677 693 3758; x_wconf 85' lang='lat' dir='ltr'>qui</span> <span class='ocrx_word' id='word_1_260' title='bbox 714 3677 819 3740; x_wconf 89' lang='lat' dir='ltr'>lecum</span> <span class='ocrx_word' id='word_1_261' title='bbox 851 3685 1185 3760; x_wconf 84' lang='lat' dir='ltr'>praeoccupaverant,</span> <span class='ocrx_word' id='word_1_262' title='bbox 1216 3674 1362 3756; x_wconf 83' lang='lat' dir='ltr'>detrusis,</span> <span class='ocrx_word' id='word_1_263' title='bbox 1466 3703 1467 3706; x_wconf 36' lang='lat'>¹</span> 
     </span>
     <span class='ocr_line' id='line_1_34' title="bbox 199 3776 1362 3848; baseline -0.007 -3"><span class='ocrx_word' id='word_1_264' title='bbox 199 3783 320 3847; x_wconf 89' lang='lat' dir='ltr'>lumina</span> <span class='ocrx_word' id='word_1_265' title='bbox 340 3779 557 3844; x_wconf 89' lang='lat' dir='ltr'>accendimus.</span> <span class='ocrx_word' id='word_1_266' title='bbox 599 3780 674 3844; x_wconf 90' lang='lat' dir='ltr'>Non</span> <span class='ocrx_word' id='word_1_267' title='bbox 695 3783 781 3845; x_wconf 89' lang='lat' dir='ltr'>enim</span> <span class='ocrx_word' id='word_1_268' title='bbox 813 3783 909 3848; x_wconf 85' lang='lat' dir='ltr'>habet</span> <span class='ocrx_word' id='word_1_269' title='bbox 931 3785 1023 3848; x_wconf 90' lang='lat' dir='ltr'>locus</span> <span class='ocrx_word' id='word_1_270' title='bbox 1043 3783 1100 3846; x_wconf 91' lang='lat' dir='ltr'>ille</span> <span class='ocrx_word' id='word_1_271' title='bbox 1131 3782 1172 3845; x_wconf 90' lang='lat' dir='ltr'>de</span> <span class='ocrx_word' id='word_1_272' title='bbox 1194 3778 1283 3842; x_wconf 90' lang='lat' dir='ltr'>coelo</span> <span class='ocrx_word' id='word_1_273' title='bbox 1311 3776 1362 3838; x_wconf 87' lang='lat' dir='ltr'>ln-</span> 
     </span>
     <span class='ocr_line' id='line_1_35' title="bbox 198 3879 1363 3978; baseline -0.008 -26"><span class='ocrx_word' id='word_1_274' title='bbox 198 3905 290 3969; x_wconf 88' lang='lat' dir='ltr'>men,</span> <span class='ocrx_word' id='word_1_275' title='bbox 312 3885 371 3949; x_wconf 87' lang='lat' dir='ltr'>sed</span> <span class='ocrx_word' id='word_1_276' title='bbox 394 3885 434 3948; x_wconf 94' lang='lat' dir='ltr'>de</span> <span class='ocrx_word' id='word_1_277' title='bbox 454 3885 531 3970; x_wconf 87' lang='lat' dir='ltr'>igue</span> <span class='ocrx_word' id='word_1_278' title='bbox 552 3887 698 3956; x_wconf 82' lang='lat' dir='ltr'>incenso.</span> <span class='ocrx_word' id='word_1_279' title='bbox 739 3887 863 3951; x_wconf 76' lang='lat' dir='ltr'>Locum</span> <span class='ocrx_word' id='word_1_280' title='bbox 885 3907 963 3972; x_wconf 86' lang='lat' dir='ltr'>erge</span> <span class='ocrx_word' id='word_1_281' title='bbox 985 3896 1130 3953; x_wconf 88' lang='lat' dir='ltr'>nostrum</span> <span class='ocrx_word' id='word_1_282' title='bbox 1152 3879 1363 3978; x_wconf 83' lang='lat' dir='ltr'>circumdedi-</span> 
     </span>
     <span class='ocr_line' id='line_1_36' title="bbox 198 3977 1362 4076; baseline -0.006 -20"><span class='ocrx_word' id='word_1_283' title='bbox 198 4007 271 4056; x_wconf 90' lang='lat' dir='ltr'>mns</span> <span class='ocrx_word' id='word_1_284' title='bbox 291 3977 427 4076; x_wconf 80' lang='lat' dir='ltr'>tapem‘rs</span> <span class='ocrx_word' id='word_1_285' title='bbox 449 4000 482 4064; x_wconf 81' lang='lat' dir='ltr'>et</span> <span class='ocrx_word' id='word_1_286' title='bbox 513 3992 615 4055; x_wconf 89' lang='lat' dir='ltr'>altare</span> <span class='ocrx_word' id='word_1_287' title='bbox 636 3992 822 4057; x_wconf 87' lang='lat' dir='ltr'>ornavimus</span> <span class='ocrx_word' id='word_1_288' title='bbox 861 4002 894 4056; x_wconf 85' lang='lat' dir='ltr'>et</span> <span class='ocrx_word' id='word_1_289' title='bbox 926 3993 1044 4058; x_wconf 91' lang='lat' dir='ltr'>multas</span> <span class='ocrx_word' id='word_1_290' title='bbox 1073 3990 1228 4056; x_wconf 88' lang='lat' dir='ltr'>candelas</span> <span class='ocrx_word' id='word_1_291' title='bbox 1249 4005 1362 4050; x_wconf 90' lang='lat' dir='ltr'>accen-</span> 
     </span>
     <span class='ocr_line' id='line_1_37' title="bbox 144 4090 1363 4181; baseline -0.006 -21"><span class='ocrx_word' id='word_1_292' title='bbox 144 4145 146 4150; x_wconf 81' lang='grc'>.</span> <span class='ocrx_word' id='word_1_293' title='bbox 199 4094 324 4180; x_wconf 85' lang='lat' dir='ltr'>dimus,</span> <span class='ocrx_word' id='word_1_294' title='bbox 362 4104 395 4159; x_wconf 87' lang='lat' dir='ltr'>et</span> <span class='ocrx_word' id='word_1_295' title='bbox 416 4113 488 4159; x_wconf 88' lang='lat' dir='ltr'>curn</span> <span class='ocrx_word' id='word_1_296' title='bbox 520 4097 647 4160; x_wconf 89' lang='lat' dir='ltr'>solenni</span> <span class='ocrx_word' id='word_1_297' title='bbox 676 4107 775 4160; x_wconf 88' lang='lat' dir='ltr'>cantu</span> <span class='ocrx_word' id='word_1_298' title='bbox 796 4098 1037 4181; x_wconf 85' lang='lat' dir='ltr'>completorium</span> <span class='ocrx_word' id='word_1_299' title='bbox 1059 4097 1272 4162; x_wconf 80' lang='lat' dir='ltr'>eanlevlmns.</span> <span class='ocrx_word' id='word_1_300' title='bbox 1313 4090 1363 4154; x_wconf 82' lang='lat' dir='ltr'>dd</span> 
     </span>
     <span class='ocr_line' id='line_1_38' title="bbox 198 4196 1362 4286; baseline -0.005 -21"><span class='ocrx_word' id='word_1_301' title='bbox 198 4198 300 4266; x_wconf 79' lang='lat' dir='ltr'>Salve</span> <span class='ocrx_word' id='word_1_302' title='bbox 327 4200 456 4286; x_wconf 81' lang='lat' dir='ltr'>Regina</span> <span class='ocrx_word' id='word_1_303' title='bbox 471 4211 564 4266; x_wconf 74' lang='lat' dir='ltr'>&#39;vero</span> <span class='ocrx_word' id='word_1_304' title='bbox 597 4201 639 4264; x_wconf 91' lang='lat' dir='ltr'>de</span> <span class='ocrx_word' id='word_1_305' title='bbox 659 4201 730 4265; x_wconf 90' lang='lat' dir='ltr'>leco</span> <span class='ocrx_word' id='word_1_306' title='bbox 760 4209 871 4264; x_wconf 90' lang='lat' dir='ltr'>nostro</span> <span class='ocrx_word' id='word_1_307' title='bbox 904 4205 1127 4286; x_wconf 89' lang='lat' dir='ltr'>processimus</span> <span class='ocrx_word' id='word_1_308' title='bbox 1155 4218 1229 4264; x_wconf 89' lang='lat' dir='ltr'>cnm</span> <span class='ocrx_word' id='word_1_309' title='bbox 1256 4196 1362 4261; x_wconf 81' lang='lat' dir='ltr'>erutis</span> 
     </span>
     <span class='ocr_line' id='line_1_39' title="bbox 196 4297 1362 4390; baseline -0.007 -19"><span class='ocrx_word' id='word_1_310' title='bbox 196 4308 408 4388; x_wconf 85' lang='lat' dir='ltr'>processione</span> <span class='ocrx_word' id='word_1_311' title='bbox 443 4314 484 4390; x_wconf 27' lang='lat' dir='ltr'>,et</span> <span class='ocrx_word' id='word_1_312' title='bbox 504 4325 564 4390; x_wconf 90' lang='lat' dir='ltr'>per</span> <span class='ocrx_word' id='word_1_313' title='bbox 594 4305 800 4390; x_wconf 86' lang='lat' dir='ltr'>sepulchrum</span> <span class='ocrx_word' id='word_1_314' title='bbox 831 4297 1040 4372; x_wconf 86' lang='lat' dir='ltr'>beatissimae</span> <span class='ocrx_word' id='word_1_315' title='bbox 1070 4305 1218 4388; x_wconf 81' lang='lat' dir='ltr'>Virginis</span> <span class='ocrx_word' id='word_1_316' title='bbox 1245 4301 1362 4366; x_wconf 77' lang='lat' dir='ltr'>blame</span> 
     </span>
    </p>
   </div>
   <div class='ocr_carea' id='block_1_3' title="bbox 0 0 1486 4914">
    <p class='ocr_par' dir='ltr' id='par_1_3' title="bbox 0 0 1486 4914">
     <span class='ocr_line' id='line_1_40' title="bbox 0 0 1486 4914; baseline 0 0"><span class='ocrx_word' id='word_1_317' title='bbox 0 0 1486 4914; x_wconf 95' lang='lat' dir='ltr'> </span> 
     </span>
    </p>
   </div>
  </div>
 </body>
</html>
