2954 4914
247 540 404 624 colligunt
425 537 553 622 lapillos
584 539 625 602 de
645 539 768 632 sanctis
790 539 872 604 iocis
900 551 933 603 et
966 540 1082 603 tollunt
1112 541 1268 624 reliquias
1299 541 1346 604 de
1377 545 1427 606 eis

247 645 470 708 sinelocorum
492 653 677 708 sanctorum
696 642 927 708 decalvatione.
973 647 1425 712 Hocsanctumetdevotum

247 759 309 833 est,
331 758 366 813 ut
386 757 475 832 patet
497 749 550 811 iel.
572 749 638 812 253
658 749 698 810 A.
746 751 809 812 llis
840 756 967 812 noctem
990 750 1079 817 illam
1107 751 1235 832 quidam
1265 751 1424 816 deduxe-

248 865 332 936 runt,
353 853 407 917 alii
428 851 549 916 divinis
570 855 742 936 vacabant,
766 859 798 916 ot
822 871 842 916 a
863 854 969 920 media
986 863 1206 937 nectensque
1227 855 1271 918 ad
1293 857 1422 922 claram

248 959 333 1024 diem
354 961 480 1023 missas
501 956 747 1022 celebravimus.

245 1181 306 1256 De
336 1177 437 1255 exitu
471 1176 742 1278 peregrinorum
779 1202 800 1251 a
833 1173 1012 1250 dominico
1050 1175 1245 1277 sepulchro
1282 1191 1324 1256 et
1372 1183 1419 1258 de

246 1307 425 1375 conventu
459 1319 581 1373 eorum
612 1293 649 1369 in
685 1304 838 1370 montem
872 1293 976 1396 Syon
1018 1294 1066 1370 ad
1099 1298 1328 1376 tractandum
1371 1301 1417 1378 de

528 1439 681 1492 recessu
712 1438 836 1491 eorum
859 1441 882 1492 a
906 1415 1123 1494 Jerusalem.

328 1600 496 1664 Vicesima
517 1597 671 1680 secunda,
694 1615 778 1682 quae
799 1606 851 1660 est
870 1597 986 1662 festum
1000 1596 1035 1658 S.
1046 1595 1170 1659 Mariae
1180 1595 1410 1680 Magdalenaa

244 1705 446 1771 cantavimus
460 1703 596 1767 Missam
617 1706 650 1765 in
673 1701 1017 1784 dominicosepulchro
1041 1702 1082 1764 de
1114 1701 1274 1764 dominica
1298 1721 1410 1765 resur-

244 1811 402 1893 rectione,
433 1811 467 1871 in
496 1827 560 1893 qua
588 1809 744 1872 solemnis
774 1807 891 1870 mentio
923 1807 959 1868 lit
981 1805 1015 1870 S.
1038 1805 1162 1870 bladae
1180 1805 1409 1888 Magdalenae.

243 1915 350 1979 Missa
385 1923 491 1978 aetem
526 1913 617 1977 linita
650 1913 822 1976 currebant
855 1911 1018 1995 peregrini
1050 1909 1209 1974 recessuri
1240 1927 1301 1990 per
1335 1907 1409 1970 loca

243 2027 358 2083 sancta
391 2037 495 2103 eaque
526 2034 598 2084 cum
630 2019 771 2082 lacrimis
804 2003 1075 2081 deosculabantur
1109 2017 1157 2078 eis
1186 2011 1406 2075 valedicentes

243 2143 316 2188 cum
339 2141 483 2188 moerore
510 2133 638 2208 propter
666 2125 841 2187 instantem
871 2123 1131 2204 reparationem..
1160 2120 1293 2182 Habent
1323 2117 1405 2178 enim

244 2250 304 2314 pro
326 2237 415 2293 certo
444 2229 515 2292 loco
536 2237 650 2292 sancta
676 2231 741 2292 vim
764 2229 926 2312 quandam
947 2228 1163 2306 attractivam,
1194 2223 1314 2308 quain
1341 2221 1404 2284 fine

243 2337 347 2416 magis
380 2335 621 2397 attrahebantur
645 2335 824 2417 peregrini,
855 2341 887 2395 et
923 2333 956 2394 in
979 2329 1172 2397 dominicum
1187 2328 1402 2416 ,sepulchrum

243 2436 468 2518 convolabant,
492 2438 622 2500 exibant
644 2447 678 2500 et
699 2439 859 2505 intrabant
882 2447 1043 2519 tamquam
1063 2453 1142 2518 apes
1163 2435 1197 2497 in
1215 2433 1401 2500 alvearium.

242 2539 372 2601 Interea
410 2548 571 2623 venerunt
606 2539 776 2606 Sarraceni
817 2559 943 2624 nosque
979 2539 1021 2602 de
1051 2541 1192 2605 ecclesia
1226 2537 1399 2622 ejecerant,

203 2640 215 2658 “
241 2644 480 2724 praecipientes
502 2644 605 2725 nobis,
627 2653 662 2706 ut
683 2665 796 2711 omnes
818 2645 913 2710 simul
935 2643 1182 2708 ascenderemus
1203 2646 1236 2707 in
1264 2653 1399 2706 montem

243 2747 352 2831 Syon,
375 2748 451 2830 quia
476 2747 521 2809 ibi
543 2743 663 2831 aliquid
692 2751 857 2816 uobiscum
889 2751 1028 2814 tractare
1054 2749 1185 2812 vellent.
1235 2751 1399 2811 Exeuntes

242 2859 347 2914 autem
370 2850 542 2916 ecclesiam
565 2855 704 2937 ingressi
726 2874 838 2919 sumus
851 2855 1154 2938 capellamsanctao
1167 2853 1399 2936 Mariaehlag-

241 2953 387 3042 dalenae,
413 2977 496 3042 quae
519 2969 569 3022 est
584 2960 891 3043 inatrioecclesiae,
912 2959 1027 3044 deque
1048 2960 1186 3022 habetur
1204 2959 1259 3022 iol.
1282 2957 1343 3022 122
1356 2957 1397 3038 A,

241 3072 275 3128 et
296 3063 366 3147 ejus
387 3065 568 3149 patrocinia
589 3066 633 3128 ibi
651 3064 896 3148 postulavimus,
918 3073 1085 3127 cantantes
1096 3066 1266 3147 hymnum:
1288 3060 1398 3124 lrauda

240 3180 341 3235 mater
372 3173 513 3236 ccclesia
544 3181 607 3242 etc.
644 3189 717 3234 cum
750 3171 941 3253 antiphona:
976 3169 1004 3230 0
1045 3169 1155 3234 mundi
1187 3166 1311 3250 lampas
1337 3175 1395 3229 etc.

239 3274 283 3339 Et
311 3278 362 3339 his
395 3279 538 3360 peractis
567 3276 772 3339 ascendimus
805 3275 838 3336 in
868 3283 1010 3338 montem
1031 3273 1122 3358 Syon
1159 3281 1191 3334 et
1216 3273 1396 3334 invenimus

240 3380 357 3440 fratres
381 3377 448 3459 jam
475 3379 648 3440 inchoasse
667 3380 816 3443 Officium
849 3379 890 3440 do
921 3387 1035 3442 sancta
1062 3379 1168 3442 Maria
1192 3375 1394 3460 Magdalena,

239 3482 292 3544 cui
324 3491 356 3543 et
386 3481 590 3544 interfuimus
612 3501 717 3566 usque
747 3483 789 3548 ad
817 3481 924 3568 linem,
953 3491 1021 3546 erat
1047 3481 1133 3548 enirn
1159 3483 1265 3548 adhuc
1296 3497 1395 3565 mane,

238 3584 376 3649 necdum
397 3585 476 3648 hora
496 3587 621 3669 prandii
643 3585 744 3652 affuit.

237 3819 296 3896 lle
334 3819 563 3921 separatione
596 3802 870 3924 peregrinorum
905 3815 1039 3898 montis
1073 3817 1190 3921 Synai
1222 3817 1266 3896 ab
1305 3815 1392 3912 aiis,

551 3941 658 4019 etde
682 3942 922 4020 conventione
948 3965 1081 4021 eorum.

316 4115 398 4185 Post
425 4121 561 4187 Missam
597 4125 689 4187 veuit
720 4121 868 4188 dominus
904 4124 1091 4208 praefectus
1123 4121 1164 4187 de
1202 4121 1389 4205 Jerusalem,

232 4223 393 4311 Naydan,
427 4245 500 4292 cnm
533 4225 726 4313 quibusdam
763 4229 897 4293 senibus
938 4227 1145 4310 Sarracenis,
1178 4235 1212 4290 et
1249 4225 1388 4292 dominus

231 4329 484 4418 Sabathytanco,
497 4329 633 4396 Calinus
652 4333 763 4418 major,
782 4333 815 4397 id
838 4343 898 4417 est,
920 4334 1077 4417 magister
1093 4329 1263 4416 hospitalis
1284 4330 1387 4414 major,

233 4433 435 4503 Sarracenos
462 4437 794 4520 l'rutschelmanntrs,
817 4447 850 4500 et
884 4433 1094 4522 liiphahallo,
1125 4437 1260 4502 Calinus
1281 4434 1385 4519 minor,
