2962 5022
210 531 262 595 Ex
283 531 346 594 iam
367 527 463 592 dictis
483 535 573 612 patet
598 526 774 609 descriptio
792 525 879 588 sacri
911 527 1050 609 montis,
1071 525 1311 590 mamendalio
1332 537 1376 590 ta-

210 651 285 696 men
306 631 425 694 eximin
454 640 488 693 st
507 631 666 692 sawtitas
694 629 768 711 quos
801 649 845 692 ex
872 632 1041 693 mnonicis
1073 631 1245 712 scripturis
1267 631 1379 696 elarius

213 735 352 798 latetur
368 734 402 796 in
424 734 533 797 moltis
561 733 661 814 tous,
693 721 779 796 sient
806 732 912 795 hodi
942 735 998 796 111.
1022 742 1054 794 et
1075 733 1164 794 xm
1193 744 1227 796 et
1249 735 1330 798 xx.
1353 747 1380 799 et

210 835 344 900 Denter.
366 835 422 918 V,
446 837 501 901 nbi
522 836 656 917 dieitur,
677 833 765 917 quod
785 853 880 899 mous
901 834 959 896 ille
973 834 1107 897 urdebst
1121 853 1228 918 mque
1241 839 1287 902 ad
1309 859 1379 902 coe·

210 938 295 1023 lum,
325 948 359 1003 et
390 957 449 1022 per
477 948 578 1004 totum
600 937 849 1019 pentateuchum
870 948 903 1000 et
925 942 957 1002 in
979 939 1114 1021 psalmis
1146 951 1182 1002 et
1204 945 1378 1025 prophetis

211 1043 265 1106 Ex
285 1045 403 1127 quibus
422 1042 571 1106 omuibus
590 1041 738 1123 infertur,
761 1041 847 1124 quod
869 1061 963 1106 mous
984 1041 1070 1104 oreb
1090 1041 1196 1124 Synsi
1216 1056 1275 1108 est
1293 1065 1378 1110 mons

213 1147 426 1210 excedentiae
453 1156 487 1208 et
507 1145 685 1208 altitudinis
692 1163 702 1224 3
743 1161 838 1208 mons
864 1144 995 1210 divinae
1014 1125 1227 1209 habitationis
1273 1157 1308 1210 et
1326 1167 1379 1208 an·

211 1250 357 1334 gelorum
373 1248 656 1332 frequentationis3
678 1265 772 1309 mons
784 1247 930 1326 luminis,
948 1249 1034 1330 ignis
1051 1256 1085 1308 et
1104 1247 1376 1333 inflammationis3

211 1371 307 1420 nous
343 1353 496 1418 terribilis
530 1352 626 1414 nubis
647 1358 680 1412 et
700 1350 871 1432 caliginis,
901 1367 996 1414 mons
1016 1351 1198 1431 sapientiae
1219 1364 1256 1416 et
1278 1355 1379 1419 erudi-

215 1457 336 1537 tionis;
368 1473 463 1520 mons
491 1453 731 1518 misericordiae
756 1463 789 1515 et
812 1455 1048 1537 promissionis,
1065 1453 1214 1534 justitiae
1238 1464 1272 1518 et
1293 1473 1379 1517 com-

215 1559 418 1641 minutionis,
459 1577 554 1622 morte
585 1557 723 1640 fulguris
744 1567 777 1618 et
797 1558 1064 1640 corruscationis3
1104 1575 1199 1622 mons
1229 1561 1332 1620 tulnae
1350 1567 1378 1618 et

210 1659 393 1742 clangoris,
416 1678 510 1723 mons
532 1661 692 1725 smicitise
713 1668 746 1722 et
766 1659 1078 1743 confoederationis,
1106 1678 1200 1723 mons
1234 1661 1377 1724 elemen-

211 1763 330 1824 lineet
351 1763 611 1846 propitiationts5
642 1781 736 1827 mous
756 1762 910 1827 saeridcfi
931 1773 964 1826 et
984 1765 1155 1844 orationis3
1188 1782 1287 1828 mons
1308 1767 1377 1847 pin-

140 1893 146 1904 ·
209 1864 362 1948 guediuls
383 1875 415 1930 ot
436 1866 687 1950 coagulationi13
719 1885 812 1930 mons
834 1868 970 1930 visionis
989 1876 1022 1930 et
1042 1866 1342 1948 contemplationis.

304 1971 481 2054 Postquam
519 1988 598 2052 ergo
629 1970 726 2051 hujus
756 1963 877 2034 moutis
904 1971 1010 2034 sancti
1034 1970 1118 2032 'locs
1143 1971 1380 2054 perspeximus,

210 2073 417 2138 consedimus
438 2084 471 2138 et
492 2074 697 2138 collationem
733 2074 871 2136 fecimus
899 2071 1131 2136 manducantes
1159 2082 1194 2136 el
1222 2075 1379 2152 bibentes,

210 2176 299 2260 quod
330 2179 497 2242 nobiscum
516 2177 736 2260 portavimus,
767 2185 800 2238 et
830 2175 918 2238 ultra
940 2177 1050 2239 luorum
1079 2178 1113 2239 iu
1133 2186 1247 2239 moute
1268 2185 1379 2238 sancto
1436 2229 1437 2236 ,

209 2280 398 2344 mmmmm.
439 2283 477 2344 lu
500 2280 603 2344 tribus
624 2281 710 2342 euim
733 2280 822 2342 horis
842 2300 865 2343 a
885 2281 1077 2342 monasterio
1097 2279 1305 2342 incucumen
1327 2298 1381 2340 ve-

194 2383 325 2446 ·nimus
358 2383 494 2448 Cnemis
515 2392 622 2448 autem
638 2383 831 2465 terminatis,
853 2403 937 2465 quae
953 2387 987 2448 in
997 2393 1240 2448 montesancto
1256 2381 1381 2466 agenda

211 2493 313 2565 erant,
335 2484 553 2568 disposuimus
576 2505 638 2552 nos
657 2486 700 2550 ad
730 2487 899 2552 ulteriores
930 2489 1058 2553 labores
1096 2496 1128 2551 et
1158 2489 1380 2571 processimus
1433 2561 1434 2566 ἵ

211 2586 325 2669 modo,
345 2605 408 2670 quo
429 2591 584 2675 sequitur.

582 2878 801 2977 Progressio
826 2879 988 2954 ulterior.

210 2989 286 3089 (ll)
307 2991 523 3070 Descensus
547 2998 821 3097 peregrinorum
846 2998 893 3074 de
915 3005 1036 3071 moute
1052 2994 1149 3069 Oreb
1175 3003 1216 3068 et
1241 2994 1383 3093 aliquo-

210 3137 285 3186 rum
305 3114 578 3214 peregrinorum
603 3139 787 3192 ascensus.
805 3117 843 3190 in
873 3125 1030 3190 montem
1062 3112 1104 3189 S.
1139 3111 1380 3189 catharinae.

292 3315 432 3399 Expleta
460 3314 631 3379 collatione
666 3315 894 3398 paululumque
915 3317 1052 3380 recreati
1073 3312 1312 3376 descendimus
1342 3312 1382 3373 de

208 3425 316 3480 monte
336 3429 449 3481 eontra
470 3418 669 3484 occidentem
694 3438 922 3502 perpraeceps
944 3421 1032 3482 viam
1057 3416 1291 3501 periculosam,
1314 3426 1383 3477 ter·

208 3518 330 3582 ribilem
342 3530 374 3584 et
385 3523 561 3587 saltuosam
574 3523 680 3596 uelde,
703 3523 759 3603 ita,
781 3522 866 3604 quod
887 3539 1126 3605 nonnumquam
1142 3537 1289 3582 necesse
1312 3519 1382 3596 init,
1436 3595 1437 3600 ἵ

206 3630 241 3684 ut
263 3623 524 3690 submitteremus
545 3643 605 3690 nos
626 3625 777 3688 deorsum
798 3625 982 3708 perscitus,
1003 3627 1038 3686 in
1058 3633 1206 3687 ventrem
1229 3641 1297 3686 nos
1320 3641 1383 3704 po-
1436 3611 1437 3688 J

207 3723 320 3792 nendo.
342 3743 441 3811 super
468 3731 663 3813 praecipites
684 3747 791 3810 rupes.
835 3729 942 3812 Saepe
963 3729 1059 3791 etiarn
1080 3728 1114 3791 in
1134 3728 1196 3790 hoo
1216 3727 1387 3791 descensu
1436 3707 1437 3752 ¹

204 3829 396 3894 venimusln
408 3833 566 3915 capitibus
577 3833 701 3913 rupium
715 3833 749 3893 in
760 3839 867 3895 cretas
879 3835 953 3896 vius
965 3830 1195 3914 dependentes,
1206 3831 1240 3892 in
1259 3832 1385 3914 quibus

204 3951 302 3998 casus
323 3935 439 3998 fuisset
458 3936 601 3999 crudelis
623 3952 730 4018 mors,
760 3952 833 3997 uam
857 3935 1008 3999 deorsum
1031 3955 1089 4019 per
1119 3934 1303 3997 altissimas
1324 3954 1389 3996 ru-

203 4039 292 4120 plnm
314 4037 453 4120 penates
475 4039 560 4122 quis,
581 4058 656 4101 mox
677 4049 712 4102 ut
742 4038 856 4123 pedem
879 4057 944 4102 non
966 4048 1055 4103 recte
1079 4039 1266 4122 posuisset,
1291 4039 1391 4100 ceci-
1436 4051 1437 4132 p

203 4137 364 4210 diruetur
396 4142 501 4204 vulles
528 4141 714 4225 horribilem
745 4140 941 4226 tandemque
973 4146 1122 4208 venimus
1151 4141 1185 4202 iu
1208 4141 1384 4223 quoddam

203 4246 447 4324 morrasterium,
468 4243 587 4306 dictum
609 4243 650 4306 ad
672 4243 887 4328 qnadraginta
915 4255 1065 4330 sanctos,
1093 4256 1127 4310 et
1153 4244 1198 4306 ibi
1228 4246 1387 4328 ingressi

208 4340 378 4402 ecclesium
400 4343 606 4406 adoravimus
626 4354 659 4410 et
687 4346 904 4428 indulgentias
926 4351 1106 4432 recepimus
1129 4349 1197 4429 (†)·
1243 4351 1389 4416 nitere·
