2962 5022
711 335 775 400 trs

155 519 313 602 videatur,
335 533 430 600 qrram
453 523 491 578 ut
512 523 628 597 postea
650 514 877 598 voluptuosius
903 526 935 580 et
959 519 1167 600 appetentius
1188 519 1332 582 omniun

156 622 319 708 turpitudo
341 619 485 685 libidinis
507 617 586 700 (65
600 625 646 696 tt)
669 631 868 684 exerceatur.
913 618 1051 688 Multum
1072 623 1333 707 inquietudinem

156 729 371 794 sustinuimus
393 727 541 789 noctibus
561 736 692 810 propter
711 727 901 790 insolentias
920 745 1031 790 aurum
1046 729 1215 812 perillum
1237 747 1334 790 meu-

156 851 243 916 soru‚
276 833 362 895 sieut
389 831 562 915 sequentia
595 830 766 900 docebunt.
822 833 926 914 Igitur
956 831 1009 894 die
1037 834 1334 916 appropinquante,

156 938 233 1002 dnm
254 955 294 1001 se
315 937 571 1020 ingrtrgitassent
594 943 627 997 et
646 937 790 1000 eumelus
814 955 949 1002 onerare
970 937 1112 1019 vallent,
1134 939 1334 1000 inuenerunt

157 1043 221 1106 sibi
253 1061 351 1104 unum
382 1041 541 1104 carnelum
578 1040 662 1103 furto
692 1041 866 1105 obductum
900 1059 988 1111 esse.
1038 1042 1211 1124 vagantur
1242 1042 1332 1104 enim

161 1148 252 1210 liures
274 1164 333 1230 per
353 1143 537 1226 desertum,
559 1146 616 1228 qni
637 1147 670 1207 in
689 1147 823 1228 rupibus
842 1165 902 1228 per
923 1145 1008 1209 diam
1029 1153 1121 1208 sturm
1141 1152 1176 1207 et
1198 1151 1332 1207 transo-

159 1259 256 1316 untes
284 1260 407 1313 turmas
429 1247 654 1334 oonsitlersnt,
689 1251 745 1313 nbi
775 1252 926 1314 nautibus
955 1259 1123 1331 maneant,
1144 1259 1178 1314 et
1201 1249 1332 1314 munaus

165 1355 399 1420 dormientibus
432 1354 613 1418 subintrant
645 1353 774 1419 oeuulte
806 1364 838 1418 et
872 1355 1005 1420 solvunt
1035 1353 1093 1418 vel
1124 1355 1237 1417 asinos
1275 1359 1333 1416 sut

158 1460 302 1524 eumelus
329 1467 363 1522 et
384 1459 567 1540 adripiunt,
588 1461 619 1520 si
640 1469 794 1543 possunt,
816 1469 948 1543 sportas
969 1467 1005 1522 et
1025 1476 1154 1522 samos.
1196 1459 1332 1522 turbati

158 1573 268 1628 entem
290 1571 382 1626 erunt
403 1564 567 1627 camelarii
588 1574 621 1626 et
642 1563 705 1626 dno
728 1563 769 1626 de
790 1565 839 1628 eis
861 1583 935 1628 oum
958 1566 1063 1630 bast'm
1083 1583 1143 1646 per
1163 1563 1328 1645 rugium

156 1669 390 1748 discurrerunt,
424 1676 620 1750 quaerentes
651 1668 805 1750 bestium,
840 1687 902 1732 uos
940 1689 1021 1733 vero
1052 1687 1152 1732 onero
1182 1666 1330 1750 perditae

160 1773 285 1835 bestiae
314 1770 408 1835 alteri
431 1773 643 1854 imposuimus
664 1782 697 1835 et
719 1772 762 1835 de
781 1773 954 1838 buuomris
976 1773 1113 1857 protecti
1136 1789 1250 1836 sumus
1270 1791 1331 1854 per

158 1877 231 1941 lona
252 1893 399 1940 srenoso„
441 1876 522 1941 Post
542 1883 612 1940 tres
634 1887 741 1942 autem
764 1880 862 1942 boras
882 1888 1043 1942 venerunt
1068 1877 1233 1941 osmelarii
1254 1895 1332 1940 eun

158 1984 265 2048 bestie
286 1981 410 2066 perdite
432 1991 466 2044 et
494 1983 655 2047 habebunt
683 1985 881 2047 vestimenta
901 1985 1061 2067 sauguine
1092 1999 1269 2065 conspersa
1295 1989 1332 2044 et

158 2087 273 2150 inustas
305 2105 421 2150 eruore
457 2087 640 2171 madentes3
670 2089 864 2152 invenerunt
902 2091 987 2152 enirn
1020 2087 1102 2152 dnos
1136 2087 1226 2149 birras
1255 2103 1330 2148 oum

158 2192 266 2255 bestia
286 2193 321 2254 in
343 2191 481 2275 quodam
506 2209 623 2275 speon,
654 2193 696 2256 ad
719 2212 814 2276 quern
842 2195 992 2276 vestigiis
1021 2193 1147 2255 bestiae
1166 2198 1202 2252 et
1224 2191 1331 2253 lurum

158 2297 369 2379 prodentibus
390 2306 561 2379 venerunt,
582 2317 679 2361 unum
701 2307 809 2362 sutem
832 2319 875 2361 ex
892 2299 958 2362 illis
977 2300 1072 2363 busta
1088 2295 1330 2377 interfecerunt,

157 2398 242 2462 alter
274 2399 447 2483 prolapsus
481 2405 587 2466 erasit
619 2413 764 2467 mortem.
807 2402 933 2466 Similis
963 2411 1016 2464 est
1037 2417 1137 2464 nasus
1167 2399 1224 2462 ille
1244 2401 1331 2462 siunt

157 2502 318 2584 Virgilius
349 2505 390 2567 de
422 2507 565 2569 Hercule
600 2525 711 2570 onsnrn
731 2509 875 2570 recitat.
930 2508 1014 2570 Dum
1052 2509 1138 2568 euiut
1169 2504 1332 2568 Hercules

157 2607 335 2688 hospitaret
360 2626 433 2672 euru
445 2611 608 2692 ilvandro,
626 2613 729 2675 boves
749 2630 829 2674 suos
850 2611 971 2675 loonvit
992 2612 1032 2674 ad
1050 2617 1208 2679 armenta.
1228 2609 1331 2676 Porro

161 2727 227 2771 non
258 2707 357 2790 longe
377 2728 398 2772 a
419 2712 491 2774 louo
523 2714 686 2778 habitabat
707 2717 740 2777 in
770 2714 908 2798 quodum
941 2721 1034 2775 antro
1061 2713 1158 2796 gigas
1186 2714 1331 2796 ingentis

156 2821 312 2894 staturae,
333 2812 443 2878 Canus
454 2816 571 2903 dietus,
593 2817 681 2883 illins
693 2820 846 2896 Vulcani,
873 2827 1010 2883 voinens
1026 2837 1082 2882 ura
1093 2821 1199 2902 ignes,
1221 2819 1331 2900 ibique

157 2920 337 2982 latrociniis
359 2930 392 2985 at
413 2921 507 2986 furtis
538 2933 674 2988 eunmus
704 2925 863 2988 turbabat.
906 2926 972 2988 Hie
991 2943 1013 2987 u
1033 2941 1134 3006 speon
1168 2940 1329 3006 egressu

157 3031 260 3088 nootn
280 3024 384 3088 boves
403 3027 557 3091 Herculis
577 3028 681 3092 eanda
703 3031 800 3092 traxit
821 3032 854 3091 in
876 3037 1020 3111 antrum,
1041 3046 1125 3111 qnos
1144 3026 1219 3090 dutn
1240 3027 1332 3089 Her-

158 3129 250 3192 uules
271 3128 446 3196 diminutos
477 3141 643 3216 eerneret,
674 3152 737 3196 nee
758 3152 910 3216 quorsum
933 3143 1097 3198 errassent
1125 3140 1239 3214 posset
1267 3129 1332 3193 sd·

155 3242 301 3315 vertere,
331 3236 456 3298 invenit
486 3237 628 3319 vestigia
659 3237 740 3300 furis
779 3237 822 3301 de
851 3245 997 3300 armento
1019 3236 1060 3300 ad
1092 3245 1237 3318 ttntrum,
1268 3235 1332 3298 ad-

156 3339 256 3400 onrrit
277 3339 457 3423 Hercules,
490 3343 525 3406 vi
547 3342 634 3406 illum
658 3362 700 3407 ex
721 3352 813 3406 antro
844 3341 954 3406 eduxit
989 3348 1023 3404 et
1046 3341 1140 3405 olavo
1168 3340 1331 3405 interemit

159 3442 330 3528 bovesque
350 3444 491 3511 reduxit.

240 3649 369 3714 interea
398 3671 555 3735 prooessu
590 3657 778 3718 uontiunrto
813 3662 908 3718 extra
938 3664 1090 3722 montena
1118 3655 1267 3720 vonimus
1295 3655 1330 3716 in

156 3753 322 3837 regionem
350 3757 500 3840 Madian,
531 3777 630 3841 snper
662 3739 894 3840 littus'maris
915 3762 1018 3842 rubri,
1040 3760 1189 3844 qusmvis
1218 3757 1327 3821 adhue

73 3901 80 3920 .
154 3860 251 3944 longe
270 3877 419 3926 essemus
442 3864 482 3926 ub
504 3865 605 3945 uqnis
627 3865 730 3926 llaeo
751 3865 839 3949 regio
862 3863 979 3938 dieitur
998 3863 1140 3946 Madian,
1159 3882 1179 3927 a
1195 3863 1331 3926 oiritste

153 3966 309 4049 Madian,
337 3985 433 4050 quarn
454 3966 685 4031 aedificaverat
705 3968 836 4052 quidam
858 3969 944 4032 lilius
961 3953 1116 4033 Abrabae
1137 3968 1178 4032 da
1195 3966 1329 4046 Ketnra,

154 4067 262 4133 dietus
283 4071 432 4155 Madian,
464 4091 601 4156 eamque
633 4075 754 4137 numini
775 4091 835 4137 suo
865 4074 1046 4154 dedicavit,
1078 4077 1165 4139 siout
1195 4073 1332 4136 babetur

154 4168 278 4236 (iones.
311 4175 420 4245 lel.
475 4175 528 4251 llo
559 4178 616 4240 illa
648 4180 781 4242 ciuitate
815 4179 909 4262 primi
948 4188 1146 4242 mercatores
1179 4177 1332 4259 leguntur

160 4271 282 4332 Genes.
304 4275 358 4335 ³6.
393 4278 497 4339 luisse
517 4279 743 4362 Madianitae,
759 4285 816 4364 qui
838 4293 984 4346 emerunt
1014 4283 1151 4365 Josepb.
1194 4285 1247 4344 De
1268 4282 1332 4344 lrao

157 4365 218 4422 tuit
238 4367 366 4448 Jethro,
389 4377 509 4451 primas
531 4389 564 4439 et
584 4381 737 4462 princeps
758 4383 908 4465 Medion,
946 4383 1073 4468 dequo
1094 4389 1191 4450 etis·
1231 4403 1332 4468 supra
