3014 4864
704 260 766 326 loe

150 447 226 510 deb.
239 445 300 527 itt,
323 443 409 527 quod
428 441 606 525 discipulus
625 441 801 506 ille'notus
833 449 902 505 eret
917 441 1073 524 pontidei.
1117 441 1219 506 Juxta
1237 439 1322 506 heu

153 551 279 614 demum
301 548 408 631 stsbbt
423 565 496 610 'uua
517 547 671 612 musobeo
692 547 897 609 ssrrsoeuioo'
915 556 1036 629 opertu,
1060 555 1093 610 et
1106 547 1182 628 quis
1199 545 1321 610 nullum

153 655 367 718 Serreeenum
381 653 532 734 vidimus,
551 652 693 733 ingressi
706 668 819 714 sumus
832 653 865 712 in
876 668 959 730 eom,
977 649 1038 712 sed
1048 649 1127 714 nibil
1143 651 1320 733 pulebrunp

154 759 234 822 nibil
257 759 420 839 devotum,
444 755 524 818 nibil
546 754 761 818 desiderabile
778 755 822 818 ibi
843 753 994 836 vidimus,
1025 753 1086 816 sed
1114 761 1238 817 tontum
1259 756 1322 820 bs-

154 864 332 926 bitsoulum
353 842 503 943 vseunm,
527 858 768 940 testemonium,
790 857 970 939 rotundum,
991 875 1050 940 per
1069 857 1323 939 pertetendol-

155 968 275 1050 bolum,
298 976 331 1029 et
353 964 519 1048 lampades
541 964 582 1027 de
603 961 766 1025 testudine
785 960 1016 1044 dependentes,
1041 970 1073 1023 et
1101 963 1321 1042 perimentum

158 1073 268 1133 ntottis
302 1078 501 1153 coopertum,
534 1070 567 1130 in
599 1069 715 1149 quibus
742 1067 985 1150 genuflexiones
1017 1075 1050 1126 et
1077 1065 1321 1129 incurvationes

135 1161 234 1238 ‘suos
254 1175 377 1237 isoiuut
404 1175 439 1236 in
461 1167 663 1237 or'otionibus
683 1191 803 1236 eorum.
846 1174 920 1233 lieo
940 1171 1012 1234 viso
1033 1170 1175 1251 regressi
1196 1184 1319 1232 sumus.

153 1280 256 1341 Porro
278 1277 350 1341 loeo
366 1277 434 1361 jorn
456 1277 543 1341 dioto
567 1287 643 1341 sunt
659 1293 759 1361 prope
779 1275 931 1358 ternplum
950 1275 1094 1355 Domini‚'
1113 1271 1199 1357 quod
1220 1272 1319 1336 Solo-

156 1383 262 1447 monis
283 1387 459 1446 nominent·

199 1497 201 1502 '
236 1487 318 1550 Post
353 1488 414 1550 boo
445 1489 655 1552 transivimus
684 1494 796 1550 eontra
823 1483 993 1566 templum,
1026 1492 1061 1544 et
1094 1486 1128 1546 in
1158 1483 1233 1546 vieo
1261 1487 1344 1564 pier·

154 1591 272 1654 ostium
302 1568 461 1674 quoddt‘tm
481 1595 753 1675 introspeximus,
787 1600 819 1654 et
847 1589 881 1650 in
911 1591 1002 1651 euris
1027 1588 1176 1670 vidimus
1200 1587 1319 1649 multos

153 1693 352 1760 Sarracenos
371 1705 497 1760 stantes
510 1715 583 1760 eum
603 1695 720 1775 situlis,
743 1697 850 1757 uroeis
872 1702 904 1756 et
916 1693 1079 1774 amphoris
1089 1692 1131 1756 od
1143 1691 1320 1755 tollendum

153 1803 279 1882 equom,
302 1819 386 1883 quse
409 1801 456 1864 ibi
477 1801 610 1882 copiose
631 1817 704 1862 oum
726 1799 846 1880 impetu
866 1798 907 1859 de
929 1797 1035 1860 seneli
1057 1798 1255 1879 erumpebat,
1278 1795 1319 1858 de

153 1921 217 1986 quo
238 1905 448 1974 vehementer
460 1905 594 1966 minens
615 1903 671 1984 ini,
686 1920 767 1970 oum
789 1919 918 1983 semper
941 1900 1072 1984 legerim
1085 1910 1120 1962 et
1133 1900 1319 1980 audiverim,

153 2009 315 2070 eivitetem
329 2015 476 2069 sonutam
497 2023 609 2068 esrere
630 2006 724 2088 equis
747 2005 841 2066 vivis.
885 2002 953 2066 Sed
973 2013 1087 2084 postes
1100 2005 1318 2084 experimento

153 2109 268 2192 didioi,
291 2109 377 2191 quod
398 2125 503 2190 equae
530 2107 607 2170 illoe
627 2109 725 2188 longe
746 2125 766 2168 s
790 2107 924 2167 eivitste
938 2111 1066 2166 'ssuots
1104 2091 1254 2166 emenont
1287 2116 1320 2168 et

153 2231 212 2296 per
229 2215 377 2296 gurgites
401 2222 433 2274 et
453 2211 580 2274 eeuslie
599 2209 845 2274 introducuntur
865 2211 899 2269 iu
919 2209 1122 2290 Jerusalem,
1144 2207 1319 2290 dequibus
1357 2221 1369 2242 ·

153 2335 213 2383 suo
238 2319 309 2382 loeo
332 2316 661 2381 deseruisses.
685 2315 722 2378 B.
765 2317 824 2378 Ab·
839 2313 893 2377 illo
916 2313 987 2393 loeo
1010 2314 1215 2378 oseeudirous
1237 2331 1319 2377 oon-

153 2432 208 2487 trs
223 2424 378 2506 templum
400 2423 441 2485 sd
462 2441 562 2489 uuum
584 2422 818 2486 testudinatum
841 2423 960 2502 vicum,
981 2439 1040 2504 per
1062 2439 1156 2504 quem
1178 2420 1220 2484 sd
1240 2438 1319 2502 por-
1375 2457 1381 2467 -

153 2529 394 2610 tumgrendem,
406 2545 491 2610 quse
511 2527 600 2592 duoit
619 2531 655 2591 in
674 2527 921 2610 templistrium,
945 2526 1163 2592 trerrsivimus.
1206 2525 1318 2609 Porro²

82 2680 84 2685 .
153 2631 227 2714 (B)
253 2634 378 2714 inipso
398 2634 474 2695 vieo
494 2642 585 2695 erunt
608 2634 728 2696 multoe
749 2641 932 2715 potegseet
953 2631 1073 2696 volves
1082 2632 1318 2714 negotiatorum

153 2735 193 2796 sb
212 2743 350 2817 utroque
381 2743 487 2818 porte,
509 2754 648 2817 eumque
669 2735 819 2801 viderent
842 2755 902 2800 tros
924 2745 1037 2799 eontra
1059 2745 1183 2818 portem
1206 2728 1318 2814 templi

152 2847 383 2924 properantes,
415 2849 623 2916 oeeurrerunt
644 2839 738 2901 multi
765 2839 807 2901 sd
837 2858 924 2921 nosy
948 2849 983 2902 ut
1009 2857 1069 2917 nos
1099 2842 1138 2900 ob
1155 2839 1318 2918 .iugressu

155 2941 265 3021 templi
287 2949 442 3002 eruerent.
486 2943 640 3004 Diximus
662 2944 711 3004 eis
731 2945 853 3024 sigule,
877 2942 963 3025 quod
986 2962 1051 3004 non
1077 2941 1237 3004 vellemus
1264 2941 1318 2998 in·
1445 2983 1448 2987 .
1498 2965 1499 3018 l

155 3050 251 3124 trote,
272 3043 332 3104 sed
353 3052 475 3104 tontum
497 3053 573 3106 oute
594 3051 721 3125 portem
742 3044 879 3107 odorere
896 3045 1011 3126 Deum,
1035 3047 1135 3106 etita
1157 3042 1317 3124 permise-

156 3155 229 3206 runt
260 3163 320 3206 nos
342 3144 383 3207 sd
417 3158 539 3227 portem
562 3145 738 3228 secedere,
766 3153 800 3208 et
828 3147 873 3209 ibi
906 3148 1000 3210 flexis
1031 3149 1171 3228 genibus
1205 3151 1318 3212 eontra

154 3248 309 3332 templum·
329 3249 458 3313 Domini
479 3253 653 3326 oravimus,
677 3251 888 3334 respieieutes
909 3255 942 3313 iu
963 3253 1078 3315 atrium
1098 3258 1130 3314 et
1148 3247 1316 3330 templum,

154 3353 240 3436 quod
267 3361 374 3416 tomen
410 3355 491 3436 ipsis
520 3355 711 3418 Sorrseenis
743 3365 812 3418 eret
835 3358 1035 3438 molestum,
1069 3365 1101 3420 et
1133 3347 1317 3418 elor‘r‘lobout

152 3465 266 3520 ooutrs
286 3476 359 3526 uos.
400 3459 477 3542 Ipso
497 3459 670 3536 vernonii
690 3467 863 3540 portoerst
886 3479 1003 3545 mque
1024 3457 1316 3544 eungrovissimis

153 3561 274 3642 ferreis,
294 3565 451 3626 veetibus.
505 3564 769 3642 nicodemum,
802 3565 886 3629 bene
916 3585 990 3629 esse
1023 3577 1147 3650 portam
1166 3557 1313 3650 ‘'iegesm

153 3667 250 3750 illem,
272 3667 313 3730 de
334 3655 404 3750 qus
416 3669 555 3733 babetur
576 3668 716 3732 Aotuum
739 3670 822 3750 xll,
842 3687 1014 3752 perquem
1044 3669 1154 3734 eduxit
1181 3665 1316 3772 angelus

152 3770 292 3853 Petrum,
314 3780 347 3833 et
366 3789 425 3852 per
445 3773 565 3853 meum,
588 3777 664 3853 quio
683 3791 792 3836 eereer
804 3774 892 3836 Petri
913 3784 980 3837 eret
1000 3777 1040 3837 sb
1054 3772 1147 3837 inira.
1191 3771 1317 3834 Deinde

153 3886 210 3956 per
230 3876 336 3937 vieum
359 3877 483 3938 reversi
503 3893 637 3959 surmus,
658 3887 691 3940 et
709 3886 864 3960 gyrantes
885 3877 927 3939 sd
955 3878 1051 3951 elium
1086 3876 1316 3941 testudinatum

152 3979 259 4040 vioum
281 3979 439 4061 venimus,
460 3997 519 4061 per
539 3982 757 4062 quemetittm
778 3981 928 4044 introitus
954 3990 1005 4044 est
1026 3980 1067 4044 od
1090 3981 1261 4063 templum,
1284 3979 1316 4039 in

153 4098 216 4162 quo
234 4083 609 4166 similiternegotiotoree
626 4083 835 4149 sedebuntiu
857 4087 994 4168 potegis
1039 4087 1184 4168 ingressi
1206 4067 1315 4145 eutem

154 4192 257 4266 usque
277 4185 320 4248 od
347 4188 457 4270 templi
479 4196 602 4270 portem
630 4191 840 4271 somsdmus,
863 4207 924 4252 neo
944 4190 1103 4252 olomores
1132 4205 1194 4250 nee
1227 4205 1316 4246 rnor-

153 4302 244 4350 mure
279 4288 530 4356 Sorreoenorum
561 4291 768 4375 advertimus,
815 4311 877 4356 nee
913 4293 1159 4376 prohibitionem
1198 4290 1315 4370 culini,
