2926 5050
221 615 307 702 qood
330 611 486 700 quaedam
505 611 605 676 barba
622 613 741 675 mesca
761 614 793 672 in
814 610 875 674 illo
895 611 1034 694 deserto,
1057 630 1142 694 quae
1159 621 1307 674 ventur
1327 612 1388 674 lon-

218 729 335 804 gusta,
377 737 474 801 quam
513 717 668 798 vulgares
706 715 796 778 latini
831 727 984 799 corrupte
1016 720 1183 787 nominum
1223 718 1387 780 locustam.

220 821 622 904 Debaclrerbacolliguut
644 837 805 902 pauperes
826 837 966 900 umque
984 818 1194 902 manduceut3
1210 831 1248 882 et
1261 831 1388 883 ειιιιιιιιι

216 929 386 991 Jobaunes
425 923 467 988 de
496 943 537 986 ea
569 933 685 1007 pastus
719 909 811 988 icit.'
835 921 930 986 Unde
957 924 1080 1005 antiqui
1110 926 1268 987 monachi
1304 924 1389 1005 juxta

218 1031 394 1094 Jordanem
426 1029 610 1092 habitantes
639 1027 773 1091 cottidie
795 1029 829 1090 in
850 1027 1033 1090 refectoriis
1054 1029 1123 1090 suis
1144 1047 1184 1091 eo
1204 1030 1387 1091 utebautm.

217 1137 285 1200 blei
305 1145 412 1199 autem
432 1133 585 1196 silvestre
610 1131 743 1216 quidam
765 1131 876 1194 dieunt
898 1130 978 1193 illud
1000 1149 1090 1214 esse,
1120 1133 1205 1214 quod
1230 1134 1389 1215 reperitur

217 1244 251 1304 in
274 1241 397 1304 truncis
419 1241 565 1301 arborum
598 1257 656 1319 per
679 1254 758 1318 apes
780 1243 1020 1316 comportatum.
1067 1235 1132 1297 Alii
1156 1235 1287 1318 dicunt,
1311 1234 1390 1319 quod
1427 1259 1428 1262 ¹

217 1349 285 1410 sint
306 1343 463 1428 quaedam
476 1340 660 1424 arundines,
677 1339 839 1423 inquibus
862 1338 966 1401 dulcis
987 1357 1106 1401 succus
1127 1341 1290 1422 nascitur,
1313 1357 1388 1422 quae
1427 1327 1428 1340 ³

217 1453 368 1510 crescant
386 1443 482 1524 juxta
501 1445 688 1527 Jordanem,
709 1461 792 1526 quas
821 1461 882 1505 nos
903 1445 1106 1506 nominamus
1124 1461 1250 1507 cannas
1275 1445 1388 1524 mellis,

219 1549 389 1632 dequibus
400 1567 464 1612 non
481 1548 554 1631 mel,
571 1549 630 1611 sed
644 1549 813 1632 pretiosior
830 1547 955 1629 liquor,
976 1549 1162 1623 zucbarm,
1184 1551 1386 1632 exprimitur,

218 1651 271 1716 Ile
297 1654 349 1716 his
370 1652 476 1716 mellis
502 1653 614 1716 dieunt
639 1653 821 1716 Jobannem
854 1651 1079 1714 manducasse.
1123 1651 1191 1715 Sed
1215 1654 1276 1716 alii
1310 1670 1406 1734 peu-4

218 1766 331 1821 santes
357 1757 492 1820 verbum
512 1758 663 1838 Domini,
694 1755 833 1819 dicentis
853 1756 963 1818 blattb
987 1757 1052 1818 Xl:
1084 1759 1175 1820 venit
1204 1757 1385 1837 Jobannes,

218 1861 332 1945 inquit,
354 1879 419 1926 nou
440 1862 650 1943 manducans,
672 1879 778 1943 neque
789 1862 901 1923 bibens
913 1867 996 1941 etc,
1027 1862 1075 1922 ibi
1099 1861 1208 1925 dicunt
1225 1863 1383 1938 doctores,

217 1963 274 2028 ille
295 1965 411 2029 dicitur
430 1985 495 2031 non
516 1967 709 2030 manducare
731 1983 838 2049 neque
849 1966 969 2045 bibere,
990 1965 1126 2047 quinon
1138 1968 1303 2029 communi
1319 1966 1384 2028 cibo

220 2077 252 2131 et
275 2077 351 2151 potu
372 2070 533 2134 hominum
556 2072 665 2154 utitur,
687 2081 719 2133 et
741 2070 814 2152 hoc,
838 2068 923 2152 quod
940 2069 1048 2150 sumit,
1068 2070 1261 2151 parcissime
1277 2071 1382 2145 sumit,

222 2180 256 2235 et
277 2172 309 2237 in
338 2171 513 2238 solitudine
536 2175 626 2238 solus
651 2159 819 2237 aniatens.⁸
854 2173 955 2234 biella
982 2181 1091 2235 antem
1123 2174 1290 2255 praedicta
1322 2181 1383 2235 tam

221 2275 263 2342 de
285 2279 407 2342 truncis
429 2279 574 2363 collecta,
596 2297 692 2362 quam
714 2277 754 2340 de
775 2278 889 2340 cannis
910 2285 965 2338 aut
986 2277 1196 2340 arundinibus
1217 2294 1381 2362 expressa,

220 2387 358 2447 veniunt
379 2384 411 2445 in
433 2385 540 2448 cibum
562 2403 624 2448 non
648 2401 847 2448 communem
869 2381 1047 2462 hominum,
1081 2381 1141 2442 sed
1172 2383 1328 2446 nobilium
1355 2387 1382 2440 et

222 2483 328 2563 (2⁰1
350 2485 403 2561 Δ)
437 2486 645 2549 delicatorum
675 2496 707 2549 et
739 2485 1001 2568 crapulosornm,
1034 2494 1067 2548 et
1087 2488 1151 2548 cibi
1173 2487 1237 2565 alii,
1260 2496 1296 2550 ut
1322 2488 1381 2547 sint
1427 2477 1428 2554 l

221 2586 410 2651 delicabiles
432 2598 465 2651 et
487 2591 652 2671 saporosi,
685 2590 879 2653 condiuntur
900 2597 934 2650 et
966 2588 1061 2651 melle
1087 2599 1119 2651 et
1141 2592 1305 2671 zucharo,
1327 2588 1382 2650 de

220 2691 337 2773 quibus
358 2691 395 2759 S.
416 2691 599 2755 Jobaunem
621 2693 836 2758 manducasse
858 2692 967 2756 dicere
991 2694 1042 2756 ias
1063 2713 1127 2756 nou
1150 2703 1215 2777 est,
1243 2695 1274 2756 si
1301 2693 1381 2755 enim
1427 2677 1428 2694 ¹

219 2793 252 2857 in
276 2793 369 2856 domo
387 2801 522 2876 paterna
535 2796 635 2858 noluit
657 2798 826 2860 comedere
848 2798 953 2860 cibum
972 2806 1109 2881 coetum,
1133 2800 1267 2880 tructus,
1289 2799 1382 2880 legu-

220 2899 322 2980 mina,
354 2897 512 2982 quomodo
535 2900 568 2961 iu
590 2899 717 2964 deserto
738 2901 947 2964 manducaret
970 2921 1164 2984 expressum
1197 2904 1379 2979 macharum,

220 3001 315 3067 savos
338 3011 371 3066 et
391 2999 510 3068 mellei
532 3003 655 3070 Dicunt
674 3023 762 3088 ergo,
784 3004 869 3088 quod
883 3007 948 3067 siut
965 3015 1072 3068 certae
1083 3007 1246 3089 quaedam¹
1258 3008 1381 3070 radices

220 3107 402 3192 barbarum,
434 3129 517 3194 quae
549 3112 752 3175 nominantur
777 3110 839 3170 mel
866 3109 1026 3172 silvestre.
1068 3110 1277 3192 Aliidieunt,
1298 3105 1380 3194 quod

220 3213 282 3278 mel
305 3213 457 3279 silvestre
477 3219 541 3280 sint
562 3215 721 3299 quaedam
743 3214 822 3278 tolia
843 3214 1041 3296 quarundam
1064 3217 1276 3297 arbustorum,
1302 3215 1380 3291 noa,

219 3325 331 3383 tenera
363 3327 397 3382 et
419 3321 555 3386 rotunda
567 3365 577 3402 ,
615 3339 699 3404 qnae
730 3321 879 3382 manibus
912 3321 1050 3382 coutrita
1078 3321 1198 3384 habent
1225 3320 1379 3404 quendam

219 3421 326 3484 mellis
348 3439 508 3503 saporem.
539 3422 605 3484 Alii
625 3439 705 3485 vero
727 3422 846 3504 dicunt,
867 3423 953 3504 quod
974 3425 1018 3486 ibi
1039 3434 1188 3487 crescunt
1204 3425 1380 3508 inquibus·

220 3521 294 3587 dam
316 3525 496 3586 arbusculis
524 3523 677 3606 folliculi,
698 3525 732 3587 in
754 3530 870 3609 quibus
889 3545 991 3610 grana
1012 3536 1090 3612 suut
1110 3529 1196 3591 sicut
1216 3529 1323 3611 sabae,
1344 3525 1380 3588 de

220 3627 337 3710 quibus
359 3612 475 3689 dieitur
492 3625 526 3688 S.
542 3623 710 3690 Jobannes
732 3630 954 3694 manducasse.
997 3631 1049 3694 De
1069 3633 1121 3695 bis
1143 3649 1275 3715 campus
1295 3640 1379 3696 totus

220 3727 279 3791 luit
302 3728 457 3813 repletus,
478 3727 606 3812 quaudo
627 3747 688 3814 ego
711 3733 757 3796 ini
779 3736 812 3795 in
833 3735 889 3797 illo
912 3734 1049 3818 deserto,
1072 3735 1131 3798 sed
1152 3736 1247 3798 tabae
1265 3737 1298 3798 iu
1318 3734 1379 3798 illis

218 3830 371 3896 tollieubs
392 3841 483 3894 erant
495 3831 603 3916 durae,
624 3845 659 3898 ut
680 3834 817 3920 lapides,
838 3857 900 3902 uec
917 3848 1060 3920 poteram
1083 3839 1232 3902 dentibus
1244 3838 1377 3922 aliquam

218 3933 373 3998 dividere.
417 3933 484 4000 Alii
505 3938 633 4024 dicunt,
655 3941 741 4024 quod
760 3943 795 4004 iu
816 3941 871 4004 illo
890 3941 1021 4004 deserto
1040 3945 1106 4006 sint
1129 3946 1278 4026 arbores,
1299 3962 1378 4026 qua-

218 4055 288 4102 rum
313 4039 451 4103 fructum
474 4042 597 4105 carrobi
619 4046 801 4126 nominant,
824 4048 909 4108 sicut
931 4055 1020 4128 patet
1042 4047 1192 4128 superius
1215 4047 1323 4111 sobbd
1342 4049 1376 4127 li,

217 4149 251 4204 et
272 4151 348 4206 suut
368 4144 498 4229 oblongi
520 4145 671 4230 folliculi,
693 4150 795 4232 nigri,
823 4150 878 4232 qui
912 4151 1100 4213 excorticati
1125 4151 1201 4214 boni
1233 4159 1308 4214 sunt
1338 4149 1376 4213 od

218 4245 491 4333 manducandum,
514 4259 546 4312 et
566 4253 627 4315 bos
649 4251 772 4316 tructus
795 4251 913 4342 ubique
934 4255 1101 4318 nominant
1127 4273 1243 4335 panem
1262 4254 1298 4317 S.
1317 4255 1375 4318 Jo-
1425 4278 1426 4306 ι

217 4353 345 4436 bannis,
367 4363 401 4416 et
422 4361 618 4418 mercatores
639 4357 821 4438 specierum
843 4355 877 4417 in
890 4358 967 4432 suis
995 4358 1124 4438 pategts
1152 4357 1314 4440 vendunt,
1344 4367 1372 4419 et

216 4457 251 4518 iu
268 4459 392 4520 oriente
412 4457 532 4520 nulllus
552 4459 647 4538 pretii
668 4466 764 4534 sunt,
789 4465 822 4518 et
843 4473 1001 4537 pauperes
1033 4460 1180 4522 homines
1214 4461 1373 4545 colligunt,
