2962 5022
621 467 630 484 ,
769 411 833 479 4OE

194 591 320 662 'dextro
349 593 461 658 latere.
504 593 583 657 Post
614 593 677 658 lroo
700 613 759 679 per
787 594 925 660 medium
959 595 1122 663 ecclesiae
1152 593 1383 661 descendimus

201 701 245 766 ad
270 707 455 788 extremam
472 698 654 763 columnam
675 697 768 782 Julii,
785 699 880 784 juxta
901 719 1000 783 qnam
1021 701 1222 764 orationibus
1242 701 1293 764 sd·
1306 703 1383 765 moi·
1405 787 1408 790 ‚

204 805 311 870 rulsm
334 811 494 866 vacantes
519 801 736 887 indulgentias
761 805 947 888 accepimus
969 805 1039 892 (is).
1081 807 1134 869 De
1154 807 1217 870 irac
1237 805 1383 869 descen-

211 910 319 974 dimaa
338 907 381 972 ad
401 905 582 973 columnam
604 910 747 992 Augusti
768 919 800 972 et
821 911 908 974 circa
929 925 1002 978 eom
1023 919 1157 974 sanctos
1188 929 1247 994 pro
1269 905 1384 974 indui-

115 1023 118 1030 “
204 1015 327 1100 paliis
346 1015 534 1098 rogavimus
552 1011 607 1094 (is)
627 1022 672 1095 ot,
687 1024 721 1079 nt
742 1033 921 1100 speremus,
933 1017 1077 1082 exauditi
1100 1018 1229 1080 luimus.
1251 1015 1383 1078 ileiudo

207 1119 249 1184 ad
270 1117 451 1184 columnsm
471 1117 672 1201 Septembris
691 1122 911 1202 processimus
933 1132 965 1186 et
988 1121 1162 1185 instsutius
1182 1117 1249 1204 pro'
1269 1121 1383 1184 indui·

203 1225 327 1308 gentile
353 1223 541 1308 rogsvimus
563 1223 623 1306 (†)
645 1233 678 1286 ot
698 1224 852 1308 exauditi,
873 1243 1051 1310 speremus,
1075 1225 1204 1294 inimus.
1246 1225 1299 1305 Ab
1322 1225 1382 1288 iiis

207 1313 250 1396 ad
271 1330 451 1396 columnam
475 1327 626 1392 Octobris
647 1329 852 1394 ascendimus
873 1340 906 1394 et
927 1332 972 1395 ibi
993 1331 1142 1414 genubus
1162 1331 1256 1393 ilexis
1277 1312 1383 1394 sanc-

203 1443 277 1518 tos,
299 1445 413 1517 ut‘pro
431 1433 526 1512 uobis
547 1427 692 1518 orarent,
720 1436 946 1526 invocavimus
967 1444 999 1498 ot
1020 1435 1239 1518 indulgentias
1260 1451 1382 1497 susce-

157 1521 160 1528 *
207 1541 320 1623 pimus
337 1540 404 1624 (†).
448 1536 655 1602 surreximus
677 1538 754 1602 inde
775 1549 807 1603 et
829 1520 1007 1604 columnam
1028 1529 1239 1603 'Novembris
1259 1555 1382 1602 acces·

203 1645 310 1707 simus
330 1653 362 1706 ot
384 1661 443 1726 pro
464 1641 673 1726 indulgentiis
693 1645 875 1709 instetimus
889 1646 956 1728 (†).
978 1645 1029 1707 lie
1050 1645 1112 1708 hac
1129 1633 1380 1725 ad'supro'msm

202 1755 238 1811 ot
259 1747 405 1812 altimum
427 1746 588 1810 ecciesiae
609 1747 788 1812 columnam
809 1751 1016 1814 ascendimus
1037 1758 1070 1813 et
1091 1756 1227 1812 sanctos
1251 1746 1379 1812 mensis

201 1850 394 1916 Decembris
409 1851 556 1914 venerati
569 1854 756 1937 snmus(†).
778 1853 830 1916 Do
845 1855 984 1918 ccclesia
999 1862 1236 1938 consequenter
1249 1855 1283 1914 in
1296 1853 1379 1916 oho-
1463 1843 1467 1850 ’

205 1941 274 2022 rum
312 1955 541 2024 monachorum
574 1957 782 2022 ascendimus
812 1968 844 2022 et
871 1976 979 2024 coram
1003 1945 1131 2023 summo
1161 1958 1254 2022 altari
1285 1962 1378 2025 strati

204 2061 302 2126 etism
323 2061 368 2126 ibi
402 2061 544 2156 divinam
567 2063 818 2156 inisericordiam
840 2065 1082 2148 imploravimus
1104 2072 1137 2126 et
1157 2062 1378 2149 indulgeudus

205 2168 390 2250 accepimus
411 2166 480 2249 (†)·
525 2167 587 2231 list
607 2178 713 2233 autem
736 2169 840 2233 altare
860 2171 950 2234 chori
972 2177 1193 2233 consecratum
1214 2169 1248 2231 iu
1270 2169 1379 2233 hono-

205 2291 272 2336 rom
307 2270 516 2336 Constantini
549 2273 663 2358 diagni
690 2277 896 2357 imperatoris
918 2285 951 2339 ot
982 2273 1131 2338 Helenae
1160 2274 1271 2336 matris
1293 2271 1378 2356 ejus,

208 2393 291 2462 qnos
311 2377 429 2440 Graeci
451 2394 578 2441 snmruo
598 2379 719 2442 honore
738 2391 943 2444 venerentur.

289 2483 518 2564 Praescriptas
533 2478 755 2566 'indulgentias
778 2484 936 2548 dederuut
963 2482 1009 2548 iili
1029 2469 1196 2566 ecciesiae
1211 2489 1243 2544 ot
1264 2479 1378 2562 copel-

203 2581 245 2646 lis
266 2585 382 2648 summi
404 2587 577 2667 pontifices
598 2585 770 2652 aGraecis
792 2590 906 2671 rogati,
928 2587 982 2652 voi
1004 2587 1045 2650 sd
1067 2593 1214 2670 rogatum
1236 2585 1378 2668 patriur-

126 2735 130 2744 .
208 2683 291 2784 cir'ae
306 2683 535 2776 'Alexandnnn
561 2691 617 2774 qni
638 2695 850 2756 communiter
867 2693 995 2756 Rornae
1016 2676 1172 2755 moretur..

290 2789 411 2856 Ultimo
441 2795 589 2874 regressi
612 2787 731 2859 sumus
748 2785 789 2860 ad
821 2796 1025 2880 sepulchrum
1057 2795 1219 2879 gloriosae
1239 2776 1378 2875 virginis

205 2893 244 2966 S.
267 2892 463 2960 Catirarinae
492 2906 526 2960 ot
558 2897 736 2964 deosculati
766 2911 884 2977 ,sumus
917 2901 987 2984 ejus
1019 2917 1145 2962 sacram
1173 2899 1315 2961 tumbam
1345 2906 1379 2960 et

204 3001 303 3086 linem
326 3003 532 3086 processioni
552 3003 698 3070 lecimus.
731 3001 917 3069 Notandum
940 3013 1058 3085 autern,
1080 3002 1166 3086 quod
1187 3022 1251 3066 uon
1273 3002 1378 3066 solnm

193 3108 261 3171 ·liio
283 3108 354 3192 die,
391 3107 451 3172 sed
481 3110 629 3184 omnibns
662 3109 777 3173 diebus
799 3119 831 3173 et
853 3093 954 3195 saepo
980 3111 1013 3172 in
1037 3105 1103 3172 uus
1134 3107 1249 3170 dicad
1271 3107 1379 3170 omnin

183 3195 352 3296 'praesuta
384 3211 457 3275 ioca
487 3213 755 3296 indulgentiarum
791 3215 1020 3298 transivimus,
1054 3212 1113 3276 sed
1141 3203 1212 3276 dies
1238 3211 1296 3275 ilia
1318 3212 1378 3276 luit

205 3315 278 3379 dies
299 3318 520 3400 processionis
541 3319 705 3383 solemnis.
957 3302 961 3312 ¹

287 3417 504 3486 processione
523 3423 614 3486 iiuite
636 3421 677 3488 ad
698 3423 914 3487 habitaculum
945 3431 1089 3487 nostrum
1116 3419 1324 3484 ascendimus
1346 3429 1379 3481 et

197 3523 295 3618 ¹cliros
317 3521 506 3608 paravimus
538 3547 596 3612 pro
618 3529 751 3612 prandio
773 3537 805 3591 et
824 3538 951 3617 'mature
972 3526 1012 3590 ad
1035 3525 1201 3611 prandium
1225 3523 1378 3588 consedi-

202 3643 296 3710 mus,
332 3629 408 3712 qnis
438 3649 552 3695 omues
582 3632 638 3704 iilo
670 3631 723 3696 die
752 3633 1057 3696 communicavimus
1086 3648 1204 3714 corpus
1235 3629 1376 3692 Domini.

203 3729 407 3804 dedentibus
441 3715 549 3798 autem
580 3736 676 3801 uobis
696 3736 737 3802 ad
770 3755 913 3801 mensam
952 3743 1112 3799 venerunt
1142 3733 1206 3798 duo
1228 3733 1378 3798 monachi

203 3827 409 3920 conventus,
433 3839 525 3902 missi
546 3839 588 3903 sd
612 3859 673 3905 nos
694 3855 713 3904 a
744 3851 836 3924 patre
865 3841 1052 3906 monasterii
1072 3857 1145 3902 cnm
1177 3835 1321 3921 propinis
1342 3845 1379 3900 et

203 3949 415 4026 portaverunt
452 3935 651 4026 apoferetam
688 3931 846 4009 ¹refertum
871 3965 951 4010 cum
993 3947 1089 4009 tortis
1121 3944 1276 4027 panibus,
1320 3944 1378 4026 qni

205 4056 299 4110 erant
320 4047 460 4112 coniecti
483 4067 556 4114 cum
577 4033 767 4134 speciebus,
799 4052 882 4115 sicut
909 4037 1061 4133 lebetum,
1082 4043 1209 4113 et'cnm
1236 4047 1379 4132 dactylis

205 4159 239 4214 et
260 4151 404 4236 ficubus,
427 4153 502 4216 uvis
525 4149 557 4216 et
577 4153 697 4237 botris,¹
719 4173 804 4240 quae
823 4137 935 4219 nescio
956 4156 1045 4218 uude
1062 4155 1194 4218 tulerint
1216 4162 1248 4216 ct
1269 4153 1378 4235 (cum)

204 4256 385 4318 cnmaiitsto
413 4254 490 4334 (stt
500 4257 547 4340 u)
584 4253 767 4323 obtulerunt
788 4260 890 4324 nobis.
933 4243 1139 4342 Accepimus
1165 4267 1271 4322 antem
1293 4259 1381 4321 hsoc

200 4369 276 4413 oum
312 4362 497 4420 reverentis
529 4367 562 4420 ot
608 4365 825 4439 portatoribus
865 4364 987 4448 aliquot
1025 4363 1174 4428 mudinos
1217 4361 1378 4425 dedimus.

197 4448 307 4512 Finito
328 4453 464 4538 prandio
485 4459 718 4524 accersivimus
729 4451 880 4528 Calinum
901 4475 935 4528 et
956 4469 1155 4550 rogavimus,
1177 4475 1213 4531 ut
1234 4465 1379 4550 amplius
