2896 4872
177 437 282 506 prauo
302 417 408 482 omnia
434 415 636 496 confitentur,
658 430 724 476 non
743 421 852 474 antem
874 413 952 476 viha
972 422 1007 475 et
1026 412 1269 496 ignominiosa.
1317 414 1371 476 De

175 525 315 606 Virgine
340 519 446 584 Maria
474 511 628 582 errantes
646 515 784 580 eredunt
807 535 879 579 eam
913 518 1017 580 inisse
1049 535 1197 580 sororem
1233 520 1370 584 Aaron.

176 627 325 711 Angelos
346 624 456 688 dicunt
477 625 596 688 hahere
618 639 752 704 corpora
791 631 824 683 et
846 621 887 684 ab
916 622 981 684 illis
1002 621 1140 703 Angelis
1179 622 1369 686 daemonia

177 733 281 814 lacta,
312 747 396 813 qnae
418 728 523 792 Adam
552 727 688 790 adorare
710 734 877 788 renueret..
916 726 1122 788 Patriarchas
1151 737 1303 790 sanctus
1335 737 1369 788 et

176 837 352 921 prophetas
374 832 486 896 dicunt
507 831 610 897 fuisse
621 831 832 911 Sarracenos,
847 838 881 890 et
900 831 1046 894 homines
1061 829 1186 893 diluvio
1201 834 1366 913 periisse,

176 943 253 1025 quia
292 939 462 1002 uoluerunt
491 937 562 1000 lieri
593 935 785 1017 Sarraceni,
828 943 860 997 et
888 934 975 1016 quod
1016 934 1167 1016 Apostoli
1198 955 1293 998 vere
1326 955 1365 998 se

179 1045 381 1110 Sarracenos
414 1041 555 1124 professi
588 1047 676 1103 suut.
725 1038 979 1122 Reprehendunt
1000 1037 1229 1122 Christianos,
1274 1039 1362 1120 qnod

179 1146 321 1209 habeant
353 1145 524 1226 episcopos
555 1151 588 1206 et
615 1144 825 1226 presbyteros
862 1161 986 1224 eosque
1015 1141 1185 1224 deificeut3
1221 1145 1294 1206 sed
1325 1153 1359 1206 et

176 1249 298 1313 derisui
319 1266 380 1310 uos
410 1248 546 1330 habant,
571 1247 656 1330 qnod
690 1248 816 1310 beatam
838 1248 1007 1330 Virginem
1029 1249 1124 1330 quasi
1145 1246 1359 1330 deificemus,

178 1353 341 1434 diceutes,
364 1351 452 1434 quod
474 1353 621 1416 Christus
643 1351 729 1434 apud
751 1351 854 1414 Deum
876 1371 915 1414 se
936 1351 978 1414 de
997 1353 1059 1416 hoc
1077 1361 1236 1434 excusat,
1269 1353 1358 1437 qnod

177 1457 272 1520 modu
294 1471 359 1518 uon
386 1454 474 1518 dedit
500 1464 632 1518 matrem
655 1477 713 1539 pru
735 1459 819 1526 Dea.
861 1457 914 1520 De
933 1457 1117 1521 Alchorauo
1138 1474 1203 1518 suo
1226 1455 1357 1536 dieunt,

176 1559 263 1646 qnod
295 1579 360 1622 unu
392 1560 487 1621 horno
527 1577 590 1623 nec
621 1559 769 1624 diabolus
808 1568 917 1643 potest
953 1569 1021 1624 tam
1059 1561 1215 1644 elegans,
1230 1622 1235 1642 ‚
1253 1561 1353 1624 dulce

107 1742 109 1752 Ι
177 1666 389 1748 mirabileque
406 1662 567 1727 dictamen
589 1683 790 1747 componere.
812 1663 1046 1729 Beatitudinem
1068 1665 1216 1728 ultimam
1238 1665 1355 1727 dicunt

179 1771 364 1834 consistere
386 1771 420 1832 iu
442 1770 616 1850 corporeis*
637 1769 873 1852 voluptatibus,
900 1768 1050 1852 crapula,
1079 1769 1185 1830 aliave
1212 1769 1354 1850 luxuria,

178 1884 292 1941 ornatu
313 1885 374 1937 etc.
399 1872 534 1938 Caelum
553 1873 753 1937 contendunt
780 1893 856 1937 esse
876 1883 1019 1937 erectum
1041 1892 1083 1935 ex
1104 1872 1203 1936 sumo.
1228 1873 1352 1935 anus

177 1979 292 2044 dicitnr
323 1979 492 2060 vaporatio
526 1979 634 2044 maris.
686 1980 780 2041 Mare
819 1979 934 2042 dicitur
980 1979 1071 2040 Mota
1105 1974 1224 2060 Capti,
1266 1975 1352 2060 quod

176 2085 278 2168 cingit
298 2082 407 2147 orbem
429 2092 462 2146 et
482 2092 645 2145 sustentat
676 2083 811 2146 coelum.
854 2083 965 2146 Solem
987 2089 1022 2143 et
1052 2081 1160 2166 lunam
1194 2099 1301 2162 pares
1319 2082 1352 2144 in

177 2187 338 2250 lnminca
367 2186 524 2270 principio
545 2187 657 2250 dicunt
678 2188 790 2250 luisse.
830 2187 906 2249 Nou
938 2195 1008 2249 erat
1029 2185 1195 2249 distinctio
1218 2185 1287 2248 diei
1318 2195 1349 2248 et

177 2292 299 2374 noctis,
342 2291 446 2354 Gahel
479 2301 586 2354 autem
624 2273 762 2373 angelus
805 2291 921 2355 volans
955 2291 1045 2374 [per]
1077 2289 1203 2354 coelum
1244 2300 1345 2353 rotam

94 2410 132 2454 .·
178 2393 275 2456 lunae
296 2394 348 2456 ala
368 2397 530 2475 percussit
565 2415 703 2480 eamque
736 2398 786 2458 sic
813 2395 1044 2459 obtenebravit.
1075 2396 1139 2462 ,De
1171 2404 1277 2456 morte
1297 2394 1347 2456 di-

178 2504 274 2577 cunt,
302 2497 390 2580 quod
412 2499 455 2559 sit
484 2499 621 2581 augelus
653 2501 782 2562 nomine
813 2498 943 2582 Adriel,
978 2500 1033 2581 qui
1060 2498 1095 2559 in
1126 2496 1192 2558 fine
1221 2516 1346 2560 omnem

178 2599 306 2662 occidet
325 2608 524 2677 creaturam,
553 2605 649 2666 etiam
672 2604 824 2688 augelus,
847 2611 881 2666 et
903 2603 1030 2666 deinum
1052 2621 1090 2664 se
1116 2602 1224 2683 ipsum
1247 2620 1344 2664 neca-

177 2703 244 2786 hit,
278 2705 341 2768 hoc
373 2704 458 2766 facto
487 2723 600 2770 omues
630 2709 735 2788 Deus„
754 2709 961 2772 resuscitabit
995 2713 1181 2786 creaturas,
1218 2715 1343 2786 praeter

178 2817 323 2890 mortem.
365 2809 466 2872 Porro
486 2810 527 2872 de
547 2813 720 2876 virtutihus
746 2813 883 2875 *animae
917 2820 950 2873 et
970 2811 1012 2896 de
1033 2808 1143 2874 ultimo
1170 2809 1237 2871 line
1258 2811 1342 2873 iutu-

180 2932 217 2984 ιο
245 2911 403 2997 quaedam
445 2916 564 2978 dicunt.
612 2917 756 2980 Uxorum
794 2917 1009 2999 pluralitatem
1042 2915 1242 2998 praecipiunt
1283 2931 1340 2976 nec

178 3017 356 3085 sodomiam
388 3030 503 3082 curant
524 3020 703 3091 admittere.
747 3022 927 3084 Enormiter
948 3022 983 3082 in
1017 3019 1125 3082 multis
1147 3025 1255 3080 errant
1261 3063 1273 3100 ,
1302 3018 1341 3081 de

178 3123 294 3204 quibus
315 3125 416 3188 multa
435 3126 557 3208 scripta
577 3131 655 3188 snut
675 3126 709 3188 iu
730 3124 898 3189 l'ortatitio
920 3123 1013 3188 ttidei
1034 3113 1123 3188 et‘iu
1144 3130 1283 3188 tractatu
1302 3121 1341 3184 do
1422 3173 1423 3191 r

181 3224 386 3292 cribratione
406 3229 594 3294 Alchoraui.

664 3394 703 3456 ll.
728 3389 858 3457 Graeci.
877 3395 880 3400 '

126 3565 128 3570 v
259 3539 416 3604 Habitant
448 3543 482 3604 iu
518 3542 703 3629 Jerusalem
735 3543 826 3606 multi
864 3539 1002 3625 Graeci,
1039 3557 1173 3622 quorum
1206 3541 1336 3606 ecclesia

177 3641 254 3711 otim
267 3642 482 3710 doctissimos
503 3647 614 3710 habuit
633 3648 744 3729 vires,
766 3664 854 3709 nune
872 3663 950 3708 veru
972 3646 1149 3708 innumeris
1176 3645 1336 3708 ohfusoata

176 3753 228 3812 est
250 3749 427 3827 erroribus,
450 3733 623 3834 praecipuo
650 3751 810 3814 tamenin
830 3759 965 3832 quatuor
988 3750 1140 3814 articulis.
1187 3751 1215 3812 l.
1242 3750 1334 3830 Spiri-

177 3859 245 3919 tum
267 3860 416 3915 sanctum
444 3874 507 3918 uon
531 3855 665 3918 creduut
686 3874 707 3916 a
727 3855 811 3916 llilio
847 3852 1021 3934 procedere
1059 3871 1120 3915 nec
1142 3854 1334 3915 existentiam

175 3955 336 4039 quandam
358 3957 488 4024 habere.
508 3958 541 4026 2.
566 3957 744 4039 Asscrnut,
767 3957 989 4020 defunctorum
1005 3949 1135 4020 'animas
1151 3974 1213 4020 trec
1231 3957 1333 4018 heatae

175 4077 238 4122 uec
255 4059 429 4124 damnatas
437 4079 513 4124 esse
533 4063 729 4146 antelatam,
749 4062 942 4125 senteutiam
963 4063 999 4122 in
1020 4071 1163 4127 extremo
1180 4059 1333 4142 judiciuin

175 4180 240 4242 quo
256 4171 289 4223 et
306 4163 530 4244 Purgatorium
547 4173 676 4244 negant.
698 4165 728 4226 3.
741 4165 861 4228 Dicunt
881 4182 998 4247 cerpus
1010 4163 1133 4237 Christi
1149 4165 1263 4228 conlidi
1276 4181 1332 4226 uon

176 4277 285 4341 posse,
306 4265 368 4327 uec
387 4265 612 4354 infirmentare.
654 4269 685 4328 4.
707 4265 887 4348 Romanam
909 4269 1081 4333 eeclesiam
1101 4277 1222 4348 negant
1243 4275 1328 4350 capnt
1422 4271 1423 4340 g
