2948 4876
99 517 303 602 permittitur
323 512 468 595 capellos
492 514 639 595 erigere,
661 512 856 596 sacrificare,
880 513 1046 578 mltum
1067 511 1201 598 legeret
1219 513 1282 578 nt-

14 687 15 696 ,
100 622 266 704 cendum,
289 619 376 706 qnod
396 619 459 682 hoc
477 617 599 680 idcirco
620 619 741 682 iactum
769 627 839 702 cst,
870 626 907 680 nt
933 619 1172 703 ostenderetur,
1194 620 1286 704 quod

102 718 220 792 cultus
247 724 369 787 veteris
402 723 486 804 legis
508 723 687 806 corporalis
708 741 771 784 uon
793 732 862 787 erat
886 723 1280 808 contremescamus,

103 851 153 897 ex
177 849 274 914 opere
295 837 439 912 operato,
460 835 493 889 et
514 826 589 890 ideo
611 829 887 911 compescebatur,
909 847 951 890 ne
972 829 1090 911 ubique
1116 828 1280 916 offerrent,

104 935 172 999 sed
193 943 316 997 tantum
337 934 391 996 ibi.
416 934 422 938 ’
443 931 561 995 Cultus
582 940 689 994 antem
710 932 930 1016 novaelegis,
952 933 985 994 in
1006 931 1100 1013 cujus
1121 933 1282 1000 sacrificio
1347 941 1349 952 ’

104 1039 289 1122 spiritualis
309 1039 415 1122 gratia
442 1039 644 1118 continetur,
675 1043 726 1100 est
753 1036 931 1099 secundum
960 1054 998 1099 se
1018 1037 1089 1100 Deo
1116 1046 1281 1120 acceptus,

106 1164 154 1208 ex
188 1162 287 1227 opere
318 1151 451 1226 operato
485 1150 519 1203 et
549 1161 592 1227 ex
622 1158 721 1223 opero
747 1149 910 1222 operante.
938 1140 1041 1203 ldeo
1062 1140 1282 1223 multiplicatio

105 1248 341 1330 ecclesiarum,
363 1247 528 1327 altarium·
552 1255 585 1310 et
617 1245 848 1310 sacrificiorum
880 1248 914 1308 in
938 1264 1024 1309 nova
1056 1246 1131 1329 lege
1162 1262 1283 1328 accep-

14 1343 16 1354 ’
106 1363 231 1421 tantur.
275 1358 339 1414 etc.

198 1559 360 1643 (zoen)
382 1557 643 1641 IgiturSalomon
653 1570 767 1645 quarto
778 1581 863 1627 anuo
875 1563 965 1644 regni
975 1564 1026 1624 sui
1038 1559 1189 1643 templum
1201 1558 1281 1622 illud

14 1721 15 1750 ,
111 1674 187 1732 toto
199 1670 277 1731 orbe
288 1655 529 1738 celeberrimum
540 1665 710 1729 aedificare
721 1666 826 1748 coepit
848 1664 1075 1728 etVlllannis
1097 1663 1281 1747 complevit,

110 1783 149 1836 ut
175 1772 291 1835 dicitur
310 1771 341 1834 2.
370 1769 509 1852 Paralip.
531 1772 589 1833 ll..
625 1769 869 1835 Aedificabatur
902 1779 1007 1834 autern
1033 1769 1097 1832 hoc
1126 1769 1279 1851 templum

111 1895 198 1940 anno
220 1895 240 1938 a
260 1874 370 1938 mundi
398 1876 629 1943 constitutione
652 1876 749 1958 4169,
779 1893 799 1936 a
819 1875 990 1938 nativitate
1025 1882 1133 1936 antem
1155 1872 1281 1936 Christi

110 1983 224 2046 futura
245 1979 339 2064 tona,
353 1979 401 2041 ab
421 1997 558 2062 egressu
577 1981 824 2060 tiliornmlsrael
846 1977 888 2040 de
902 1980 1056 2061 Aegypto
1077 1997 1162 2040 anno
1185 1978 1276 2041 taso.

112 2090 195 2149 Erat
215 2093 323 2148 autem
352 2084 463 2168 templi
494 2084 582 2147 illius
613 2084 778 2167 longitudo
805 2085 983 2148 cubitorum
1013 2085 1279 2168 geometricorum

112 2191 189 2272 LX,
220 2187 354 2252 latitudo
382 2190 467 2272 XX,
500 2188 634 2254 altitudo
667 2190 765 2251 CXX.
818 2189 900 2271 Ejus
941 2189 1137 2251 intrinsecus
1178 2193 1279 2252 totum

115 2294 245 2357 laminis
268 2285 536 2356 aureis‘inaurari
557 2294 645 2375 iecit,
668 2302 700 2354 et
722 2294 942 2376 pavimentum
962 2295 1102 2378 pretioso
1124 2311 1280 2360 marmore

114 2399 220 2464 strari.
276 2397 390 2460 Altare
411 2417 540 2483 quoque
561 2377 696 2460 aeneum
719 2399 896 2463 cubitorum
918 2399 983 2461 XX
1011 2397 1219 2482 longitudinis
1236 2399 1280 2475 ,in

115 2523 154 2566 oo
165 2503 353 2567 fabricatum
366 2504 435 2568 fuit.
478 2503 530 2582 Dc
540 2505 603 2568 hoc
613 2503 731 2587 templo
742 2503 962 2586 ridepulehra
972 2505 1006 2566 in·
1017 2502 1106 2567 Cusa
1117 2503 1159 2567 dc
1226 2498 1277 2587 [2]

115 2606 291 2672 tace
1287 2617 1290 2624 '

199 2815 292 2877 Vasa
313 2814 354 2876 ad
372 2813 624 2897 templicultnm
646 2799 845 2880 necessaria¹
863 2837 905 2880 cx
936 2837 1014 2881 auro
1045 2817 1278 2900 pretiosissimo

119 2918 247 2981 fuerunt
261 2918 418 2980 coniecta
462 2918 572 2980 lntulit
594 2917 761 2999 piaeterea
771 2921 924 2984 Salomon
947 2942 1056 3001 aurum
1069 2932 1279 3005 etargentnm

14 3081 15 3098 ,
120 3020 261 3102 multum,
284 3021 370 3103 quod
389 3020 497 3084 David
518 3007 704 3085 devoverat.
747 3026 943 3107 lltperactis
965 3027 1025 3093 rite
1040 3029 1188 3095 omatibus
1199 3026 1279 3089 illud

14 3103 15 3116 ¹
118 3122 325 3187 celeberrimo
346 3126 409 3187 ritu
429 3123 568 3188 Domino
593 3125 772 3210 dedicavit,
794 3130 939 3202 inferens
968 3132 1002 3193 in
1027 3130 1062 3195 id
1091 3150 1196 3194 arcam
1227 3141 1279 3194 te-

14 3243 15 3246 ’
119 3229 267 3292 stamenti
278 3226 416 3308 Domini,
438 3229 471 3290 in
493 3247 557 3310 qua
579 3228 661 3291 duae
683 3239 805 3294 tantum
829 3234 960 3297 tabulae
974 3237 1155 3318 testamenti
1177 3245 1281 3318 eraut,-

118 3343 151 3396 et
181 3351 292 3395 urnam
320 3333 490 3396 habentem
511 3333 643 3415 Manna,
667 3344 701 3397 et
722 3337 848 3426 uirgam
870 3338 990 3401 Aaron.
1055 3341 1097 3402 Et
1125 3339 1279 3422 deinceps

14 3503 16 3532 ,
119 3438 219 3502 solum
246 3427 428 3510 licebat'ibi
448 3438 633 3501 sacrificare
653 3441 686 3503 in
707 3442 769 3504 hoc
791 3442 926 3525 templo,
962 3447 1111 3527 quamvis
1140 3445 1279 3528 populus

119 3544 212 3626 longo
239 3550 315 3625 post
348 3551 492 3624 tempore
513 3543 710 3607 sacrificaret
742 3547 775 3608 in
805 3547 956 3631 excelsis,
990 3549 1030 3610 de
1063 3568 1126 3630 quo
1156 3550 1278 3631 pluries

14 3705 16 3734 ,
119 3645 393 3729 reprehenduntur
408 3650 511 3729 'reges
531 3647 731 3734 Jerusalem,
755 3653 840 3734 quod
866 3662 975 3717 stante
998 3654 1117 3736 templo
1148 3654 1280 3716 excelsa

14 3735 15 3750 ¹
107 3768 186 3814 ‘non
211 3751 423 3820 abstulerunt.
461 3751 562 3834 Porro
595 3753 735 3818 evolutis
765 3759 831 3820 442
859 3759 955 3820 annis
986 3776 1006 3819 a
1037 3759 1280 3830 constructione

120 3855 224 3937 templi
245 3855 362 3920 videns
381 3855 542 3920 deremias
563 3860 729 3951 prophete,
759 3861 926 3926 imminere
947 3862 1044 3948 firrem
1065 3862 1186 3945 templi,
1202 3861 1282 3926 'tunt

121 3977 160 4021 cx
179 3978 217 4022 oo
245 3979 353 4024 arcam
385 3960 543 4042 foederis,
574 3971 607 4024 et
634 3965 794 4029 transtulit
825 3985 895 4028 eam
924 3974 1015 4030 trans
1036 3965 1212 4030 Jordanem
1245 3968 1280 4030 in

122 4061 234 4126 vallem
244 4067 304 4128 sub
327 4074 467 4128 montem
479 4065 624 4148 Abyrim,
647 4087 731 4152 quae
747 4068 1044 4153 diciturGalmoab,
1065 4070 1280 4146 sicntdictnm

14 4231 15 4244 ,
125 4173 172 4228 ast
192 4167 248 4234 iol.
264 4169 377 4252 atas,
399 4178 432 4231 et
443 4171 595 4252 precibus
614 4190 685 4234 eaur
707 4175 871 4251 absorberi
888 4176 965 4246 fecit
986 4175 1018 4238 in
1040 4181 1140 4256 petra,
1157 4176 1280 4255 petram

14 4257 15 4268 ¹
124 4289 197 4334 vero
225 4271 326 4353 digito
356 4273 532 4358 designans
560 4278 722 4359 impressit
752 4276 815 4341 Dei
837 4297 956 4343 nomen
985 4284 1281 4358 tetragrammaton,

123 4383 153 4438 ot
179 4377 301 4439 tactum
322 4385 373 4440 est
399 4378 546 4461 sigillum
563 4380 596 4442 in
624 4379 833 4472 similitudine
853 4382 1047 4463 sculpturae,
1079 4395 1163 4459 qaae
1196 4378 1281 4443 ferro

1051 4479 1084 4536 ll
1093 4480 1109 4514 *
