2962 5022
148 383 209 462 ne
233 405 385 462 recessa
415 378 688 483 peregrinorum
708 407 733 459 a
755 391 878 460 moute
912 380 1031 482 synai
1055 381 1168 459 etde
1202 384 1319 460 tribu-

187 501 401 596 lationibus,
424 501 677 578 exactionibus
699 512 739 580 et
762 501 1019 580 vexationibus
1043 502 1164 603 passis
1187 513 1276 580 aute

268 643 392 698 eorum
415 643 605 722 egressum
638 632 677 698 et
702 645 911 726 regressum
936 622 974 697 in
998 621 1195 699 desertum.

230 805 394 870 vicesima
416 807 553 888 septima
573 805 626 870 die
644 811 721 868 ante
741 805 845 868 lucen
867 807 1067 870 surreximus
1088 814 1120 868 et
1141 805 1266 868 Missas
1283 807 1320 868 iu

150 919 264 974 nostra
294 907 421 991 capelle
450 909 702 992 celebravimus,
734 912 852 992 quibus
883 909 1057 980 celebratis
1085 910 1119 972 iu
1143 909 1318 972 ecclesiam

151 1011 187 1078 S.
221 1013 419 1078 Catbnrinae
449 1013 677 1078 descendimus
709 1022 743 1076 et
767 1013 988 1097 indulgentias
1020 1013 1104 1096 (ἣ)
1130 1012 1165 1074 iu
1190 1011 1320 1093 capella

151 1119 267 1184 beatae
288 1117 425 1201 virginis
446 1116 488 1182 ad
503 1117 632 1182 Rnbnm
654 1116 749 1182 etad
771 1116 1091 1182 beetaeCntharinae
1112 1115 1320 1199 sepulchrum

151 1224 336 1307 accepimus
358 1231 391 1286 et
411 1221 494 1285 locis
514 1223 637 1286 eunetis
659 1221 858 1286 deosculatis
889 1221 1051 1285 licentiam
1082 1220 1276 1303 repatriandi
1295 1237 1320 1284 a

151 1327 186 1392 Β.
210 1326 385 1392 Catharina
413 1325 598 1408 accepimus
626 1335 659 1390 et
686 1329 720 1390 ln
741 1327 846 1391 locum
881 1326 1025 1390 nostrum
1057 1323 1264 1388 ascendimus
1285 1333 1321 1386 et

152 1431 193 1496 ad
217 1447 380 1497 recessum
411 1446 471 1493 nos
493 1428 718 1512 disposuimus.
759 1429 843 1494 Cum
865 1429 1055 1494 difficultate
1076 1437 1183 1492 antem
1204 1447 1226 1490 a
1246 1448 1320 1492 mo-

153 1535 267 1600 trachia
288 1534 499 1614 obtinuimus,
523 1533 608 1616 qnod
629 1540 719 1596 utres
741 1533 783 1596 de
802 1535 943 1598 cisterna
965 1534 1151 1598 monasterii
1172 1531 1319 1615 replere-

152 1657 225 1702 mns
245 1656 343 1722 aqna,
379 1635 440 1700 Est
468 1637 552 1702 euim
581 1637 613 1701 iu
640 1637 710 1720 ipse
740 1639 831 1703 curia
857 1637 993 1722 grandis
1024 1647 1142 1722 puteus
1170 1646 1202 1701 et
1229 1637 1316 1699 altus

150 1743 263 1826 valde,
294 1743 417 1808 babens
451 1757 554 1825 aquas
582 1759 625 1804 ex
647 1741 746 1806 lnndo
775 1754 963 1812 emanantes
984 1754 1021 1808 et
1048 1763 1112 1808 non
1134 1762 1177 1806 ex
1197 1740 1318 1825 pluviis

151 1849 368 1928 confluentes,
406 1845 492 1930 quod
532 1855 642 1910 tamen
680 1865 853 1930 numquam
880 1851 914 1910 in
943 1849 1052 1931 aliquo
1081 1829 1153 1912 loco
1184 1846 1318 1909 orientis

150 1953 233 2036 virli,
255 1953 318 2016 ulsl
337 1953 394 2020 ibi.
436 1950 555 2014 Dicunt
576 1961 700 2034 eutem,
723 1953 861 2035 Moysen
884 1953 971 2015 hnnc
991 1962 1122 2036 putenm
1141 1949 1264 2013 fodisse
1284 1957 1319 2012 et

149 2057 349 2123 arationibus
369 2073 473 2139 aquas
494 2064 682 2120 emanantes
702 2065 895 2138 penetrasse
916 2075 975 2139 pro
995 2056 1105 2139 populi
1135 2053 1237 2118 lsrael
1258 2071 1318 2114 so-

150 2161 240 2230 latlo.
273 2163 368 2224 Hauc
390 2169 497 2224 antem
523 2169 624 2224 artem
649 2158 790 2223 fodiendi
812 2145 929 2242 putesne
950 2159 1088 2244 Moyses
1107 2160 1143 2223 in
1163 2159 1318 2239 Aegypto

152 2263 279 2347 didicit,
301 2265 377 2348 quia
398 2263 476 2328 dicit
494 2264 618 2328 Plinius
640 2261 682 2326 de
701 2263 853 2328 Naturali
874 2265 1039 2338 llistoria,
1060 2262 1148 2349 quod
1170 2261 1317 2340 Danaus,

151 2367 222 2432 Beli
243 2367 346 2450 lilius,
368 2359 491 2450 prlmna
512 2379 628 2450 puteos
655 2368 688 2430 in
709 2366 863 2450 Aegypto
885 2369 966 2432 lodit
995 2376 1029 2430 et
1059 2367 1136 2431 inde
1156 2367 1318 2446 navigans

152 2471 184 2534 iu
207 2467 379 2534 Graeciam
411 2470 497 2535 idem
523 2472 670 2537 similiter
699 2472 776 2536 lecit
806 2481 838 2534 et
863 2474 904 2536 ab
934 2491 975 2535 ea
995 2474 1029 2534 in
1060 2471 1145 2535 aliae
1165 2469 1318 2552 regiones

151 2575 265 2639 notitia
286 2575 368 2638 baec
390 2574 531 2640 devenit.

235 2677 395 2742 Videntee
416 2688 522 2744 autem
544 2680 687 2766 Arabes,
720 2683 807 2767 quod
829 2681 870 2747 nd
892 2701 1058 2748 recessum
1080 2699 1141 2746 noe
1163 2679 1320 2762 dispone·
1376 2763 1383 2772 ,

152 2801 280 2868 remus,
309 2787 395 2852 misit
416 2785 605 2868 capitaneus
632 2805 741 2850 eornm
763 2786 803 2850 ad
824 2805 884 2852 uos
904 2787 1068 2867 famulum,
1090 2786 1321 2861 animosum,

152 2908 194 2953 ne
215 2889 326 2980 egredi
347 2889 480 2954 deloco
503 2899 614 2954 nostro
635 2909 931 2974 praesumeremus,
963 2892 1026 2954 uisi
1046 2891 1137 2974 prius
1159 2889 1189 2951 ei
1215 2887 1319 2950 satis·

152 2993 270 3058 factum
294 3004 390 3058 esset.
424 2995 504 3058 Post
525 2994 642 3074 munitae
663 3013 741 3078 ergo
764 2995 990 3078 placitationes
1011 2995 1137 3079 aliquos
1158 2994 1190 3056 ei
1212 2991 1317 3057 duca-

152 3105 203 3160 tos
220 3097 368 3163 dedimus
388 3107 423 3162 et
450 3099 604 3164 liberatos
626 3115 688 3160 nos
714 3099 957 3163 aestimavimus
980 3108 1013 3162 et
1044 3097 1235 3162 camelarios
1256 3115 1320 3158 ex-

152 3205 393 3284 spectavimus,
415 3203 470 3286 qui
490 3203 546 3288 diu
569 3201 784 3266 tardabantur.
817 3203 959 3266 'landem
982 3213 1088 3267 antem
1109 3203 1200 3267 venit
1218 3217 1319 3282 unus,

150 3305 292 3372 camelos
313 3325 387 3370 esse
408 3315 661 3390 praeoccupatos
683 3309 722 3371 ab
749 3311 897 3390 armatis,
919 3325 980 3372 nec
1002 3307 1161 3372 dimittere
1180 3305 1318 3383 vellent,

149 3411 212 3473 nisi
251 3411 422 3494 pedagium
465 3430 523 3494 pro
554 3411 604 3474 eis
634 3412 847 3496 solveremus.
908 3413 951 3474 tut
983 3416 1205 3490 conventione¹
1231 3409 1320 3474 lanta

152 3533 224 3578 cum
268 3517 318 3576 ets
362 3515 501 3598 pecunia
549 3515 690 3580 camelos
745 3517 949 3585 redemimus.
1007 3516 1175 3580 Venerunt
1218 3513 1317 3576 etiam

148 3617 471 3702 sairrarii,.dicentee,
491 3620 602 3682 asinoe
621 3637 698 3684 esse
718 3621 890 3685 conclusos
912 3638 931 3684 a
954 3620 1092 3703 paganis
1113 3627 1148 3684 et
1169 3637 1232 3682 uon
1254 3617 1320 3679 nisi

150 3722 289 3808 pecunia
311 3720 523 3789 redlmendos.
558 3722 615 3786 Sic
637 3743 715 3808 ergo
734 3725 851 3788 bursae
876 3725 1027 3789 neritinus
1048 3733 1179 3807 apertas
1200 3721 1320 3785 habui-

148 3847 236 3912 mns,
267 3825 351 3912 qnod
380 3844 516 3890 uteceeee
542 3827 602 3890 luit
631 3827 671 3890 ad
701 3827 920 3893 redimendum
951 3846 1054 3894 noea
1081 3825 1318 3892 vexationibus

146 3934 236 3996 Misit
257 3935 381 3996 interea
403 3939 494 4014 pater
515 3935 701 3996 monasterii
730 3933 771 3996 ad
802 3951 862 3998 noe
898 3927 1116 4016 conquerens,
1149 3927 1235 4013 quod
1256 3927 1320 3992 ali·

146 4036 282 4116 quiade
304 4037 398 4100 uobis
430 4035 471 4097 de
498 4036 608 4100 tumba
637 4036 673 4100 S.
696 4037 890 4101 catharinae
917 4035 1106 4118 particulam
1137 4034 1241 4096 ferreo
1263 4034 1319 4097 in-

146 4143 326 4212 strumento
350 4138 565 4220 abscidisset,
587 4158 683 4222 quam
714 4143 744 4202 si
765 4140 946 4206 uolnutarie
978 4142 1148 4204 restituere
1169 4135 1320 4200 tardare-

146 4246 231 4308 mus,
258 4236 299 4294 ad
320 4239 429 4298 statim
451 4241 555 4302 coacti
577 4259 635 4322 per
655 4242 794 4325 Arabes,
812 4245 929 4326 quibus
949 4259 1101 4306 caussam
1118 4241 1321 4304 committere
