<?xml version="1.0" encoding="UTF-8"?>
<!DOCTYPE html PUBLIC "-//W3C//DTD XHTML 1.0 Transitional//EN"
    "http://www.w3.org/TR/xhtml1/DTD/xhtml1-transitional.dtd">
<html xmlns="http://www.w3.org/1999/xhtml" xml:lang="en" lang="en">
 <head>
  <title>
</title>
<meta http-equiv="Content-Type" content="text/html;charset=utf-8" />
  <meta name='ocr-system' content='tesseract 3.04.00' />
  <meta name='ocr-capabilities' content='ocr_page ocr_carea ocr_par ocr_line ocrx_word'/>
</head>
<body>
  <div class='ocr_page' id='page_1' title='image "./fratrisfelicisf02fabrgoog_0294.png"; bbox 0 0 2896 4872; ppageno 0'>
   <div class='ocr_carea' id='block_1_1' title="bbox 1 438 1373 2826">
    <p class='ocr_par' dir='ltr' id='par_1_1' title="bbox 1 438 1373 1888">
     <span class='ocr_line' id='line_1_1' title="bbox 89 438 1280 524; baseline -0.003 -18"><span class='ocrx_word' id='word_1_1' title='bbox 89 454 264 508; x_wconf 83' lang='lat' dir='ltr'><strong>reversus</strong></span> <span class='ocrx_word' id='word_1_2' title='bbox 283 449 336 506; x_wconf 83' lang='lat' dir='ltr'><strong>oet</strong></span> <span class='ocrx_word' id='word_1_3' title='bbox 356 438 541 510; x_wconf 74' lang='lat' dir='ltr'><strong>Jomslora</strong></span> <span class='ocrx_word' id='word_1_4' title='bbox 569 439 882 508; x_wconf 62' lang='lat' dir='ltr'><strong>naunotonensi·</strong></span> <span class='ocrx_word' id='word_1_5' title='bbox 906 459 950 511; x_wconf 73' lang='lat' dir='ltr'><strong>aa</strong></span> <span class='ocrx_word' id='word_1_6' title='bbox 969 441 1041 507; x_wconf 85' lang='lat' dir='ltr'><strong>suis</strong></span> <span class='ocrx_word' id='word_1_7' title='bbox 1069 457 1135 507; x_wconf 85' lang='lat' dir='ltr'><strong>nou</strong></span> <span class='ocrx_word' id='word_1_8' title='bbox 1155 439 1280 524; x_wconf 69' lang='lat' dir='ltr'><strong>pendo.</strong></span> 
     </span>
     <span class='ocr_line' id='line_1_2' title="bbox 90 543 1282 630; baseline 0 -20"><span class='ocrx_word' id='word_1_9' title='bbox 90 546 209 611; x_wconf 73' lang='lat' dir='ltr'><strong>Fiunt</strong></span> <span class='ocrx_word' id='word_1_10' title='bbox 227 547 310 612; x_wconf 81' lang='lat' dir='ltr'><strong>haee</strong></span> <span class='ocrx_word' id='word_1_11' title='bbox 330 554 407 611; x_wconf 88' lang='lat' dir='ltr'><strong>noto</strong></span> <span class='ocrx_word' id='word_1_12' title='bbox 421 545 569 612; x_wconf 75' lang='lat' dir='ltr'><strong>lionam</strong></span> <span class='ocrx_word' id='word_1_13' title='bbox 589 544 739 624; x_wconf 85' lang='lat' dir='ltr'><strong>Pontifici</strong></span> <span class='ocrx_word' id='word_1_14' title='bbox 757 545 906 627; x_wconf 67' lang='lat' dir='ltr'><strong>lingonis</strong></span> <span class='ocrx_word' id='word_1_15' title='bbox 925 545 997 628; x_wconf 83' lang='lat' dir='ltr'><strong>ill,</strong></span> <span class='ocrx_word' id='word_1_16' title='bbox 1015 543 1071 630; x_wconf 78' lang='lat' dir='ltr'><strong>qui</strong></span> <span class='ocrx_word' id='word_1_17' title='bbox 1091 543 1182 610; x_wconf 86' lang='lat' dir='ltr'><strong>viros</strong></span> <span class='ocrx_word' id='word_1_18' title='bbox 1202 544 1282 625; x_wconf 61' lang='lat'>:0117</span> 
     </span>
     <span class='ocr_line' id='line_1_3' title="bbox 92 646 1280 740; baseline -0.002 -25"><span class='ocrx_word' id='word_1_19' title='bbox 92 653 221 735; x_wconf 86' lang='lat' dir='ltr'><strong>giosos</strong></span> <span class='ocrx_word' id='word_1_20' title='bbox 242 651 284 714; x_wconf 91' lang='lat' dir='ltr'><strong>ad</strong></span> <span class='ocrx_word' id='word_1_21' title='bbox 305 649 460 718; x_wconf 87' lang='lat' dir='ltr'><strong>diversas</strong></span> <span class='ocrx_word' id='word_1_22' title='bbox 491 649 670 727; x_wconf 87' lang='lat' dir='ltr'><strong>occidentis</strong></span> <span class='ocrx_word' id='word_1_23' title='bbox 690 659 800 732; x_wconf 85' lang='lat' dir='ltr'><strong>pertas</strong></span> <span class='ocrx_word' id='word_1_24' title='bbox 822 649 938 738; x_wconf 66' lang='lat' dir='ltr'><strong>direait</strong></span> <span class='ocrx_word' id='word_1_25' title='bbox 966 648 1009 711; x_wconf 87' lang='lat' dir='ltr'><strong>ed</strong></span> <span class='ocrx_word' id='word_1_26' title='bbox 1029 646 1280 740; x_wconf 78' lang='lat' dir='ltr'><strong>denuntiandum</strong></span> 
     </span>
     <span class='ocr_line' id='line_1_4' title="bbox 95 737 1281 840; baseline -0.005 -18"><span class='ocrx_word' id='word_1_27' title='bbox 95 757 366 822; x_wconf 84' lang='lat' dir='ltr'><strong>Christianorum</strong></span> <span class='ocrx_word' id='word_1_28' title='bbox 388 737 588 819; x_wconf 84' lang='lat' dir='ltr'><strong>orientalium</strong></span> <span class='ocrx_word' id='word_1_29' title='bbox 610 769 797 840; x_wconf 71' lang='lat' dir='ltr'>pressuras,</span> <span class='ocrx_word' id='word_1_30' title='bbox 814 753 899 818; x_wconf 87' lang='lat' dir='ltr'><strong>inter</strong></span> <span class='ocrx_word' id='word_1_31' title='bbox 920 771 1002 840; x_wconf 77' lang='lat' dir='ltr'><strong>ques</strong></span> <span class='ocrx_word' id='word_1_32' title='bbox 1022 753 1073 815; x_wconf 92' lang='lat' dir='ltr'><strong>vir</strong></span> <span class='ocrx_word' id='word_1_33' title='bbox 1092 737 1281 836; x_wconf 73' lang='lat' dir='ltr'><strong>immortalis</strong></span> 
     </span>
     <span class='ocr_line' id='line_1_5' title="bbox 95 857 1278 942; baseline -0.003 -16"><span class='ocrx_word' id='word_1_34' title='bbox 95 863 282 926; x_wconf 89' lang='lat' dir='ltr'><strong>memoriae</strong></span> <span class='ocrx_word' id='word_1_35' title='bbox 303 864 419 926; x_wconf 89' lang='lat' dir='ltr'><strong>beatus</strong></span> <span class='ocrx_word' id='word_1_36' title='bbox 444 859 655 924; x_wconf 82' lang='lat' dir='ltr'><strong>Bernhardns</strong></span> <span class='ocrx_word' id='word_1_37' title='bbox 677 858 778 934; x_wconf 75' lang='lat' dir='ltr'><strong>abhus</strong></span> <span class='ocrx_word' id='word_1_38' title='bbox 800 857 842 922; x_wconf 89' lang='lat' dir='ltr'><strong>ad</strong></span> <span class='ocrx_word' id='word_1_39' title='bbox 863 859 1105 923; x_wconf 64' lang='lat' dir='ltr'><strong>exsecutionem</strong></span> <span class='ocrx_word' id='word_1_40' title='bbox 1136 858 1278 942; x_wconf 85' lang='lat' dir='ltr'><strong>eligitur,</strong></span> 
     </span>
     <span class='ocr_line' id='line_1_6' title="bbox 95 962 1280 1052; baseline -0.002 -22"><span class='ocrx_word' id='word_1_41' title='bbox 95 968 160 1052; x_wconf 89' lang='lat' dir='ltr'><strong>qni</strong></span> <span class='ocrx_word' id='word_1_42' title='bbox 184 975 271 1032; x_wconf 90' lang='lat' dir='ltr'><strong>tanto</strong></span> <span class='ocrx_word' id='word_1_43' title='bbox 292 966 424 1030; x_wconf 86' lang='lat' dir='ltr'><strong>fervore</strong></span> <span class='ocrx_word' id='word_1_44' title='bbox 455 963 675 1048; x_wconf 89' lang='lat' dir='ltr'><strong>praedicavit,</strong></span> <span class='ocrx_word' id='word_1_45' title='bbox 712 973 747 1030; x_wconf 91' lang='lat' dir='ltr'><strong>nt</strong></span> <span class='ocrx_word' id='word_1_46' title='bbox 766 972 833 1032; x_wconf 86' lang='lat' dir='ltr'><strong>tam</strong></span> <span class='ocrx_word' id='word_1_47' title='bbox 866 962 1019 1027; x_wconf 81' lang='lat' dir='ltr'>nobilium</span> <span class='ocrx_word' id='word_1_48' title='bbox 1053 963 1147 1045; x_wconf 81' lang='lat' dir='ltr'><strong>quam</strong></span> <span class='ocrx_word' id='word_1_49' title='bbox 1175 963 1280 1047; x_wconf 87' lang='lat' dir='ltr'><strong>plebis</strong></span> 
     </span>
     <span class='ocr_line' id='line_1_7' title="bbox 97 1069 1279 1154; baseline -0.002 -18"><span class='ocrx_word' id='word_1_50' title='bbox 97 1072 203 1136; x_wconf 88' lang='lat' dir='ltr'><strong>favor</strong></span> <span class='ocrx_word' id='word_1_51' title='bbox 223 1071 375 1154; x_wconf 73' lang='lat' dir='ltr'><strong>gratuitis</strong></span> <span class='ocrx_word' id='word_1_52' title='bbox 404 1069 683 1135; x_wconf 86' lang='lat' dir='ltr'><strong>exhortationibus</strong></span> <span class='ocrx_word' id='word_1_53' title='bbox 705 1069 777 1152; x_wconf 84' lang='lat' dir='ltr'><strong>ejus</strong></span> <span class='ocrx_word' id='word_1_54' title='bbox 794 1074 1011 1150; x_wconf 81' lang='lat' dir='ltr'><strong>spontaneum</strong></span> <span class='ocrx_word' id='word_1_55' title='bbox 1031 1069 1202 1152; x_wconf 88' lang='lat' dir='ltr'><strong>praeberet</strong></span> <span class='ocrx_word' id='word_1_56' title='bbox 1222 1088 1279 1134; x_wconf 86' lang='lat' dir='ltr'><strong>as-</strong></span> 
     </span>
     <span class='ocr_line' id='line_1_8' title="bbox 99 1173 1280 1254; baseline -0.003 -14"><span class='ocrx_word' id='word_1_57' title='bbox 99 1195 243 1241; x_wconf 79' lang='lat' dir='ltr'>sensum</span> <span class='ocrx_word' id='word_1_58' title='bbox 282 1182 315 1238; x_wconf 87' lang='lat' dir='ltr'><strong>et</strong></span> <span class='ocrx_word' id='word_1_59' title='bbox 337 1176 399 1239; x_wconf 89' lang='lat' dir='ltr'><strong>iter</strong></span> <span class='ocrx_word' id='word_1_60' title='bbox 434 1193 556 1237; x_wconf 89' lang='lat' dir='ltr'><strong>versus.</strong></span> <span class='ocrx_word' id='word_1_61' title='bbox 580 1173 763 1239; x_wconf 84' lang='lat' dir='ltr'><strong>Jerusalem</strong></span> <span class='ocrx_word' id='word_1_62' title='bbox 778 1173 1096 1254; x_wconf 71' lang='lat' dir='ltr'><strong>,compromiserunt</strong></span> <span class='ocrx_word' id='word_1_63' title='bbox 1133 1173 1280 1238; x_wconf 90' lang='lat' dir='ltr'><strong>illustres</strong></span> 
     </span>
     <span class='ocr_line' id='line_1_9' title="bbox 3 1277 1280 1366; baseline -0.004 -20"><span class='ocrx_word' id='word_1_64' title='bbox 3 1323 4 1330; x_wconf 24' lang='grc' dir='ltr'><strong>κ</strong></span> <span class='ocrx_word' id='word_1_65' title='bbox 97 1291 279 1366; x_wconf 88' lang='lat' dir='ltr'><strong>praeterea</strong></span> <span class='ocrx_word' id='word_1_66' title='bbox 300 1280 372 1359; x_wconf 86' lang='lat' dir='ltr'><strong>viri,</strong></span> <span class='ocrx_word' id='word_1_67' title='bbox 394 1279 541 1361; x_wconf 65' lang='lat' dir='ltr'><strong>dominns</strong></span> <span class='ocrx_word' id='word_1_68' title='bbox 553 1278 723 1342; x_wconf 86' lang='lat' dir='ltr'><strong>Conradns</strong></span> <span class='ocrx_word' id='word_1_69' title='bbox 741 1279 792 1360; x_wconf 90' lang='lat' dir='ltr'><strong>ll.‚</strong></span> <span class='ocrx_word' id='word_1_70' title='bbox 814 1295 936 1360; x_wconf 80' lang='lat' dir='ltr'><strong>genere</strong></span> <span class='ocrx_word' id='word_1_71' title='bbox 952 1277 1094 1361; x_wconf 86' lang='lat' dir='ltr'><strong>Snevus,</strong></span> <span class='ocrx_word' id='word_1_72' title='bbox 1112 1277 1280 1366; x_wconf 72' lang='lat' dir='ltr'><strong>Romano·</strong></span> 
     </span>
     <span class='ocr_line' id='line_1_10' title="bbox 100 1380 1280 1468; baseline -0.003 -18"><span class='ocrx_word' id='word_1_73' title='bbox 100 1406 179 1450; x_wconf 87' lang='lat' dir='ltr'><strong>rum</strong></span> <span class='ocrx_word' id='word_1_74' title='bbox 200 1387 392 1468; x_wconf 90' lang='lat' dir='ltr'><strong>imperator,</strong></span> <span class='ocrx_word' id='word_1_75' title='bbox 414 1392 446 1446; x_wconf 91' lang='lat' dir='ltr'><strong>et</strong></span> <span class='ocrx_word' id='word_1_76' title='bbox 468 1384 615 1448; x_wconf 89' lang='lat' dir='ltr'><strong>dominns</strong></span> <span class='ocrx_word' id='word_1_77' title='bbox 645 1381 844 1466; x_wconf 78' lang='lat' dir='ltr'><strong>hndovicns,</strong></span> <span class='ocrx_word' id='word_1_78' title='bbox 872 1402 930 1445; x_wconf 88' lang='lat' dir='ltr'><strong>rex</strong></span> <span class='ocrx_word' id='word_1_79' title='bbox 966 1380 1182 1468; x_wconf 69' lang='lat' dir='ltr'><strong>francorum,</strong></span> <span class='ocrx_word' id='word_1_80' title='bbox 1205 1402 1280 1446; x_wconf 87' lang='lat' dir='ltr'><strong>cum</strong></span> 
     </span>
     <span class='ocr_line' id='line_1_11' title="bbox 102 1471 1277 1576; baseline -0.006 -21"><span class='ocrx_word' id='word_1_81' title='bbox 102 1490 221 1555; x_wconf 86' lang='lat' dir='ltr'><strong>multis</strong></span> <span class='ocrx_word' id='word_1_82' title='bbox 242 1489 411 1576; x_wconf 86' lang='lat' dir='ltr'><strong>utriusque</strong></span> <span class='ocrx_word' id='word_1_83' title='bbox 431 1487 540 1570; x_wconf 84' lang='lat' dir='ltr'><strong>populi</strong></span> <span class='ocrx_word' id='word_1_84' title='bbox 570 1488 778 1572; x_wconf 82' lang='lat' dir='ltr'><strong>principibus·</strong></span> <span class='ocrx_word' id='word_1_85' title='bbox 793 1489 857 1550; x_wconf 92' lang='lat' dir='ltr'><strong>iter</strong></span> <span class='ocrx_word' id='word_1_86' title='bbox 875 1487 907 1549; x_wconf 93' lang='lat' dir='ltr'><strong>in</strong></span> <span class='ocrx_word' id='word_1_87' title='bbox 930 1471 1087 1549; x_wconf 84' lang='lat' dir='ltr'><strong>orientem</strong></span> <span class='ocrx_word' id='word_1_88' title='bbox 1109 1489 1277 1571; x_wconf 86' lang='lat' dir='ltr'><strong>arripiunt,</strong></span> 
     </span>
     <span class='ocr_line' id='line_1_12' title="bbox 1 1589 1277 1687; baseline -0.004 -28"><span class='ocrx_word' id='word_1_89' title='bbox 1 1665 4 1682; x_wconf 51' lang='lat'><strong>,</strong></span> <span class='ocrx_word' id='word_1_90' title='bbox 103 1605 268 1679; x_wconf 75' lang='lat' dir='ltr'><strong>orantque</strong></span> <span class='ocrx_word' id='word_1_91' title='bbox 301 1593 486 1676; x_wconf 83' lang='lat' dir='ltr'><strong>gravissimi</strong></span> <span class='ocrx_word' id='word_1_92' title='bbox 515 1593 690 1662; x_wconf 76' lang='lat' dir='ltr'><strong>exercitus.</strong></span> <span class='ocrx_word' id='word_1_93' title='bbox 734 1589 827 1654; x_wconf 83' lang='lat' dir='ltr'><strong>Unde</strong></span> <span class='ocrx_word' id='word_1_94' title='bbox 848 1591 881 1687; x_wconf 88' lang='lat' dir='ltr'><strong>in</strong></span> <span class='ocrx_word' id='word_1_95' title='bbox 904 1591 1107 1682; x_wconf 84' lang='lat' dir='ltr'><strong>imperatoris</strong></span> <span class='ocrx_word' id='word_1_96' title='bbox 1129 1593 1277 1654; x_wconf 87' lang='lat' dir='ltr'><strong>exercitu</strong></span> 
     </span>
     <span class='ocr_line' id='line_1_13' title="bbox 2 1691 1373 1780; baseline -0.001 -20"><span class='ocrx_word' id='word_1_97' title='bbox 2 1749 3 1760; x_wconf 70' lang='grc'>,</span> <span class='ocrx_word' id='word_1_98' title='bbox 104 1701 179 1764; x_wconf 90' lang='lat' dir='ltr'><strong>solo</strong></span> <span class='ocrx_word' id='word_1_99' title='bbox 205 1692 297 1762; x_wconf 82' lang='lat' dir='ltr'><strong>erant</strong></span> <span class='ocrx_word' id='word_1_100' title='bbox 317 1699 458 1779; x_wconf 87' lang='lat' dir='ltr'><strong>equitnm</strong></span> <span class='ocrx_word' id='word_1_101' title='bbox 480 1697 685 1762; x_wconf 73' lang='lat' dir='ltr'><strong>loricatorum</strong></span> <span class='ocrx_word' id='word_1_102' title='bbox 705 1696 747 1758; x_wconf 90' lang='lat' dir='ltr'><strong>ad</strong></span> <span class='ocrx_word' id='word_1_103' title='bbox 769 1696 975 1778; x_wconf 75' lang='lat' dir='ltr'><strong>septuaginta</strong></span> <span class='ocrx_word' id='word_1_104' title='bbox 995 1695 1116 1779; x_wconf 91' lang='lat' dir='ltr'><strong>millia,</strong></span> <span class='ocrx_word' id='word_1_105' title='bbox 1150 1698 1275 1780; x_wconf 87' lang='lat' dir='ltr'><strong>absquo</strong></span> <span class='ocrx_word' id='word_1_106' title='bbox 1369 1691 1373 1700; x_wconf 85' lang='lat'>&#39;</span> 
     </span>
     <span class='ocr_line' id='line_1_14' title="bbox 2 1789 1311 1888; baseline -0.002 -20"><span class='ocrx_word' id='word_1_107' title='bbox 2 1867 3 1874; x_wconf 71' lang='grc'>,</span> <span class='ocrx_word' id='word_1_108' title='bbox 104 1805 250 1888; x_wconf 90' lang='lat' dir='ltr'><strong>peditum</strong></span> <span class='ocrx_word' id='word_1_109' title='bbox 271 1803 384 1884; x_wconf 92' lang='lat' dir='ltr'><strong>copiis,</strong></span> <span class='ocrx_word' id='word_1_110' title='bbox 404 1821 538 1884; x_wconf 88' lang='lat' dir='ltr'><strong>qnorum</strong></span> <span class='ocrx_word' id='word_1_111' title='bbox 560 1822 625 1865; x_wconf 92' lang='lat' dir='ltr'><strong>non</strong></span> <span class='ocrx_word' id='word_1_112' title='bbox 647 1803 750 1864; x_wconf 91' lang='lat' dir='ltr'><strong>minor</strong></span> <span class='ocrx_word' id='word_1_113' title='bbox 769 1819 923 1864; x_wconf 88' lang='lat' dir='ltr'><strong>numerus</strong></span> <span class='ocrx_word' id='word_1_114' title='bbox 944 1801 1048 1864; x_wconf 88' lang='lat' dir='ltr'><strong>fnerat</strong></span> <span class='ocrx_word' id='word_1_115' title='bbox 1069 1799 1103 1862; x_wconf 92' lang='lat' dir='ltr'><strong>in</strong></span> <span class='ocrx_word' id='word_1_116' title='bbox 1123 1801 1278 1866; x_wconf 88' lang='lat' dir='ltr'><strong>comitatu</strong></span> <span class='ocrx_word' id='word_1_117' title='bbox 1308 1789 1311 1796; x_wconf 46' lang='lat'><strong>¹</strong></span> 
     </span>
    </p>

    <p class='ocr_par' dir='ltr' id='par_1_2' title="bbox 105 1904 1278 2826">
     <span class='ocr_line' id='line_1_15' title="bbox 105 1904 1278 1994; baseline -0.003 -20"><span class='ocrx_word' id='word_1_118' title='bbox 105 1912 199 1994; x_wconf 75' lang='lat' dir='ltr'><strong>regis</strong></span> <span class='ocrx_word' id='word_1_119' title='bbox 217 1908 416 1973; x_wconf 73' lang='lat' dir='ltr'><strong>Francorum</strong></span> <span class='ocrx_word' id='word_1_120' title='bbox 440 1906 609 1970; x_wconf 82' lang='lat' dir='ltr'><strong>Lndevici.</strong></span> <span class='ocrx_word' id='word_1_121' title='bbox 653 1904 779 1983; x_wconf 78' lang='lat' dir='ltr'><strong>Quibus</strong></span> <span class='ocrx_word' id='word_1_122' title='bbox 800 1907 830 1968; x_wconf 93' lang='lat' dir='ltr'><strong>si</strong></span> <span class='ocrx_word' id='word_1_123' title='bbox 851 1905 968 1970; x_wconf 84' lang='lat' dir='ltr'><strong>fuisset</strong></span> <span class='ocrx_word' id='word_1_124' title='bbox 988 1905 1129 1990; x_wconf 88' lang='lat' dir='ltr'><strong>propitia</strong></span> <span class='ocrx_word' id='word_1_125' title='bbox 1149 1905 1278 1971; x_wconf 84' lang='lat' dir='ltr'><strong>Domini</strong></span> 
     </span>
     <span class='ocr_line' id='line_1_16' title="bbox 107 2009 1277 2099; baseline -0.001 -23"><span class='ocrx_word' id='word_1_126' title='bbox 107 2015 230 2099; x_wconf 85' lang='lat' dir='ltr'><strong>gratia,</strong></span> <span class='ocrx_word' id='word_1_127' title='bbox 250 2030 316 2074; x_wconf 90' lang='lat' dir='ltr'><strong>non</strong></span> <span class='ocrx_word' id='word_1_128' title='bbox 336 2009 440 2072; x_wconf 90' lang='lat' dir='ltr'><strong>solnm</strong></span> <span class='ocrx_word' id='word_1_129' title='bbox 454 2009 642 2072; x_wconf 86' lang='lat' dir='ltr'><strong>¹Soldonum</strong></span> <span class='ocrx_word' id='word_1_130' title='bbox 655 2011 766 2072; x_wconf 66' lang='lat' dir='ltr'><strong>uleonii</strong></span> <span class='ocrx_word' id='word_1_131' title='bbox 786 2019 820 2072; x_wconf 90' lang='lat' dir='ltr'><strong>et</strong></span> <span class='ocrx_word' id='word_1_132' title='bbox 839 2010 943 2074; x_wconf 85' lang='lat' dir='ltr'><strong>Asiae</strong></span> <span class='ocrx_word' id='word_1_133' title='bbox 971 2011 1119 2093; x_wconf 90' lang='lat' dir='ltr'><strong>minoris,</strong></span> <span class='ocrx_word' id='word_1_134' title='bbox 1140 2013 1196 2094; x_wconf 84' lang='lat' dir='ltr'><strong>qui</strong></span> <span class='ocrx_word' id='word_1_135' title='bbox 1216 2031 1277 2096; x_wconf 85' lang='lat' dir='ltr'><strong>po·</strong></span> 
     </span>
     <span class='ocr_line' id='line_1_17' title="bbox 109 2115 1277 2196; baseline -0.003 -13"><span class='ocrx_word' id='word_1_136' title='bbox 109 2119 312 2183; x_wconf 81' lang='lat' dir='ltr'><strong>lautissimus</strong></span> <span class='ocrx_word' id='word_1_137' title='bbox 341 2123 438 2195; x_wconf 85' lang='lat' dir='ltr'><strong>erat,¹</strong></span> <span class='ocrx_word' id='word_1_138' title='bbox 457 2132 569 2176; x_wconf 89' lang='lat' dir='ltr'><strong>verum</strong></span> <span class='ocrx_word' id='word_1_139' title='bbox 591 2115 765 2177; x_wconf 80' lang='lat' dir='ltr'><strong>universas</strong></span> <span class='ocrx_word' id='word_1_140' title='bbox 785 2115 920 2178; x_wconf 88' lang='lat' dir='ltr'><strong>orientis</strong></span> <span class='ocrx_word' id='word_1_141' title='bbox 948 2115 1134 2196; x_wconf 84' lang='lat' dir='ltr'><strong>provincias</strong></span> <span class='ocrx_word' id='word_1_142' title='bbox 1155 2117 1277 2179; x_wconf 89' lang='lat' dir='ltr'><strong>nomini</strong></span> 
     </span>
     <span class='ocr_line' id='line_1_18' title="bbox 108 2217 1277 2302; baseline -0.004 -13"><span class='ocrx_word' id='word_1_143' title='bbox 108 2222 284 2289; x_wconf 81' lang='lat' dir='ltr'><strong>christiano</strong></span> <span class='ocrx_word' id='word_1_144' title='bbox 297 2217 436 2281; x_wconf 77' lang='lat' dir='ltr'><strong>faciliter</strong></span> <span class='ocrx_word' id='word_1_145' title='bbox 457 2217 697 2301; x_wconf 76' lang='lat' dir='ltr'><strong>subjugassent.</strong></span> <span class='ocrx_word' id='word_1_146' title='bbox 717 2218 785 2281; x_wconf 82' lang='lat' dir='ltr'><strong>Sed</strong></span> <span class='ocrx_word' id='word_1_147' title='bbox 802 2239 912 2284; x_wconf 88' lang='lat' dir='ltr'><strong>eorum</strong></span> <span class='ocrx_word' id='word_1_148' title='bbox 927 2220 1053 2284; x_wconf 90' lang='lat' dir='ltr'><strong>occuito</strong></span> <span class='ocrx_word' id='word_1_149' title='bbox 1065 2219 1176 2283; x_wconf 84' lang='lat' dir='ltr'><strong>divino</strong></span> <span class='ocrx_word' id='word_1_150' title='bbox 1186 2219 1277 2302; x_wconf 87' lang='lat' dir='ltr'><strong>jndi-</strong></span> 
     </span>
     <span class='ocr_line' id='line_1_19' title="bbox 109 2321 1275 2409; baseline -0.006 -16"><span class='ocrx_word' id='word_1_151' title='bbox 109 2332 161 2393; x_wconf 86' lang='lat' dir='ltr'><strong>cio</strong></span> <span class='ocrx_word' id='word_1_152' title='bbox 193 2325 317 2409; x_wconf 86' lang='lat' dir='ltr'><strong>sprevit</strong></span> <span class='ocrx_word' id='word_1_153' title='bbox 362 2321 550 2385; x_wconf 85' lang='lat' dir='ltr'><strong>famulatum</strong></span> <span class='ocrx_word' id='word_1_154' title='bbox 584 2324 676 2386; x_wconf 86' lang='lat' dir='ltr'><strong>Dens</strong></span> <span class='ocrx_word' id='word_1_155' title='bbox 710 2341 771 2386; x_wconf 91' lang='lat' dir='ltr'><strong>nec</strong></span> <span class='ocrx_word' id='word_1_156' title='bbox 802 2332 971 2407; x_wconf 77' lang='lat' dir='ltr'><strong>acceptum</strong></span> <span class='ocrx_word' id='word_1_157' title='bbox 1006 2325 1117 2388; x_wconf 85' lang='lat' dir='ltr'><strong>habuit</strong></span> <span class='ocrx_word' id='word_1_158' title='bbox 1148 2343 1275 2406; x_wconf 86' lang='lat' dir='ltr'><strong>munus,</strong></span> 
     </span>
     <span class='ocr_line' id='line_1_20' title="bbox 108 2415 1276 2520; baseline -0.003 -22"><span class='ocrx_word' id='word_1_159' title='bbox 108 2433 194 2520; x_wconf 88' lang='lat' dir='ltr'><strong>qnod</strong></span> <span class='ocrx_word' id='word_1_160' title='bbox 215 2415 359 2511; x_wconf 74' lang='lat' dir='ltr'><strong>iiidignis</strong></span> <span class='ocrx_word' id='word_1_161' title='bbox 388 2427 529 2492; x_wconf 85' lang='lat' dir='ltr'><strong>fortasse</strong></span> <span class='ocrx_word' id='word_1_162' title='bbox 565 2430 716 2516; x_wconf 75' lang='lat' dir='ltr'><strong>monibus</strong></span> <span class='ocrx_word' id='word_1_163' title='bbox 744 2427 949 2498; x_wconf 79' lang='lat' dir='ltr'><strong>offerebatur.</strong></span> <span class='ocrx_word' id='word_1_164' title='bbox 991 2429 1086 2494; x_wconf 86' lang='lat' dir='ltr'><strong>Unde</strong></span> <span class='ocrx_word' id='word_1_165' title='bbox 1116 2429 1276 2494; x_wconf 75' lang='lat' dir='ltr'><strong>Dominus</strong></span> 
     </span>
     <span class='ocr_line' id='line_1_21' title="bbox 109 2533 1273 2617; baseline -0.005 -14"><span class='ocrx_word' id='word_1_166' title='bbox 109 2537 238 2604; x_wconf 74' lang='lat' dir='ltr'><strong>tradidit</strong></span> <span class='ocrx_word' id='word_1_167' title='bbox 258 2551 316 2597; x_wconf 83' lang='lat' dir='ltr'><strong>ees</strong></span> <span class='ocrx_word' id='word_1_168' title='bbox 336 2533 370 2594; x_wconf 91' lang='lat' dir='ltr'><strong>in</strong></span> <span class='ocrx_word' id='word_1_169' title='bbox 389 2550 504 2596; x_wconf 86' lang='lat' dir='ltr'><strong>manus</strong></span> <span class='ocrx_word' id='word_1_170' title='bbox 525 2533 700 2604; x_wconf 82' lang='lat' dir='ltr'><strong>infidelium</strong></span> <span class='ocrx_word' id='word_1_171' title='bbox 712 2534 888 2597; x_wconf 81' lang='lat' dir='ltr'><strong>&#39;l&#39;urcornm</strong></span> <span class='ocrx_word' id='word_1_172' title='bbox 909 2533 1217 2617; x_wconf 81' lang='lat' dir='ltr'><strong>etSorracenorurn,</strong></span> <span class='ocrx_word' id='word_1_173' title='bbox 1239 2545 1273 2597; x_wconf 89' lang='lat' dir='ltr'><strong>et</strong></span> 
     </span>
     <span class='ocr_line' id='line_1_22' title="bbox 110 2637 1275 2721; baseline -0.006 -11"><span class='ocrx_word' id='word_1_174' title='bbox 110 2643 271 2710; x_wconf 77' lang='lat' dir='ltr'><strong>vexante</strong></span> <span class='ocrx_word' id='word_1_175' title='bbox 289 2639 345 2702; x_wconf 82' lang='lat' dir='ltr'><strong>vio</strong></span> <span class='ocrx_word' id='word_1_176' title='bbox 363 2637 405 2700; x_wconf 77' lang='lat' dir='ltr'><strong>ab</strong></span> <span class='ocrx_word' id='word_1_177' title='bbox 426 2639 486 2721; x_wconf 91' lang='lat' dir='ltr'><strong>eis,</strong></span> <span class='ocrx_word' id='word_1_178' title='bbox 507 2641 669 2721; x_wconf 79' lang='lat' dir='ltr'><strong>prostrati,</strong></span> <span class='ocrx_word' id='word_1_179' title='bbox 688 2639 854 2721; x_wconf 90' lang='lat' dir='ltr'><strong>imminuti,</strong></span> <span class='ocrx_word' id='word_1_180' title='bbox 871 2657 951 2704; x_wconf 86' lang='lat' dir='ltr'><strong>curn¹</strong></span> <span class='ocrx_word' id='word_1_181' title='bbox 966 2639 1068 2701; x_wconf 90' lang='lat' dir='ltr'><strong>multa</strong></span> <span class='ocrx_word' id='word_1_182' title='bbox 1086 2639 1275 2703; x_wconf 74' lang='lat' dir='ltr'><strong>infelicitate</strong></span> 
     </span>
     <span class='ocr_line' id='line_1_23' title="bbox 110 2742 1276 2826; baseline -0.005 -13"><span class='ocrx_word' id='word_1_183' title='bbox 110 2754 268 2814; x_wconf 86' lang='lat' dir='ltr'><strong>venerunt</strong></span> <span class='ocrx_word' id='word_1_184' title='bbox 285 2742 536 2826; x_wconf 71' lang='lat' dir='ltr'><strong>ierosolymam.</strong></span> <span class='ocrx_word' id='word_1_185' title='bbox 578 2743 820 2806; x_wconf 75' lang='lat' dir='ltr'><strong>convenientes</strong></span> <span class='ocrx_word' id='word_1_186' title='bbox 841 2745 940 2826; x_wconf 84' lang='lat' dir='ltr'><strong>igitur</strong></span> <span class='ocrx_word' id='word_1_187' title='bbox 959 2744 992 2805; x_wconf 94' lang='lat' dir='ltr'><strong>in</strong></span> <span class='ocrx_word' id='word_1_188' title='bbox 1013 2762 1111 2806; x_wconf 76' lang='lat' dir='ltr'><strong>nurum</strong></span> <span class='ocrx_word' id='word_1_189' title='bbox 1134 2753 1200 2806; x_wconf 89' lang='lat' dir='ltr'><strong>tres</strong></span> <span class='ocrx_word' id='word_1_190' title='bbox 1220 2745 1276 2807; x_wconf 84' lang='lat' dir='ltr'><strong>isti</strong></span> 
     </span>
    </p>
   </div>
   <div class='ocr_carea' id='block_1_2' title="bbox 111 2829 1313 3249">
    <p class='ocr_par' dir='ltr' id='par_1_3' title="bbox 111 2829 1313 3249">
     <span class='ocr_line' id='line_1_24' title="bbox 111 2829 1313 2938; baseline -0.005 -22"><span class='ocrx_word' id='word_1_191' title='bbox 111 2849 345 2938; x_wconf 76' lang='lat' dir='ltr'><strong>potentissimi,</strong></span> <span class='ocrx_word' id='word_1_192' title='bbox 377 2849 550 2929; x_wconf 86' lang='lat' dir='ltr'><strong>imperator</strong></span> <span class='ocrx_word' id='word_1_193' title='bbox 569 2847 787 2910; x_wconf 85' lang='lat' dir='ltr'><strong>Romanorum</strong></span> <span class='ocrx_word' id='word_1_194' title='bbox 818 2847 1004 2931; x_wconf 78' lang='lat' dir='ltr'><strong>conradus,</strong></span> <span class='ocrx_word' id='word_1_195' title='bbox 1037 2866 1095 2913; x_wconf 84' lang='lat' dir='ltr'><strong>rex</strong></span> <span class='ocrx_word' id='word_1_196' title='bbox 1116 2829 1313 2912; x_wconf 61' lang='lat' dir='ltr'><strong>anciao*</strong></span> 
     </span>
     <span class='ocr_line' id='line_1_25' title="bbox 113 2949 1274 3036; baseline 0.001 -21"><span class='ocrx_word' id='word_1_197' title='bbox 113 2955 298 3027; x_wconf 73' lang='lat' dir='ltr'><strong>[rudovicus</strong></span> <span class='ocrx_word' id='word_1_198' title='bbox 317 2959 360 3014; x_wconf 85' lang='lat' dir='ltr'><strong>et</strong></span> <span class='ocrx_word' id='word_1_199' title='bbox 392 2967 450 3014; x_wconf 83' lang='lat' dir='ltr'><strong>rex</strong></span> <span class='ocrx_word' id='word_1_200' title='bbox 464 2949 661 3016; x_wconf 78' lang='lat' dir='ltr'><strong>..ierusalem</strong></span> <span class='ocrx_word' id='word_1_201' title='bbox 691 2951 871 3017; x_wconf 87' lang='lat' dir='ltr'><strong>Balduinns</strong></span> <span class='ocrx_word' id='word_1_202' title='bbox 898 2956 956 3036; x_wconf 92' lang='lat' dir='ltr'><strong>ll.,</strong></span> <span class='ocrx_word' id='word_1_203' title='bbox 989 2953 1133 3016; x_wconf 86' lang='lat' dir='ltr'><strong>universi</strong></span> <span class='ocrx_word' id='word_1_204' title='bbox 1163 2971 1274 3016; x_wconf 85' lang='lat' dir='ltr'><strong>eorum</strong></span> 
     </span>
     <span class='ocr_line' id='line_1_26' title="bbox 113 3055 1273 3145; baseline -0.001 -24"><span class='ocrx_word' id='word_1_205' title='bbox 113 3059 291 3145; x_wconf 83' lang='lat' dir='ltr'><strong>principes,</strong></span> <span class='ocrx_word' id='word_1_206' title='bbox 323 3055 473 3137; x_wconf 73' lang='lat' dir='ltr'><strong>conditos,</strong></span> <span class='ocrx_word' id='word_1_207' title='bbox 509 3056 646 3120; x_wconf 82' lang='lat' dir='ltr'><strong>barotres</strong></span> <span class='ocrx_word' id='word_1_208' title='bbox 683 3064 716 3119; x_wconf 89' lang='lat' dir='ltr'><strong>et</strong></span> <span class='ocrx_word' id='word_1_209' title='bbox 753 3059 871 3122; x_wconf 90' lang='lat' dir='ltr'><strong>milites</strong></span> <span class='ocrx_word' id='word_1_210' title='bbox 908 3065 1050 3122; x_wconf 85' lang='lat' dir='ltr'><strong>tractare</strong></span> <span class='ocrx_word' id='word_1_211' title='bbox 1088 3067 1273 3139; x_wconf 86' lang='lat' dir='ltr'><strong>coeperunt,</strong></span> 
     </span>
     <span class='ocr_line' id='line_1_27' title="bbox 115 3153 1274 3249; baseline -0.002 -21"><span class='ocrx_word' id='word_1_212' title='bbox 115 3163 197 3249; x_wconf 86' lang='lat' dir='ltr'><strong>qnod</strong></span> <span class='ocrx_word' id='word_1_213' title='bbox 218 3153 371 3244; x_wconf 80' lang='lat' dir='ltr'><strong>optimum</strong></span> <span class='ocrx_word' id='word_1_214' title='bbox 392 3169 425 3222; x_wconf 86' lang='lat' dir='ltr'><strong>et</strong></span> <span class='ocrx_word' id='word_1_215' title='bbox 449 3160 554 3242; x_wconf 77' lang='lat' dir='ltr'><strong>magis</strong></span> <span class='ocrx_word' id='word_1_216' title='bbox 576 3161 752 3244; x_wconf 78' lang='lat' dir='ltr'><strong>expediens</strong></span> <span class='ocrx_word' id='word_1_217' title='bbox 773 3163 937 3227; x_wconf 87' lang='lat' dir='ltr'><strong>videretur</strong></span> <span class='ocrx_word' id='word_1_218' title='bbox 964 3161 1006 3224; x_wconf 90' lang='lat' dir='ltr'><strong>ad</strong></span> <span class='ocrx_word' id='word_1_219' title='bbox 1026 3161 1190 3226; x_wconf 82' lang='lat' dir='ltr'><strong>christiani</strong></span> <span class='ocrx_word' id='word_1_220' title='bbox 1211 3178 1274 3226; x_wconf 91' lang='lat' dir='ltr'><strong>no-</strong></span> 
     </span>
    </p>
   </div>
   <div class='ocr_carea' id='block_1_3' title="bbox 55 3262 1350 4427">
    <p class='ocr_par' dir='ltr' id='par_1_4' title="bbox 55 3262 1350 4427">
     <span class='ocr_line' id='line_1_28' title="bbox 114 3262 1273 3352; baseline -0.001 -20"><span class='ocrx_word' id='word_1_221' title='bbox 114 3268 207 3332; x_wconf 88' lang='lat' dir='ltr'><strong>minis</strong></span> <span class='ocrx_word' id='word_1_222' title='bbox 225 3262 362 3347; x_wconf 78' lang='lat' dir='ltr'><strong>gloriem</strong></span> <span class='ocrx_word' id='word_1_223' title='bbox 389 3273 424 3326; x_wconf 85' lang='lat' dir='ltr'><strong>et</strong></span> <span class='ocrx_word' id='word_1_224' title='bbox 442 3266 534 3347; x_wconf 78' lang='lat' dir='ltr'><strong>regni</strong></span> <span class='ocrx_word' id='word_1_225' title='bbox 554 3265 817 3352; x_wconf 65' lang='lat' dir='ltr'><strong>,ierosolymiteni</strong></span> <span class='ocrx_word' id='word_1_226' title='bbox 839 3269 1077 3331; x_wconf 86' lang='lat' dir='ltr'><strong>incrementum.</strong></span> <span class='ocrx_word' id='word_1_227' title='bbox 1122 3264 1189 3329; x_wconf 85' lang='lat' dir='ltr'><strong>Sed</strong></span> <span class='ocrx_word' id='word_1_228' title='bbox 1211 3285 1273 3331; x_wconf 90' lang='lat' dir='ltr'><strong>noc</strong></span> 
     </span>
     <span class='ocr_line' id='line_1_29' title="bbox 113 3367 1271 3454; baseline 0.002 -18"><span class='ocrx_word' id='word_1_229' title='bbox 113 3372 183 3436; x_wconf 81' lang='lat' dir='ltr'><strong>lruic</strong></span> <span class='ocrx_word' id='word_1_230' title='bbox 203 3368 340 3434; x_wconf 90' lang='lat' dir='ltr'><strong>consilio</strong></span> <span class='ocrx_word' id='word_1_231' title='bbox 361 3370 455 3432; x_wconf 87' lang='lat' dir='ltr'><strong>favor</strong></span> <span class='ocrx_word' id='word_1_232' title='bbox 476 3367 605 3434; x_wconf 87' lang='lat' dir='ltr'><strong>divinae</strong></span> <span class='ocrx_word' id='word_1_233' title='bbox 626 3373 842 3437; x_wconf 81' lang='lat' dir='ltr'><strong>miserationis</strong></span> <span class='ocrx_word' id='word_1_234' title='bbox 857 3373 959 3454; x_wconf 86' lang='lat' dir='ltr'><strong>affuit,</strong></span> <span class='ocrx_word' id='word_1_235' title='bbox 976 3371 1064 3434; x_wconf 89' lang='lat' dir='ltr'><strong>nnde</strong></span> <span class='ocrx_word' id='word_1_236' title='bbox 1079 3371 1271 3438; x_wconf 84' lang='lat' dir='ltr'><strong>ellamasco</strong></span> 
     </span>
     <span class='ocr_line' id='line_1_30' title="bbox 113 3475 1272 3570; baseline 0 -28"><span class='ocrx_word' id='word_1_237' title='bbox 113 3476 252 3558; x_wconf 78' lang='lat' dir='ltr'><strong>civitate,</strong></span> <span class='ocrx_word' id='word_1_238' title='bbox 282 3491 377 3557; x_wconf 90' lang='lat' dir='ltr'><strong>qnam</strong></span> <span class='ocrx_word' id='word_1_239' title='bbox 399 3491 519 3556; x_wconf 79' lang='lat' dir='ltr'><strong>capere</strong></span> <span class='ocrx_word' id='word_1_240' title='bbox 539 3476 753 3570; x_wconf 72' lang='lat' dir='ltr'><strong>conabantur,</strong></span> <span class='ocrx_word' id='word_1_241' title='bbox 788 3495 862 3540; x_wconf 91' lang='lat' dir='ltr'><strong>cum</strong></span> <span class='ocrx_word' id='word_1_242' title='bbox 883 3475 1059 3560; x_wconf 84' lang='lat' dir='ltr'><strong>ignominia</strong></span> <span class='ocrx_word' id='word_1_243' title='bbox 1079 3495 1195 3561; x_wconf 81' lang='lat' dir='ltr'><strong>magne</strong></span> <span class='ocrx_word' id='word_1_244' title='bbox 1218 3497 1272 3542; x_wconf 88' lang='lat' dir='ltr'><strong>re-</strong></span> 
     </span>
     <span class='ocr_line' id='line_1_31' title="bbox 112 3580 1271 3668; baseline 0.002 -26"><span class='ocrx_word' id='word_1_245' title='bbox 112 3586 292 3668; x_wconf 70' lang='lat' dir='ltr'><strong>cesserunt,</strong></span> <span class='ocrx_word' id='word_1_246' title='bbox 323 3587 355 3640; x_wconf 90' lang='lat' dir='ltr'><strong>et</strong></span> <span class='ocrx_word' id='word_1_247' title='bbox 377 3580 501 3642; x_wconf 86' lang='lat' dir='ltr'><strong>reversi</strong></span> <span class='ocrx_word' id='word_1_248' title='bbox 522 3580 760 3663; x_wconf 82' lang='lat' dir='ltr'><strong>Jerosolymam</strong></span> <span class='ocrx_word' id='word_1_249' title='bbox 788 3581 984 3646; x_wconf 84' lang='lat' dir='ltr'><strong>Ascalonem</strong></span> <span class='ocrx_word' id='word_1_250' title='bbox 1016 3581 1165 3646; x_wconf 87' lang='lat' dir='ltr'><strong>obsidere</strong></span> <span class='ocrx_word' id='word_1_251' title='bbox 1187 3582 1271 3644; x_wconf 90' lang='lat' dir='ltr'><strong>deli-</strong></span> 
     </span>
     <span class='ocr_line' id='line_1_32' title="bbox 55 3683 1270 3793; baseline 0.002 -44"><span class='ocrx_word' id='word_1_252' title='bbox 55 3760 70 3793; x_wconf 44' lang='lat'><strong>,</strong></span> <span class='ocrx_word' id='word_1_253' title='bbox 113 3687 277 3766; x_wconf 78' lang='lat' dir='ltr'><strong>herebant,</strong></span> <span class='ocrx_word' id='word_1_254' title='bbox 299 3683 358 3750; x_wconf 90' lang='lat' dir='ltr'><strong>sed</strong></span> <span class='ocrx_word' id='word_1_255' title='bbox 386 3693 460 3766; x_wconf 89' lang='lat' dir='ltr'><strong>post</strong></span> <span class='ocrx_word' id='word_1_256' title='bbox 481 3685 583 3749; x_wconf 84' lang='lat' dir='ltr'><strong>multo</strong></span> <span class='ocrx_word' id='word_1_257' title='bbox 602 3686 705 3748; x_wconf 76' lang='lat' dir='ltr'><strong>verba</strong></span> <span class='ocrx_word' id='word_1_258' title='bbox 735 3684 790 3748; x_wconf 91' lang='lat' dir='ltr'><strong>ille</strong></span> <span class='ocrx_word' id='word_1_259' title='bbox 811 3687 906 3754; x_wconf 85' lang='lat' dir='ltr'><strong>etiem</strong></span> <span class='ocrx_word' id='word_1_260' title='bbox 928 3696 1105 3770; x_wconf 89' lang='lat' dir='ltr'><strong>conceptus</strong></span> <span class='ocrx_word' id='word_1_261' title='bbox 1125 3688 1270 3752; x_wconf 90' lang='lat' dir='ltr'><strong>abortum</strong></span> 
     </span>
     <span class='ocr_line' id='line_1_33' title="bbox 113 3787 1350 3874; baseline 0.002 -22"><span class='ocrx_word' id='word_1_262' title='bbox 113 3805 225 3872; x_wconf 84' lang='lat' dir='ltr'><strong>passus</strong></span> <span class='ocrx_word' id='word_1_263' title='bbox 245 3795 307 3852; x_wconf 85' lang='lat' dir='ltr'><strong>est.</strong></span> <span class='ocrx_word' id='word_1_264' title='bbox 349 3787 509 3851; x_wconf 89' lang='lat' dir='ltr'><strong>Videntes</strong></span> <span class='ocrx_word' id='word_1_265' title='bbox 531 3797 657 3874; x_wconf 88' lang='lat' dir='ltr'><strong>antam,</strong></span> <span class='ocrx_word' id='word_1_266' title='bbox 680 3788 853 3872; x_wconf 90' lang='lat' dir='ltr'><strong>imperator</strong></span> <span class='ocrx_word' id='word_1_267' title='bbox 881 3791 1007 3854; x_wconf 84' lang='lat' dir='ltr'><strong>scilieet</strong></span> <span class='ocrx_word' id='word_1_268' title='bbox 1045 3797 1079 3853; x_wconf 85' lang='lat' dir='ltr'><strong>et</strong></span> <span class='ocrx_word' id='word_1_269' title='bbox 1109 3787 1269 3854; x_wconf 70' lang='lat' dir='ltr'><strong>franciae</strong></span> <span class='ocrx_word' id='word_1_270' title='bbox 1346 3829 1350 3838; x_wconf 53' lang='grc' dir='ltr'><strong><em>ι</em></strong></span> 
     </span>
     <span class='ocr_line' id='line_1_34' title="bbox 115 3887 1272 3978; baseline 0.001 -24"><span class='ocrx_word' id='word_1_271' title='bbox 115 3911 181 3973; x_wconf 83' lang='lat' dir='ltr'><strong>rex,</strong></span> <span class='ocrx_word' id='word_1_272' title='bbox 200 3891 373 3956; x_wconf 89' lang='lat' dir='ltr'><strong>Dominum</strong></span> <span class='ocrx_word' id='word_1_273' title='bbox 393 3911 459 3955; x_wconf 90' lang='lat' dir='ltr'><strong>non</strong></span> <span class='ocrx_word' id='word_1_274' title='bbox 484 3908 560 3956; x_wconf 88' lang='lat' dir='ltr'><strong>esse</strong></span> <span class='ocrx_word' id='word_1_275' title='bbox 581 3911 653 3956; x_wconf 90' lang='lat' dir='ltr'><strong>cnm</strong></span> <span class='ocrx_word' id='word_1_276' title='bbox 683 3894 748 3978; x_wconf 90' lang='lat' dir='ltr'><strong>eis,</strong></span> <span class='ocrx_word' id='word_1_277' title='bbox 780 3887 893 3978; x_wconf 86' lang='lat' dir='ltr'><strong>parato</strong></span> <span class='ocrx_word' id='word_1_278' title='bbox 915 3894 1047 3977; x_wconf 82' lang='lat' dir='ltr'><strong>navigio</strong></span> <span class='ocrx_word' id='word_1_279' title='bbox 1069 3893 1111 3955; x_wconf 91' lang='lat' dir='ltr'><strong>ad</strong></span> <span class='ocrx_word' id='word_1_280' title='bbox 1144 3896 1272 3976; x_wconf 90' lang='lat' dir='ltr'><strong>propria</strong></span> 
     </span>
     <span class='ocr_line' id='line_1_35' title="bbox 116 3994 1271 4080; baseline -0.001 -22"><span class='ocrx_word' id='word_1_281' title='bbox 116 3994 241 4058; x_wconf 86' lang='lat' dir='ltr'><strong>rediere.</strong></span> <span class='ocrx_word' id='word_1_282' title='bbox 281 3995 334 4062; x_wconf 81' lang='lat' dir='ltr'><strong>Ao</strong></span> <span class='ocrx_word' id='word_1_283' title='bbox 356 4010 396 4060; x_wconf 80' lang='lat' dir='ltr'><strong>es</strong></span> <span class='ocrx_word' id='word_1_284' title='bbox 415 3997 515 4078; x_wconf 77' lang='lat' dir='ltr'><strong>igitur</strong></span> <span class='ocrx_word' id='word_1_285' title='bbox 537 3996 590 4060; x_wconf 91' lang='lat' dir='ltr'><strong>die</strong></span> <span class='ocrx_word' id='word_1_286' title='bbox 610 3999 717 4080; x_wconf 89' lang='lat' dir='ltr'><strong>coepit</strong></span> <span class='ocrx_word' id='word_1_287' title='bbox 737 3998 923 4062; x_wconf 65' lang='lat' dir='ltr'><strong>lecticorum</strong></span> <span class='ocrx_word' id='word_1_288' title='bbox 945 3997 1144 4061; x_wconf 87' lang='lat' dir='ltr'><strong>orientalium</strong></span> <span class='ocrx_word' id='word_1_289' title='bbox 1164 3998 1271 4059; x_wconf 86' lang='lat' dir='ltr'><strong>menl-</strong></span> 
     </span>
     <span class='ocr_line' id='line_1_36' title="bbox 117 4097 1336 4186; baseline 0 -25"><span class='ocrx_word' id='word_1_290' title='bbox 117 4099 193 4161; x_wconf 86' lang='lat' dir='ltr'><strong>ioote</strong></span> <span class='ocrx_word' id='word_1_291' title='bbox 212 4097 350 4163; x_wconf 85' lang='lat' dir='ltr'><strong>deterior</strong></span> <span class='ocrx_word' id='word_1_292' title='bbox 370 4101 441 4163; x_wconf 89' lang='lat' dir='ltr'><strong>lieri</strong></span> <span class='ocrx_word' id='word_1_293' title='bbox 461 4099 614 4164; x_wconf 88' lang='lat' dir='ltr'><strong>conditio.</strong></span> <span class='ocrx_word' id='word_1_294' title='bbox 657 4101 742 4166; x_wconf 90' lang='lat' dir='ltr'><strong>Nam</strong></span> <span class='ocrx_word' id='word_1_295' title='bbox 765 4119 899 4186; x_wconf 88' lang='lat' dir='ltr'><strong>qnorum</strong></span> <span class='ocrx_word' id='word_1_296' title='bbox 931 4101 1003 4166; x_wconf 90' lang='lat' dir='ltr'><strong>sola</strong></span> <span class='ocrx_word' id='word_1_297' title='bbox 1028 4103 1158 4166; x_wconf 86' lang='lat' dir='ltr'><strong>nomina</strong></span> <span class='ocrx_word' id='word_1_298' title='bbox 1179 4101 1269 4183; x_wconf 91' lang='lat' dir='ltr'><strong>prins</strong></span> <span class='ocrx_word' id='word_1_299' title='bbox 1330 4126 1336 4144; x_wconf 88' lang='lat'><strong>·</strong></span> 
     </span>
     <span class='ocr_line' id='line_1_37' title="bbox 117 4202 1268 4289; baseline -0.001 -23"><span class='ocrx_word' id='word_1_300' title='bbox 117 4202 255 4266; x_wconf 82' lang='lat' dir='ltr'><strong>hostibus</strong></span> <span class='ocrx_word' id='word_1_301' title='bbox 287 4203 363 4268; x_wconf 86' lang='lat' dir='ltr'><strong>fidei</strong></span> <span class='ocrx_word' id='word_1_302' title='bbox 383 4213 473 4270; x_wconf 89' lang='lat' dir='ltr'><strong>erant</strong></span> <span class='ocrx_word' id='word_1_303' title='bbox 497 4203 674 4288; x_wconf 79' lang='lat' dir='ltr'><strong>formidini,</strong></span> <span class='ocrx_word' id='word_1_304' title='bbox 705 4203 812 4284; x_wconf 57' lang='lat'><strong>(²28</strong></span> <span class='ocrx_word' id='word_1_305' title='bbox 825 4208 879 4289; x_wconf 78' lang='grc' dir='ltr'><strong>Δ)</strong></span> <span class='ocrx_word' id='word_1_306' title='bbox 908 4215 941 4268; x_wconf 94' lang='lat' dir='ltr'><strong>et</strong></span> <span class='ocrx_word' id='word_1_307' title='bbox 962 4222 1050 4269; x_wconf 87' lang='lat' dir='ltr'><strong>nnnc</strong></span> <span class='ocrx_word' id='word_1_308' title='bbox 1071 4203 1268 4286; x_wconf 86' lang='lat' dir='ltr'><strong>provinciam</strong></span> 
     </span>
     <span class='ocr_line' id='line_1_38' title="bbox 117 4305 1268 4427; baseline 0.003 -59"><span class='ocrx_word' id='word_1_309' title='bbox 117 4309 465 4427; x_wconf 45' lang='lat' dir='ltr'><strong>tantorntdfftoipnm</strong></span> <span class='ocrx_word' id='word_1_310' title='bbox 487 4310 560 4371; x_wconf 88' lang='lat' dir='ltr'><strong>sine</strong></span> <span class='ocrx_word' id='word_1_311' title='bbox 581 4307 696 4385; x_wconf 80' lang='lat' dir='ltr'><strong>damno</strong></span> <span class='ocrx_word' id='word_1_312' title='bbox 719 4309 953 4392; x_wconf 81' lang='lat' dir='ltr'><strong>despexerant,</strong></span> <span class='ocrx_word' id='word_1_313' title='bbox 985 4305 1071 4370; x_wconf 91' lang='lat' dir='ltr'><strong>unde</strong></span> <span class='ocrx_word' id='word_1_314' title='bbox 1093 4308 1126 4369; x_wconf 91' lang='lat' dir='ltr'><strong>in</strong></span> <span class='ocrx_word' id='word_1_315' title='bbox 1147 4313 1268 4372; x_wconf 78' lang='lat' dir='ltr'><strong>tantem</strong></span> 
     </span>
    </p>
   </div>
   <div class='ocr_carea' id='block_1_4' title="bbox 0 0 1461 4872">
    <p class='ocr_par' dir='ltr' id='par_1_5' title="bbox 0 0 1461 4872">
     <span class='ocr_line' id='line_1_39' title="bbox 0 0 1461 4872; baseline 0 0"><span class='ocrx_word' id='word_1_316' title='bbox 0 0 1461 4872; x_wconf 95' lang='lat' dir='ltr'><strong> </strong></span> 
     </span>
    </p>
   </div>
  </div>
 </body>
</html>
