<?xml version="1.0" encoding="UTF-8"?>
<!DOCTYPE html PUBLIC "-//W3C//DTD XHTML 1.0 Transitional//EN"
    "http://www.w3.org/TR/xhtml1/DTD/xhtml1-transitional.dtd">
<html xmlns="http://www.w3.org/1999/xhtml" xml:lang="en" lang="en">
 <head>
  <title>
</title>
<meta http-equiv="Content-Type" content="text/html;charset=utf-8" />
  <meta name='ocr-system' content='tesseract 3.04.00' />
  <meta name='ocr-capabilities' content='ocr_page ocr_carea ocr_par ocr_line ocrx_word'/>
</head>
<body>
  <div class='ocr_page' id='page_1' title='image "./fratrisfelicisf02fabrgoog_0323.png"; bbox 0 0 2896 4872; ppageno 0'>
   <div class='ocr_carea' id='block_1_1' title="bbox 228 434 1406 1250">
    <p class='ocr_par' dir='ltr' id='par_1_1' title="bbox 228 434 1406 1250">
     <span class='ocr_line' id='line_1_1' title="bbox 229 434 1404 520; baseline -0.001 -19"><span class='ocrx_word' id='word_1_1' title='bbox 229 437 377 520; x_wconf 81' lang='lat' dir='ltr'><strong>Denique</strong></span> <span class='ocrx_word' id='word_1_2' title='bbox 401 437 492 519; x_wconf 84' lang='lat' dir='ltr'><strong>Papa</strong></span> <span class='ocrx_word' id='word_1_3' title='bbox 512 434 594 498; x_wconf 88' lang='lat' dir='ltr'><strong>ultra</strong></span> <span class='ocrx_word' id='word_1_4' title='bbox 616 451 776 498; x_wconf 85' lang='lat' dir='ltr'><strong>summam</strong></span> <span class='ocrx_word' id='word_1_5' title='bbox 807 437 1152 500; x_wconf 71' lang='lat' dir='ltr'><strong>excommunicationis</strong></span> <span class='ocrx_word' id='word_1_6' title='bbox 1172 438 1303 500; x_wconf 79' lang='lat' dir='ltr'><strong>latam</strong></span> <span class='ocrx_word' id='word_1_7' title='bbox 1333 445 1404 500; x_wconf 65' lang='lat' dir='ltr'><strong>con</strong></span> 
     </span>
     <span class='ocr_line' id='line_1_2' title="bbox 229 539 1376 624; baseline -0.001 -20"><span class='ocrx_word' id='word_1_8' title='bbox 229 559 303 604; x_wconf 88' lang='lat' dir='ltr'><strong>auru</strong></span> <span class='ocrx_word' id='word_1_9' title='bbox 336 539 524 622; x_wconf 88' lang='lat' dir='ltr'><strong>ordinavit,</strong></span> <span class='ocrx_word' id='word_1_10' title='bbox 558 549 594 602; x_wconf 90' lang='lat' dir='ltr'><strong>ut</strong></span> <span class='ocrx_word' id='word_1_11' title='bbox 636 557 694 602; x_wconf 84' lang='lat' dir='ltr'><strong>rex</strong></span> <span class='ocrx_word' id='word_1_12' title='bbox 724 540 908 602; x_wconf 76' lang='lat' dir='ltr'><strong>Jerusalem</strong></span> <span class='ocrx_word' id='word_1_13' title='bbox 938 541 1126 614; x_wconf 84' lang='lat' dir='ltr'><strong>Johauues,</strong></span> <span class='ocrx_word' id='word_1_14' title='bbox 1166 543 1236 624; x_wconf 88' lang='lat' dir='ltr'><strong>qni</strong></span> <span class='ocrx_word' id='word_1_15' title='bbox 1281 551 1376 605; x_wconf 90' lang='lat' dir='ltr'><strong>tunc</strong></span> 
     </span>
     <span class='ocr_line' id='line_1_3' title="bbox 228 643 1405 728; baseline 0.002 -20"><span class='ocrx_word' id='word_1_16' title='bbox 228 643 423 708; x_wconf 73' lang='lat' dir='ltr'><strong>Irombardia</strong></span> <span class='ocrx_word' id='word_1_17' title='bbox 453 653 540 722; x_wconf 87' lang='lat' dir='ltr'><strong>erat,</strong></span> <span class='ocrx_word' id='word_1_18' title='bbox 572 661 646 706; x_wconf 87' lang='lat' dir='ltr'><strong>com</strong></span> <span class='ocrx_word' id='word_1_19' title='bbox 679 647 826 710; x_wconf 83' lang='lat' dir='ltr'><strong>exercitu</strong></span> <span class='ocrx_word' id='word_1_20' title='bbox 856 646 1016 710; x_wconf 90' lang='lat' dir='ltr'><strong>ecclesiae</strong></span> <span class='ocrx_word' id='word_1_21' title='bbox 1044 653 1174 710; x_wconf 86' lang='lat' dir='ltr'><strong>armato</strong></span> <span class='ocrx_word' id='word_1_22' title='bbox 1196 647 1258 708; x_wconf 85' lang='grc' dir='ltr'>,ἰιι</span> <span class='ocrx_word' id='word_1_23' title='bbox 1302 663 1405 728; x_wconf 82' lang='lat' dir='ltr'><strong>regar</strong></span> 
     </span>
     <span class='ocr_line' id='line_1_4' title="bbox 228 748 1405 834; baseline 0.001 -24"><span class='ocrx_word' id='word_1_24' title='bbox 228 748 369 834; x_wconf 80' lang='lat' dir='ltr'><strong>Apuliae</strong></span> <span class='ocrx_word' id='word_1_25' title='bbox 396 751 529 811; x_wconf 73' lang='lat' dir='ltr'><strong>intraret</strong></span> <span class='ocrx_word' id='word_1_26' title='bbox 560 757 595 810; x_wconf 92' lang='lat' dir='ltr'><strong>ct</strong></span> <span class='ocrx_word' id='word_1_27' title='bbox 632 748 781 812; x_wconf 90' lang='lat' dir='ltr'><strong>homines</strong></span> <span class='ocrx_word' id='word_1_28' title='bbox 821 749 861 812; x_wconf 90' lang='lat' dir='ltr'><strong>ad</strong></span> <span class='ocrx_word' id='word_1_29' title='bbox 892 751 944 812; x_wconf 86' lang='lat' dir='ltr'><strong>sui</strong></span> <span class='ocrx_word' id='word_1_30' title='bbox 979 751 1125 813; x_wconf 75' lang='lat' dir='ltr'><strong>laverna</strong></span> <span class='ocrx_word' id='word_1_31' title='bbox 1158 750 1370 812; x_wconf 71' lang='lat' dir='ltr'><strong>inclinaret</strong></span> <span class='ocrx_word' id='word_1_32' title='bbox 1397 767 1405 810; x_wconf 90' lang='lat' dir='ltr'><strong>t</strong></span> 
     </span>
     <span class='ocr_line' id='line_1_5' title="bbox 229 850 1405 936; baseline -0.002 -22"><span class='ocrx_word' id='word_1_33' title='bbox 229 853 447 925; x_wconf 80' lang='lat' dir='ltr'><strong>rebellaudum</strong></span> <span class='ocrx_word' id='word_1_34' title='bbox 468 851 660 936; x_wconf 88' lang='lat' dir='ltr'><strong>imperatori.</strong></span> <span class='ocrx_word' id='word_1_35' title='bbox 713 850 810 915; x_wconf 87' lang='lat' dir='ltr'><strong>Unde</strong></span> <span class='ocrx_word' id='word_1_36' title='bbox 841 854 1011 924; x_wconf 84' lang='lat' dir='ltr'><strong>Jolranues</strong></span> <span class='ocrx_word' id='word_1_37' title='bbox 1039 853 1160 916; x_wconf 88' lang='lat' dir='ltr'><strong>multas</strong></span> <span class='ocrx_word' id='word_1_38' title='bbox 1193 855 1405 918; x_wconf 75' lang='lat' dir='ltr'><strong>civitatost</strong></span> 
     </span>
     <span class='ocr_line' id='line_1_6' title="bbox 230 953 1405 1042; baseline -0.005 -19"><span class='ocrx_word' id='word_1_39' title='bbox 230 961 303 1023; x_wconf 91' lang='lat' dir='ltr'><strong>loca</strong></span> <span class='ocrx_word' id='word_1_40' title='bbox 315 959 453 1042; x_wconf 79' lang='lat' dir='ltr'><strong>Apuliae</strong></span> <span class='ocrx_word' id='word_1_41' title='bbox 474 959 569 1041; x_wconf 87' lang='lat' dir='ltr'><strong>cepit.</strong></span> <span class='ocrx_word' id='word_1_42' title='bbox 613 953 709 1033; x_wconf 78' lang='lat' dir='ltr'><strong>ouon</strong></span> <span class='ocrx_word' id='word_1_43' title='bbox 732 965 768 1019; x_wconf 87' lang='lat' dir='ltr'><strong>ut</strong></span> <span class='ocrx_word' id='word_1_44' title='bbox 785 957 958 1040; x_wconf 87' lang='lat' dir='ltr'><strong>imperator</strong></span> <span class='ocrx_word' id='word_1_45' title='bbox 980 959 1135 1040; x_wconf 82' lang='lat' dir='ltr'><strong>percepit,</strong></span> <span class='ocrx_word' id='word_1_46' title='bbox 1154 959 1405 1039; x_wconf 83' lang='lat' dir='ltr'><strong>praefectumi</strong></span> 
     </span>
     <span class='ocr_line' id='line_1_7' title="bbox 229 1059 1406 1145; baseline -0.004 -18"><span class='ocrx_word' id='word_1_47' title='bbox 229 1064 412 1128; x_wconf 71' lang='lat' dir='ltr'><strong>Jerusalem</strong></span> <span class='ocrx_word' id='word_1_48' title='bbox 455 1069 489 1124; x_wconf 91' lang='lat' dir='ltr'><strong>et</strong></span> <span class='ocrx_word' id='word_1_49' title='bbox 533 1065 566 1122; x_wconf 92' lang='lat' dir='ltr'><strong>in</strong></span> <span class='ocrx_word' id='word_1_50' title='bbox 600 1077 700 1142; x_wconf 79' lang='lat' dir='ltr'><strong>ragno</strong></span> <span class='ocrx_word' id='word_1_51' title='bbox 743 1059 912 1145; x_wconf 85' lang='lat' dir='ltr'><strong>dereliquit</strong></span> <span class='ocrx_word' id='word_1_52' title='bbox 947 1081 1041 1126; x_wconf 86' lang='lat' dir='ltr'><strong>suunt</strong></span> <span class='ocrx_word' id='word_1_53' title='bbox 1081 1061 1290 1125; x_wconf 87' lang='lat' dir='ltr'><strong>sinisallum</strong></span> <span class='ocrx_word' id='word_1_54' title='bbox 1335 1063 1406 1123; x_wconf 84' lang='lat' dir='ltr'><strong>eti</strong></span> 
     </span>
     <span class='ocr_line' id='line_1_8' title="bbox 230 1164 934 1250; baseline 0 -20"><span class='ocrx_word' id='word_1_55' title='bbox 230 1167 380 1250; x_wconf 77' lang='lat' dir='ltr'><strong>Apuliam</strong></span> <span class='ocrx_word' id='word_1_56' title='bbox 403 1167 499 1229; x_wconf 89' lang='lat' dir='ltr'><strong>rediit</strong></span> <span class='ocrx_word' id='word_1_57' title='bbox 520 1174 553 1227; x_wconf 89' lang='lat' dir='ltr'><strong>et</strong></span> <span class='ocrx_word' id='word_1_58' title='bbox 575 1164 779 1246; x_wconf 87' lang='lat' dir='ltr'><strong>recuperavit</strong></span> <span class='ocrx_word' id='word_1_59' title='bbox 801 1167 934 1248; x_wconf 89' lang='lat' dir='ltr'><strong>perdita.</strong></span> 
     </span>
    </p>
   </div>
   <div class='ocr_carea' id='block_1_2' title="bbox 230 1318 1403 1910">
    <p class='ocr_par' dir='ltr' id='par_1_2' title="bbox 230 1318 1403 1910">
     <span class='ocr_line' id='line_1_9' title="bbox 325 1318 1403 1404; baseline -0.003 -22"><span class='ocrx_word' id='word_1_60' title='bbox 325 1319 425 1383; x_wconf 88' lang='lat' dir='ltr'><strong>Porro</strong></span> <span class='ocrx_word' id='word_1_61' title='bbox 469 1325 574 1381; x_wconf 90' lang='lat' dir='ltr'><strong>terrac</strong></span> <span class='ocrx_word' id='word_1_62' title='bbox 618 1329 752 1383; x_wconf 85' lang='lat' dir='ltr'><strong>sanctae</strong></span> <span class='ocrx_word' id='word_1_63' title='bbox 795 1319 979 1404; x_wconf 82' lang='lat' dir='ltr'><strong>praelectus</strong></span> <span class='ocrx_word' id='word_1_64' title='bbox 1022 1318 1194 1382; x_wconf 89' lang='lat' dir='ltr'><strong>sinisallus</strong></span> <span class='ocrx_word' id='word_1_65' title='bbox 1235 1321 1403 1384; x_wconf 87' lang='lat' dir='ltr'><strong>concitabat</strong></span> 
     </span>
     <span class='ocr_line' id='line_1_10' title="bbox 230 1422 1401 1508; baseline -0.002 -21"><span class='ocrx_word' id='word_1_66' title='bbox 230 1422 330 1487; x_wconf 84' lang='lat' dir='ltr'><strong>multa</strong></span> <span class='ocrx_word' id='word_1_67' title='bbox 360 1423 445 1486; x_wconf 90' lang='lat' dir='ltr'><strong>mala</strong></span> <span class='ocrx_word' id='word_1_68' title='bbox 476 1432 589 1486; x_wconf 89' lang='lat' dir='ltr'><strong>contra</strong></span> <span class='ocrx_word' id='word_1_69' title='bbox 611 1422 816 1488; x_wconf 87' lang='lat' dir='ltr'><strong>Christianos</strong></span> <span class='ocrx_word' id='word_1_70' title='bbox 845 1433 877 1486; x_wconf 89' lang='lat' dir='ltr'><strong>et</strong></span> <span class='ocrx_word' id='word_1_71' title='bbox 909 1441 1016 1486; x_wconf 89' lang='lat' dir='ltr'><strong>corum</strong></span> <span class='ocrx_word' id='word_1_72' title='bbox 1048 1431 1160 1484; x_wconf 90' lang='lat' dir='ltr'><strong>castra</strong></span> <span class='ocrx_word' id='word_1_73' title='bbox 1188 1426 1401 1508; x_wconf 72' lang='lat' dir='ltr'><strong>expugnabat</strong></span> 
     </span>
     <span class='ocr_line' id='line_1_11' title="bbox 231 1524 1400 1612; baseline -0.005 -22"><span class='ocrx_word' id='word_1_74' title='bbox 231 1534 266 1590; x_wconf 91' lang='lat' dir='ltr'><strong>et</strong></span> <span class='ocrx_word' id='word_1_75' title='bbox 288 1529 364 1610; x_wconf 91' lang='lat' dir='ltr'><strong>quia</strong></span> <span class='ocrx_word' id='word_1_76' title='bbox 384 1528 455 1609; x_wconf 89' lang='lat' dir='ltr'><strong>ipsa</strong></span> <span class='ocrx_word' id='word_1_77' title='bbox 475 1529 656 1608; x_wconf 83' lang='lat' dir='ltr'><strong>gubernare</strong></span> <span class='ocrx_word' id='word_1_78' title='bbox 678 1548 742 1591; x_wconf 92' lang='lat' dir='ltr'><strong>non</strong></span> <span class='ocrx_word' id='word_1_79' title='bbox 764 1530 881 1612; x_wconf 87' lang='lat' dir='ltr'><strong>potuit,</strong></span> <span class='ocrx_word' id='word_1_80' title='bbox 904 1546 943 1589; x_wconf 89' lang='lat' dir='ltr'><strong>ca</strong></span> <span class='ocrx_word' id='word_1_81' title='bbox 966 1524 1158 1588; x_wconf 90' lang='lat' dir='ltr'><strong>Sarracenis</strong></span> <span class='ocrx_word' id='word_1_82' title='bbox 1181 1527 1287 1590; x_wconf 87' lang='lat' dir='ltr'><strong>dedit</strong></span> <span class='ocrx_word' id='word_1_83' title='bbox 1319 1539 1352 1589; x_wconf 92' lang='lat' dir='ltr'><strong>et</strong></span> <span class='ocrx_word' id='word_1_84' title='bbox 1375 1527 1400 1587; x_wconf 83' lang='lat' dir='ltr'><strong>itt</strong></span> 
     </span>
     <span class='ocr_line' id='line_1_12' title="bbox 231 1629 1398 1714; baseline -0.003 -21"><span class='ocrx_word' id='word_1_85' title='bbox 231 1639 361 1714; x_wconf 89' lang='lat' dir='ltr'><strong>proptor</strong></span> <span class='ocrx_word' id='word_1_86' title='bbox 407 1629 631 1696; x_wconf 85' lang='lat' dir='ltr'><strong>dissensiones</strong></span> <span class='ocrx_word' id='word_1_87' title='bbox 672 1635 745 1714; x_wconf 91' lang='lat' dir='ltr'><strong>ipse</strong></span> <span class='ocrx_word' id='word_1_88' title='bbox 783 1632 949 1696; x_wconf 88' lang='lat' dir='ltr'><strong>sinisallus</strong></span> <span class='ocrx_word' id='word_1_89' title='bbox 991 1638 1167 1712; x_wconf 87' lang='lat' dir='ltr'><strong>superatus</strong></span> <span class='ocrx_word' id='word_1_90' title='bbox 1211 1631 1348 1694; x_wconf 90' lang='lat' dir='ltr'><strong>interiit</strong></span> <span class='ocrx_word' id='word_1_91' title='bbox 1381 1641 1398 1689; x_wconf 74' lang='lat' dir='ltr'><strong>a</strong></span> 
     </span>
     <span class='ocr_line' id='line_1_13' title="bbox 231 1733 1396 1821; baseline 0 -23"><span class='ocrx_word' id='word_1_92' title='bbox 231 1743 337 1798; x_wconf 87' lang='lat' dir='ltr'><strong>totum</strong></span> <span class='ocrx_word' id='word_1_93' title='bbox 373 1753 507 1818; x_wconf 87' lang='lat' dir='ltr'><strong>reguum</strong></span> <span class='ocrx_word' id='word_1_94' title='bbox 528 1737 837 1821; x_wconf 69' lang='lat' dir='ltr'><strong>ierosolymitanum</strong></span> <span class='ocrx_word' id='word_1_95' title='bbox 865 1738 899 1799; x_wconf 90' lang='lat' dir='ltr'><strong>in</strong></span> <span class='ocrx_word' id='word_1_96' title='bbox 931 1743 1126 1818; x_wconf 88' lang='lat' dir='ltr'><strong>potestatem</strong></span> <span class='ocrx_word' id='word_1_97' title='bbox 1150 1733 1396 1800; x_wconf 87' lang='lat' dir='ltr'><strong>Sarracenorun</strong></span> 
     </span>
     <span class='ocr_line' id='line_1_14' title="bbox 235 1835 854 1910; baseline -0.003 -5"><span class='ocrx_word' id='word_1_98' title='bbox 235 1841 373 1910; x_wconf 83' lang='lat' dir='ltr'><strong>revenit.</strong></span> <span class='ocrx_word' id='word_1_99' title='bbox 845 1835 854 1842; x_wconf 81' lang='grc'><em>“</em></span> 
     </span>
    </p>
   </div>
   <div class='ocr_carea' id='block_1_3' title="bbox 230 1965 1396 2366">
    <p class='ocr_par' dir='ltr' id='par_1_3' title="bbox 230 1965 1396 2366">
     <span class='ocr_line' id='line_1_15' title="bbox 317 1965 1396 2050; baseline -0.005 -21"><span class='ocrx_word' id='word_1_100' title='bbox 317 1966 443 2031; x_wconf 89' lang='lat' dir='ltr'><strong>Videns</strong></span> <span class='ocrx_word' id='word_1_101' title='bbox 464 1975 571 2028; x_wconf 86' lang='lat' dir='ltr'><strong>autom</strong></span> <span class='ocrx_word' id='word_1_102' title='bbox 587 1965 677 2048; x_wconf 87' lang='lat' dir='ltr'><strong>Papa</strong></span> <span class='ocrx_word' id='word_1_103' title='bbox 692 1975 798 2028; x_wconf 88' lang='lat' dir='ltr'><strong>torrae</strong></span> <span class='ocrx_word' id='word_1_104' title='bbox 819 1975 952 2029; x_wconf 85' lang='lat' dir='ltr'><strong>sanctae</strong></span> <span class='ocrx_word' id='word_1_105' title='bbox 974 1969 1136 2050; x_wconf 84' lang='lat' dir='ltr'><strong>negotium</strong></span> <span class='ocrx_word' id='word_1_106' title='bbox 1159 1967 1352 2048; x_wconf 84' lang='lat' dir='ltr'><strong>pejoratum</strong></span> <span class='ocrx_word' id='word_1_107' title='bbox 1371 1983 1396 2024; x_wconf 87' lang='lat' dir='ltr'><strong>rr</strong></span> 
     </span>
     <span class='ocr_line' id='line_1_16' title="bbox 232 2070 1393 2156; baseline -0.008 -19"><span class='ocrx_word' id='word_1_108' title='bbox 232 2074 434 2156; x_wconf 89' lang='lat' dir='ltr'><strong>imperatoris</strong></span> <span class='ocrx_word' id='word_1_109' title='bbox 455 2071 532 2134; x_wconf 85' lang='lat' dir='ltr'><strong>licta</strong></span> <span class='ocrx_word' id='word_1_110' title='bbox 554 2070 737 2152; x_wconf 86' lang='lat' dir='ltr'><strong>concordia,</strong></span> <span class='ocrx_word' id='word_1_111' title='bbox 760 2071 955 2134; x_wconf 87' lang='lat' dir='ltr'><strong>convocavit</strong></span> <span class='ocrx_word' id='word_1_112' title='bbox 976 2071 1092 2134; x_wconf 88' lang='lat' dir='ltr'><strong>iratres</strong></span> <span class='ocrx_word' id='word_1_113' title='bbox 1101 2070 1393 2134; x_wconf 84' lang='lat' dir='ltr'><strong>Praedicatorasrt</strong></span> 
     </span>
     <span class='ocr_line' id='line_1_17' title="bbox 230 2175 1393 2261; baseline -0.006 -19"><span class='ocrx_word' id='word_1_114' title='bbox 230 2181 378 2246; x_wconf 78' lang='lat' dir='ltr'><strong>Minores</strong></span> <span class='ocrx_word' id='word_1_115' title='bbox 398 2177 571 2261; x_wconf 84' lang='lat' dir='ltr'><strong>injungens</strong></span> <span class='ocrx_word' id='word_1_116' title='bbox 593 2178 641 2237; x_wconf 91' lang='lat' dir='ltr'><strong>eis</strong></span> <span class='ocrx_word' id='word_1_117' title='bbox 671 2176 778 2238; x_wconf 88' lang='lat' dir='ltr'><strong>crucis</strong></span> <span class='ocrx_word' id='word_1_118' title='bbox 810 2175 1080 2258; x_wconf 76' lang='lat' dir='ltr'><strong>praedicationem</strong></span> <span class='ocrx_word' id='word_1_119' title='bbox 1112 2195 1172 2257; x_wconf 88' lang='lat' dir='ltr'><strong>per</strong></span> <span class='ocrx_word' id='word_1_120' title='bbox 1208 2176 1393 2240; x_wconf 85' lang='lat' dir='ltr'><strong>occidentea</strong></span> 
     </span>
     <span class='ocr_line' id='line_1_18' title="bbox 232 2279 754 2366; baseline -0.011 -20"><span class='ocrx_word' id='word_1_121' title='bbox 232 2303 290 2366; x_wconf 92' lang='lat' dir='ltr'><strong>pro</strong></span> <span class='ocrx_word' id='word_1_122' title='bbox 311 2292 418 2346; x_wconf 87' lang='lat' dir='ltr'><strong>tarrac</strong></span> <span class='ocrx_word' id='word_1_123' title='bbox 444 2290 579 2344; x_wconf 88' lang='lat' dir='ltr'><strong>sanotae</strong></span> <span class='ocrx_word' id='word_1_124' title='bbox 600 2279 754 2342; x_wconf 88' lang='lat' dir='ltr'><strong>subsidio.</strong></span> 
     </span>
    </p>
   </div>
   <div class='ocr_carea' id='block_1_4' title="bbox 229 2423 1391 4397">
    <p class='ocr_par' dir='ltr' id='par_1_4' title="bbox 229 2423 1391 4397">
     <span class='ocr_line' id='line_1_19' title="bbox 317 2423 1391 2524; baseline -0.004 -28"><span class='ocrx_word' id='word_1_125' title='bbox 317 2423 462 2498; x_wconf 88' lang='lat' dir='ltr'><strong>Collecto</strong></span> <span class='ocrx_word' id='word_1_126' title='bbox 492 2452 570 2516; x_wconf 81' lang='lat' dir='ltr'><strong>ergo</strong></span> <span class='ocrx_word' id='word_1_127' title='bbox 601 2435 740 2524; x_wconf 84' lang='lat' dir='ltr'><strong>maximo</strong></span> <span class='ocrx_word' id='word_1_128' title='bbox 777 2435 921 2495; x_wconf 87' lang='lat' dir='ltr'><strong>exercitu</strong></span> <span class='ocrx_word' id='word_1_129' title='bbox 949 2450 1034 2496; x_wconf 86' lang='lat' dir='ltr'><strong>auno</strong></span> <span class='ocrx_word' id='word_1_130' title='bbox 1067 2430 1198 2499; x_wconf 86' lang='lat' dir='ltr'><strong>Domini</strong></span> <span class='ocrx_word' id='word_1_131' title='bbox 1231 2433 1328 2500; x_wconf 73' lang='lat'><strong>12³0.</strong></span> <span class='ocrx_word' id='word_1_132' title='bbox 1348 2433 1391 2495; x_wconf 84' lang='lat' dir='ltr'><strong>iter</strong></span> 
     </span>
     <span class='ocr_line' id='line_1_20' title="bbox 232 2535 1389 2620; baseline -0.003 -22"><span class='ocrx_word' id='word_1_133' title='bbox 232 2539 388 2600; x_wconf 89' lang='lat' dir='ltr'><strong>marinum</strong></span> <span class='ocrx_word' id='word_1_134' title='bbox 410 2537 559 2619; x_wconf 86' lang='lat' dir='ltr'><strong>adgressi</strong></span> <span class='ocrx_word' id='word_1_135' title='bbox 581 2545 658 2600; x_wconf 90' lang='lat' dir='ltr'><strong>sunt</strong></span> <span class='ocrx_word' id='word_1_136' title='bbox 680 2547 713 2599; x_wconf 94' lang='lat' dir='ltr'><strong>et</strong></span> <span class='ocrx_word' id='word_1_137' title='bbox 727 2535 888 2600; x_wconf 86' lang='lat' dir='ltr'><strong>inAchou</strong></span> <span class='ocrx_word' id='word_1_138' title='bbox 901 2538 1131 2620; x_wconf 78' lang='lat' dir='ltr'><strong>applicuerunt.</strong></span> <span class='ocrx_word' id='word_1_139' title='bbox 1174 2537 1284 2600; x_wconf 78' lang='lat' dir='ltr'><strong>Erant</strong></span> <span class='ocrx_word' id='word_1_140' title='bbox 1303 2548 1389 2600; x_wconf 87' lang='lat' dir='ltr'><strong>auten</strong></span> 
     </span>
     <span class='ocr_line' id='line_1_21' title="bbox 232 2639 1389 2725; baseline 0.002 -25"><span class='ocrx_word' id='word_1_141' title='bbox 232 2642 266 2701; x_wconf 88' lang='lat' dir='ltr'><strong>iu</strong></span> <span class='ocrx_word' id='word_1_142' title='bbox 289 2640 344 2702; x_wconf 90' lang='lat' dir='ltr'><strong>illo</strong></span> <span class='ocrx_word' id='word_1_143' title='bbox 371 2643 516 2702; x_wconf 84' lang='lat' dir='ltr'><strong>exercitu</strong></span> <span class='ocrx_word' id='word_1_144' title='bbox 547 2642 638 2704; x_wconf 88' lang='lat' dir='ltr'><strong>multi</strong></span> <span class='ocrx_word' id='word_1_145' title='bbox 672 2641 795 2705; x_wconf 89' lang='lat' dir='ltr'><strong>nobiles</strong></span> <span class='ocrx_word' id='word_1_146' title='bbox 827 2649 862 2704; x_wconf 90' lang='lat' dir='ltr'><strong>et</strong></span> <span class='ocrx_word' id='word_1_147' title='bbox 889 2642 1036 2725; x_wconf 83' lang='lat' dir='ltr'><strong>insignes</strong></span> <span class='ocrx_word' id='word_1_148' title='bbox 1063 2642 1135 2702; x_wconf 88' lang='lat' dir='ltr'><strong>viri.</strong></span> <span class='ocrx_word' id='word_1_149' title='bbox 1181 2639 1267 2705; x_wconf 84' lang='lat' dir='ltr'><strong>Cum</strong></span> <span class='ocrx_word' id='word_1_150' title='bbox 1301 2653 1389 2705; x_wconf 84' lang='lat' dir='ltr'><strong>auten</strong></span> 
     </span>
     <span class='ocr_line' id='line_1_22' title="bbox 231 2745 1389 2832; baseline 0.002 -26"><span class='ocrx_word' id='word_1_151' title='bbox 231 2763 291 2830; x_wconf 87' lang='lat' dir='ltr'><strong>per</strong></span> <span class='ocrx_word' id='word_1_152' title='bbox 318 2746 438 2832; x_wconf 86' lang='lat' dir='ltr'><strong>aliquot</strong></span> <span class='ocrx_word' id='word_1_153' title='bbox 467 2745 538 2808; x_wconf 90' lang='lat' dir='ltr'><strong>dies</strong></span> <span class='ocrx_word' id='word_1_154' title='bbox 566 2747 769 2830; x_wconf 86' lang='lat' dir='ltr'><strong>quievissent</strong></span> <span class='ocrx_word' id='word_1_155' title='bbox 797 2747 831 2808; x_wconf 91' lang='lat' dir='ltr'><strong>iu</strong></span> <span class='ocrx_word' id='word_1_156' title='bbox 853 2746 987 2830; x_wconf 87' lang='lat' dir='ltr'><strong>Achou,</strong></span> <span class='ocrx_word' id='word_1_157' title='bbox 1017 2745 1280 2809; x_wconf 84' lang='lat' dir='ltr'><strong>deliberaverunt</strong></span> <span class='ocrx_word' id='word_1_158' title='bbox 1309 2749 1389 2808; x_wconf 84' lang='lat' dir='ltr'><strong>inva-</strong></span> 
     </span>
     <span class='ocr_line' id='line_1_23' title="bbox 234 2835 1387 2936; baseline -0.005 -22"><span class='ocrx_word' id='word_1_159' title='bbox 234 2849 311 2914; x_wconf 88' lang='lat' dir='ltr'><strong>dero</strong></span> <span class='ocrx_word' id='word_1_160' title='bbox 329 2839 469 2936; x_wconf 89' lang='lat' dir='ltr'><strong>aliquam</strong></span> <span class='ocrx_word' id='word_1_161' title='bbox 491 2849 741 2913; x_wconf 79' lang='lat' dir='ltr'><strong>sarracenorum</strong></span> <span class='ocrx_word' id='word_1_162' title='bbox 767 2835 983 2914; x_wconf 86' lang='lat' dir='ltr'><strong>rnurtitionem.</strong></span> <span class='ocrx_word' id='word_1_163' title='bbox 1028 2849 1148 2913; x_wconf 86' lang='lat' dir='ltr'><strong>Comes</strong></span> <span class='ocrx_word' id='word_1_164' title='bbox 1166 2849 1387 2934; x_wconf 73' lang='lat' dir='ltr'><strong>yorbricaniao</strong></span> 
     </span>
     <span class='ocr_line' id='line_1_24' title="bbox 233 2950 1386 3038; baseline -0.006 -17"><span class='ocrx_word' id='word_1_165' title='bbox 233 2959 305 3021; x_wconf 90' lang='lat' dir='ltr'><strong>siuc</strong></span> <span class='ocrx_word' id='word_1_166' title='bbox 344 2956 479 3020; x_wconf 90' lang='lat' dir='ltr'><strong>consilio</strong></span> <span class='ocrx_word' id='word_1_167' title='bbox 514 2973 588 3018; x_wconf 90' lang='lat' dir='ltr'><strong>cum</strong></span> <span class='ocrx_word' id='word_1_168' title='bbox 624 2956 687 3017; x_wconf 91' lang='lat' dir='ltr'><strong>sibi</strong></span> <span class='ocrx_word' id='word_1_169' title='bbox 725 2950 974 3018; x_wconf 83' lang='lat' dir='ltr'><strong>adhaerentibus</strong></span> <span class='ocrx_word' id='word_1_170' title='bbox 1009 2955 1109 3017; x_wconf 83' lang='lat' dir='ltr'><strong>exivit</strong></span> <span class='ocrx_word' id='word_1_171' title='bbox 1141 2962 1174 3015; x_wconf 90' lang='lat' dir='ltr'><strong>et</strong></span> <span class='ocrx_word' id='word_1_172' title='bbox 1209 2956 1386 3038; x_wconf 81' lang='lat' dir='ltr'><strong>expugnatis</strong></span> 
     </span>
     <span class='ocr_line' id='line_1_25' title="bbox 233 3058 1384 3147; baseline -0.005 -21"><span class='ocrx_word' id='word_1_173' title='bbox 233 3063 395 3147; x_wconf 88' lang='lat' dir='ltr'><strong>aliquibus</strong></span> <span class='ocrx_word' id='word_1_174' title='bbox 419 3061 600 3142; x_wconf 88' lang='lat' dir='ltr'><strong>municipiis</strong></span> <span class='ocrx_word' id='word_1_175' title='bbox 620 3060 790 3124; x_wconf 87' lang='lat' dir='ltr'><strong>maximam</strong></span> <span class='ocrx_word' id='word_1_176' title='bbox 811 3058 962 3142; x_wconf 84' lang='lat' dir='ltr'><strong>praedam</strong></span> <span class='ocrx_word' id='word_1_177' title='bbox 977 3060 1141 3122; x_wconf 88' lang='lat' dir='ltr'><strong>hominum</strong></span> <span class='ocrx_word' id='word_1_178' title='bbox 1164 3064 1199 3118; x_wconf 90' lang='lat' dir='ltr'><strong>et</strong></span> <span class='ocrx_word' id='word_1_179' title='bbox 1220 3059 1384 3120; x_wconf 83' lang='lat' dir='ltr'><strong>animalium</strong></span> 
     </span>
     <span class='ocr_line' id='line_1_26' title="bbox 229 3161 1383 3246; baseline -0.005 -17"><span class='ocrx_word' id='word_1_180' title='bbox 229 3185 344 3232; x_wconf 90' lang='lat' dir='ltr'><strong>secum</strong></span> <span class='ocrx_word' id='word_1_181' title='bbox 366 3167 474 3229; x_wconf 83' lang='lat' dir='ltr'><strong>traxit.</strong></span> <span class='ocrx_word' id='word_1_182' title='bbox 516 3165 591 3227; x_wconf 86' lang='lat' dir='ltr'><strong>lloc</strong></span> <span class='ocrx_word' id='word_1_183' title='bbox 612 3162 762 3228; x_wconf 88' lang='lat' dir='ltr'><strong>videntes</strong></span> <span class='ocrx_word' id='word_1_184' title='bbox 795 3165 914 3228; x_wconf 83' lang='lat' dir='ltr'><strong>caeteri</strong></span> <span class='ocrx_word' id='word_1_185' title='bbox 936 3163 1101 3246; x_wconf 84' lang='lat' dir='ltr'><strong>provocati</strong></span> <span class='ocrx_word' id='word_1_186' title='bbox 1123 3161 1240 3225; x_wconf 86' lang='lat' dir='ltr'><strong>similia</strong></span> <span class='ocrx_word' id='word_1_187' title='bbox 1260 3172 1383 3226; x_wconf 76' lang='lat' dir='ltr'><strong>edenta-</strong></span> 
     </span>
     <span class='ocr_line' id='line_1_27' title="bbox 231 3266 1380 3352; baseline -0.004 -20"><span class='ocrx_word' id='word_1_188' title='bbox 231 3278 366 3349; x_wconf 85' lang='lat' dir='ltr'><strong>vcrunt3</strong></span> <span class='ocrx_word' id='word_1_189' title='bbox 398 3270 495 3350; x_wconf 82' lang='lat' dir='ltr'><strong>igitur</strong></span> <span class='ocrx_word' id='word_1_190' title='bbox 516 3268 672 3332; x_wconf 89' lang='lat' dir='ltr'><strong>ordinatis</strong></span> <span class='ocrx_word' id='word_1_191' title='bbox 704 3270 805 3352; x_wconf 89' lang='lat' dir='ltr'><strong>copiis</strong></span> <span class='ocrx_word' id='word_1_192' title='bbox 828 3267 868 3330; x_wconf 91' lang='lat' dir='ltr'><strong>de</strong></span> <span class='ocrx_word' id='word_1_193' title='bbox 886 3287 981 3332; x_wconf 89' lang='lat' dir='ltr'><strong>mane</strong></span> <span class='ocrx_word' id='word_1_194' title='bbox 1007 3268 1118 3330; x_wconf 86' lang='lat' dir='ltr'><strong>urbam</strong></span> <span class='ocrx_word' id='word_1_195' title='bbox 1140 3266 1380 3348; x_wconf 84' lang='lat' dir='ltr'><strong>egredienteset</strong></span> 
     </span>
     <span class='ocr_line' id='line_1_28' title="bbox 232 3369 1378 3454; baseline -0.001 -21"><span class='ocrx_word' id='word_1_196' title='bbox 232 3391 290 3454; x_wconf 89' lang='lat' dir='ltr'><strong>per</strong></span> <span class='ocrx_word' id='word_1_197' title='bbox 299 3371 516 3436; x_wconf 87' lang='lat' dir='ltr'><strong>Palaestinam</strong></span> <span class='ocrx_word' id='word_1_198' title='bbox 537 3371 738 3435; x_wconf 89' lang='lat' dir='ltr'><strong>ambulantes</strong></span> <span class='ocrx_word' id='word_1_199' title='bbox 762 3374 796 3435; x_wconf 91' lang='lat' dir='ltr'><strong>iu</strong></span> <span class='ocrx_word' id='word_1_200' title='bbox 817 3372 931 3437; x_wconf 89' lang='lat' dir='ltr'><strong>sabulo</strong></span> <span class='ocrx_word' id='word_1_201' title='bbox 954 3381 1021 3435; x_wconf 89' lang='lat' dir='ltr'><strong>tota</strong></span> <span class='ocrx_word' id='word_1_202' title='bbox 1043 3369 1095 3434; x_wconf 88' lang='lat' dir='ltr'><strong>die</strong></span> <span class='ocrx_word' id='word_1_203' title='bbox 1118 3379 1150 3432; x_wconf 90' lang='lat' dir='ltr'><strong>at</strong></span> <span class='ocrx_word' id='word_1_204' title='bbox 1185 3379 1277 3433; x_wconf 88' lang='lat' dir='ltr'><strong>nocte</strong></span> <span class='ocrx_word' id='word_1_205' title='bbox 1295 3371 1378 3433; x_wconf 85' lang='lat' dir='ltr'><strong>altera</strong></span> 
     </span>
     <span class='ocr_line' id='line_1_29' title="bbox 232 3474 1377 3562; baseline -0.003 -24"><span class='ocrx_word' id='word_1_206' title='bbox 232 3475 285 3538; x_wconf 91' lang='lat' dir='ltr'><strong>die</strong></span> <span class='ocrx_word' id='word_1_207' title='bbox 306 3474 467 3562; x_wconf 84' lang='lat' dir='ltr'><strong>viderunt,</strong></span> <span class='ocrx_word' id='word_1_208' title='bbox 489 3495 528 3539; x_wconf 91' lang='lat' dir='ltr'><strong>se</strong></span> <span class='ocrx_word' id='word_1_209' title='bbox 549 3495 624 3540; x_wconf 88' lang='lat' dir='ltr'><strong>esse</strong></span> <span class='ocrx_word' id='word_1_210' title='bbox 640 3477 735 3560; x_wconf 85' lang='lat' dir='ltr'><strong>juxta</strong></span> <span class='ocrx_word' id='word_1_211' title='bbox 745 3475 872 3541; x_wconf 82' lang='lat' dir='ltr'><strong>Gazam</strong></span> <span class='ocrx_word' id='word_1_212' title='bbox 894 3477 1070 3558; x_wconf 86' lang='lat' dir='ltr'><strong>civitatem,</strong></span> <span class='ocrx_word' id='word_1_213' title='bbox 1091 3477 1124 3537; x_wconf 89' lang='lat' dir='ltr'><strong>in</strong></span> <span class='ocrx_word' id='word_1_214' title='bbox 1146 3492 1211 3556; x_wconf 86' lang='lat' dir='ltr'><strong>qua</strong></span> <span class='ocrx_word' id='word_1_215' title='bbox 1234 3485 1299 3538; x_wconf 90' lang='lat' dir='ltr'><strong>erat</strong></span> <span class='ocrx_word' id='word_1_216' title='bbox 1316 3485 1377 3536; x_wconf 89' lang='lat' dir='ltr'><strong>tune</strong></span> 
     </span>
     <span class='ocr_line' id='line_1_30' title="bbox 232 3568 1375 3665; baseline -0.003 -23"><span class='ocrx_word' id='word_1_217' title='bbox 232 3595 350 3660; x_wconf 86' lang='lat' dir='ltr'><strong>magna</strong></span> <span class='ocrx_word' id='word_1_218' title='bbox 371 3575 620 3644; x_wconf 82' lang='lat' dir='ltr'><strong>Sarracenorum</strong></span> <span class='ocrx_word' id='word_1_219' title='bbox 643 3571 870 3665; x_wconf 84' lang='lat' dir='ltr'><strong>congregatio,</strong></span> <span class='ocrx_word' id='word_1_220' title='bbox 893 3583 949 3663; x_wconf 90' lang='lat' dir='ltr'><strong>qui</strong></span> <span class='ocrx_word' id='word_1_221' title='bbox 970 3583 1195 3664; x_wconf 86' lang='lat' dir='ltr'><strong>praescientes</strong></span> <span class='ocrx_word' id='word_1_222' title='bbox 1220 3568 1375 3642; x_wconf 83' lang='lat' dir='ltr'><strong>nostrorum</strong></span> 
     </span>
     <span class='ocr_line' id='line_1_31' title="bbox 232 3683 1374 3770; baseline -0.004 -22"><span class='ocrx_word' id='word_1_223' title='bbox 232 3683 409 3766; x_wconf 86' lang='lat' dir='ltr'><strong>adventum</strong></span> <span class='ocrx_word' id='word_1_224' title='bbox 429 3684 556 3748; x_wconf 78' lang='lat' dir='ltr'><strong>insidiis</strong></span> <span class='ocrx_word' id='word_1_225' title='bbox 578 3687 702 3770; x_wconf 90' lang='lat' dir='ltr'><strong>positis,</strong></span> <span class='ocrx_word' id='word_1_226' title='bbox 735 3705 808 3750; x_wconf 90' lang='lat' dir='ltr'><strong>cum</strong></span> <span class='ocrx_word' id='word_1_227' title='bbox 832 3689 934 3749; x_wconf 87' lang='lat' dir='ltr'><strong>nostri</strong></span> <span class='ocrx_word' id='word_1_228' title='bbox 956 3703 1020 3747; x_wconf 91' lang='lat' dir='ltr'><strong>uon</strong></span> <span class='ocrx_word' id='word_1_229' title='bbox 1041 3685 1200 3764; x_wconf 87' lang='lat' dir='ltr'><strong>timerent,</strong></span> <span class='ocrx_word' id='word_1_230' title='bbox 1227 3693 1374 3766; x_wconf 85' lang='lat' dir='ltr'><strong>emporunt</strong></span> 
     </span>
     <span class='ocr_line' id='line_1_32' title="bbox 233 3787 1374 3873; baseline -0.002 -23"><span class='ocrx_word' id='word_1_231' title='bbox 233 3794 267 3850; x_wconf 89' lang='lat' dir='ltr'><strong>et</strong></span> <span class='ocrx_word' id='word_1_232' title='bbox 285 3807 434 3871; x_wconf 83' lang='lat' dir='ltr'><strong>magnam</strong></span> <span class='ocrx_word' id='word_1_233' title='bbox 457 3798 597 3873; x_wconf 85' lang='lat' dir='ltr'><strong>stragem</strong></span> <span class='ocrx_word' id='word_1_234' title='bbox 623 3792 769 3854; x_wconf 85' lang='lat' dir='ltr'><strong>iecerunt</strong></span> <span class='ocrx_word' id='word_1_235' title='bbox 788 3793 822 3854; x_wconf 92' lang='lat' dir='ltr'><strong>in</strong></span> <span class='ocrx_word' id='word_1_236' title='bbox 846 3797 1026 3868; x_wconf 88' lang='lat' dir='ltr'><strong>nostrates,</strong></span> <span class='ocrx_word' id='word_1_237' title='bbox 1055 3787 1109 3871; x_wconf 75' lang='lat' dir='ltr'><strong>ita,</strong></span> <span class='ocrx_word' id='word_1_238' title='bbox 1140 3794 1177 3849; x_wconf 92' lang='lat' dir='ltr'><strong>nt</strong></span> <span class='ocrx_word' id='word_1_239' title='bbox 1202 3805 1303 3850; x_wconf 86' lang='lat' dir='ltr'><strong>omues</strong></span> <span class='ocrx_word' id='word_1_240' title='bbox 1328 3793 1374 3850; x_wconf 92' lang='lat' dir='ltr'><strong>aut</strong></span> 
     </span>
     <span class='ocr_line' id='line_1_33' title="bbox 232 3893 1373 3984; baseline -0.002 -27"><span class='ocrx_word' id='word_1_241' title='bbox 232 3894 334 3984; x_wconf 86' lang='lat' dir='ltr'><strong>occisi</strong></span> <span class='ocrx_word' id='word_1_242' title='bbox 355 3903 410 3957; x_wconf 90' lang='lat' dir='ltr'><strong>aut</strong></span> <span class='ocrx_word' id='word_1_243' title='bbox 432 3895 517 3976; x_wconf 89' lang='lat' dir='ltr'><strong>capti</strong></span> <span class='ocrx_word' id='word_1_244' title='bbox 539 3905 652 3957; x_wconf 88' lang='lat' dir='ltr'><strong>esseut</strong></span> <span class='ocrx_word' id='word_1_245' title='bbox 672 3903 706 3958; x_wconf 89' lang='lat' dir='ltr'><strong>ct</strong></span> <span class='ocrx_word' id='word_1_246' title='bbox 727 3897 823 3978; x_wconf 90' lang='lat' dir='ltr'><strong>pauci</strong></span> <span class='ocrx_word' id='word_1_247' title='bbox 845 3897 879 3956; x_wconf 93' lang='lat' dir='ltr'><strong>iu</strong></span> <span class='ocrx_word' id='word_1_248' title='bbox 896 3893 1014 3955; x_wconf 80' lang='lat' dir='ltr'><strong>Achort</strong></span> <span class='ocrx_word' id='word_1_249' title='bbox 1040 3893 1229 3954; x_wconf 87' lang='lat' dir='ltr'><strong>revenirent.</strong></span> <span class='ocrx_word' id='word_1_250' title='bbox 1264 3893 1373 3955; x_wconf 81' lang='lat' dir='ltr'><strong>latera</strong></span> 
     </span>
     <span class='ocr_line' id='line_1_34' title="bbox 232 3997 1372 4083; baseline -0.004 -18"><span class='ocrx_word' id='word_1_251' title='bbox 232 4000 333 4065; x_wconf 85' lang='lat' dir='ltr'><strong>irater</strong></span> <span class='ocrx_word' id='word_1_252' title='bbox 352 4000 440 4082; x_wconf 79' lang='lat' dir='ltr'><strong>regis</strong></span> <span class='ocrx_word' id='word_1_253' title='bbox 463 3997 572 4079; x_wconf 65' lang='lat'><strong>(²87</strong></span> <span class='ocrx_word' id='word_1_254' title='bbox 593 3999 646 4078; x_wconf 74' lang='lat' dir='ltr'><strong>tl]</strong></span> <span class='ocrx_word' id='word_1_255' title='bbox 676 4000 818 4083; x_wconf 82' lang='lat' dir='ltr'><strong>Angliao</strong></span> <span class='ocrx_word' id='word_1_256' title='bbox 838 3998 1024 4061; x_wconf 80' lang='lat' dir='ltr'><strong>Richardus</strong></span> <span class='ocrx_word' id='word_1_257' title='bbox 1052 4015 1125 4060; x_wconf 91' lang='lat' dir='ltr'><strong>cum</strong></span> <span class='ocrx_word' id='word_1_258' title='bbox 1151 4013 1260 4079; x_wconf 77' lang='lat' dir='ltr'><strong>magua</strong></span> <span class='ocrx_word' id='word_1_259' title='bbox 1285 3999 1372 4060; x_wconf 86' lang='lat' dir='ltr'><strong>ooni-</strong></span> 
     </span>
     <span class='ocr_line' id='line_1_35' title="bbox 231 4100 1370 4187; baseline -0.006 -18"><span class='ocrx_word' id='word_1_260' title='bbox 231 4107 300 4170; x_wconf 88' lang='lat' dir='ltr'><strong>tiva</strong></span> <span class='ocrx_word' id='word_1_261' title='bbox 331 4106 566 4185; x_wconf 90' lang='lat' dir='ltr'><strong>superveniens</strong></span> <span class='ocrx_word' id='word_1_262' title='bbox 588 4103 703 4167; x_wconf 88' lang='lat' dir='ltr'><strong>Achon</strong></span> <span class='ocrx_word' id='word_1_263' title='bbox 726 4105 962 4187; x_wconf 87' lang='lat' dir='ltr'><strong>inveniensque</strong></span> <span class='ocrx_word' id='word_1_264' title='bbox 987 4105 1149 4165; x_wconf 91' lang='lat' dir='ltr'><strong>turbatum</strong></span> <span class='ocrx_word' id='word_1_265' title='bbox 1170 4100 1370 4164; x_wconf 84' lang='lat' dir='ltr'><strong>exercituruet</strong></span> 
     </span>
     <span class='ocr_line' id='line_1_36' title="bbox 231 4205 1368 4294; baseline -0.005 -20"><span class='ocrx_word' id='word_1_266' title='bbox 231 4209 452 4292; x_wconf 79' lang='lat' dir='ltr'><strong>considerans,</strong></span> <span class='ocrx_word' id='word_1_267' title='bbox 474 4226 513 4270; x_wconf 86' lang='lat' dir='ltr'><strong>se</strong></span> <span class='ocrx_word' id='word_1_268' title='bbox 533 4207 611 4271; x_wconf 89' lang='lat' dir='ltr'><strong>nihil</strong></span> <span class='ocrx_word' id='word_1_269' title='bbox 633 4227 734 4290; x_wconf 87' lang='lat' dir='ltr'><strong>posse</strong></span> <span class='ocrx_word' id='word_1_270' title='bbox 756 4229 854 4294; x_wconf 79' lang='lat' dir='ltr'><strong>agero</strong></span> <span class='ocrx_word' id='word_1_271' title='bbox 875 4215 990 4282; x_wconf 86' lang='lat' dir='ltr'><strong>contra</strong></span> <span class='ocrx_word' id='word_1_272' title='bbox 1009 4205 1216 4289; x_wconf 81' lang='lat' dir='ltr'><strong>Sarracenos,</strong></span> <span class='ocrx_word' id='word_1_273' title='bbox 1247 4213 1368 4289; x_wconf 74' lang='lat' dir='ltr'><strong>treugam</strong></span> 
     </span>
     <span class='ocr_line' id='line_1_37' title="bbox 232 4313 794 4397; baseline 0.011 -22"><span class='ocrx_word' id='word_1_274' title='bbox 232 4315 308 4378; x_wconf 88' lang='lat' dir='ltr'><strong>lecit</strong></span> <span class='ocrx_word' id='word_1_275' title='bbox 329 4331 402 4378; x_wconf 91' lang='lat' dir='ltr'><strong>curn</strong></span> <span class='ocrx_word' id='word_1_276' title='bbox 425 4314 476 4378; x_wconf 88' lang='lat' dir='ltr'><strong>eis</strong></span> <span class='ocrx_word' id='word_1_277' title='bbox 496 4332 555 4397; x_wconf 86' lang='lat' dir='ltr'><strong>per</strong></span> <span class='ocrx_word' id='word_1_278' title='bbox 574 4313 654 4378; x_wconf 91' lang='lat' dir='ltr'><strong>Vlll</strong></span> <span class='ocrx_word' id='word_1_279' title='bbox 679 4331 794 4381; x_wconf 82' lang='lat' dir='ltr'><strong>annos.</strong></span> 
     </span>
    </p>
   </div>
   <div class='ocr_carea' id='block_1_5' title="bbox 0 0 1452 4872">
    <p class='ocr_par' dir='ltr' id='par_1_5' title="bbox 0 0 1452 4872">
     <span class='ocr_line' id='line_1_38' title="bbox 0 0 1452 4872; baseline 0 0"><span class='ocrx_word' id='word_1_280' title='bbox 0 0 1452 4872; x_wconf 95' lang='lat' dir='ltr'><strong> </strong></span> 
     </span>
    </p>
   </div>
  </div>
 </body>
</html>
