2926 5050
199 619 314 692 aaaron
338 599 435 681 ludit,
452 601 574 684 justam
594 601 671 666 iude
692 602 732 665 ad
756 601 883 668 coelunt
904 603 1067 670 dexteram
1099 602 1256 690 tendens
1289 604 1385 668 sonti·

200 728 264 794 qne
285 709 461 788 invergens
482 707 601 772 blanda
632 706 785 771 libamina
812 708 917 790 ipsum
939 709 1070 791 quidem
1091 711 1322 792 precabatur,
1356 719 1387 770 ut

200 815 322 876 dueuta
349 809 465 874 leniret
494 829 535 874 ao
579 808 741 874 dulciores
763 827 917 894 aquantur
938 830 1043 876 vanas
1072 816 1242 897 aperiret,
1280 815 1389 877 Deum

200 938 279 994 vcro
298 926 332 978 ut
356 915 616 980 foecundiorlbus
637 915 726 980 auris
747 917 878 978 domina
900 924 1111 999 temperaret,
1134 921 1282 1001 orabat,
1304 928 1388 981 tarn·

199 1043 264 1108 que
282 1023 465 1086 ubertatem
485 1019 646 1084 fructuum
665 1037 761 1103 quoru
782 1021 1025 1084 successionem
1053 1023 1154 1104 prolis
1190 1024 1305 1088 daret
1336 1023 1389 1084 in-

200 1127 336 1212 digenis.
394 1124 449 1186 Ad
479 1125 540 1186 bas
569 1141 685 1206 preces
714 1130 849 1185 sanatae
881 1132 958 1186 sunt
997 1142 1102 1207 aquae
1139 1135 1171 1189 et
1209 1127 1387 1192 dulciores

200 1232 340 1298 caeteris
362 1229 456 1314 aquis
478 1236 511 1290 et
532 1227 676 1292 fontibus
697 1225 814 1308 iactae,
837 1232 871 1288 et
892 1225 984 1309 fons,
1007 1232 1062 1310 qni
1083 1239 1156 1294 ante
1177 1241 1259 1294 erat
1284 1247 1387 1294 cansa

200 1338 347 1402 orbitatis
369 1343 402 1396 et
427 1333 538 1412 famis,
572 1329 639 1412 jam
660 1333 769 1394 victus
791 1339 825 1394 et
846 1331 1075 1396 foecunditatis
1106 1344 1196 1398 actor
1233 1335 1386 1398 effectus

199 1451 261 1506 est.
304 1441 453 1520 Denique
474 1436 640 1518 rigationis
660 1434 730 1518 ejus
752 1444 842 1498 tanta
863 1437 1008 1518 potentia
1026 1445 1095 1519 est,
1117 1441 1200 1501 utri
1225 1440 1384 1523 attigerit

199 1545 295 1610 modo
322 1553 454 1624 terram,
488 1539 675 1604 foecundior
701 1541 762 1621 sit,
793 1557 890 1629 qnam
924 1549 1009 1603 terra
1037 1543 1116 1625 alia,
1150 1546 1185 1604 in
1216 1562 1295 1627 qua
1329 1542 1383 1606 diu

199 1650 288 1712 stetit
310 1663 405 1730 aqua.
447 1643 574 1708 Deinde
595 1644 651 1728 qni
672 1662 713 1706 aa
733 1643 855 1726 largius
877 1644 1065 1729 abutuntur,
1099 1651 1257 1730 exignum
1285 1665 1381 1710 emo-

199 1757 376 1818 lumentum
413 1749 550 1831 babent,
588 1748 643 1832 qui
681 1766 759 1810 vero
792 1747 939 1830 parcius,
977 1749 1157 1831 plurimum.
1212 1752 1382 1834 Amplius

199 1859 316 1939 etiam,
337 1872 432 1938 quam
455 1851 575 1915 caeteri
597 1851 722 1926 fontes,
754 1850 855 1932 rigat,
878 1861 910 1913 et
929 1851 1024 1916 LXX
1046 1855 1173 1936 quidem
1195 1856 1322 1920 stadiis
1343 1856 1377 1918 in

158 1955 161 1962 ’
197 1963 330 2046 longum
352 1958 470 2022 ctXX
491 1956 645 2019 inlatum
672 1954 840 2036 planiciem
874 1966 1018 2038 permeat
1055 1968 1087 2022 ct
1120 1961 1377 2024 amoenissimos

198 2067 309 2130 hortos
332 2064 419 2146 iacit,
441 2077 524 2143 qnos
545 2059 729 2142 pertransit,
750 2065 786 2120 nt
808 2059 909 2140 patuit
930 2078 1038 2144 supra.
1059 2063 1197 2126 Aestivo
1221 2071 1376 2146 tempore

199 2169 361 2252 frigescit,
390 2166 496 2229 bieme
524 2163 667 2226 calescit.
711 2161 866 2225 Mulieres
898 2164 1026 2227 steriles
1048 2175 1081 2228 et
1103 2167 1224 2230 bestiae
1255 2167 1374 2230 infoe-

198 2273 323 2351 cundae
356 2288 419 2334 usu
449 2269 546 2350 hujus
581 2285 683 2352 aquae
709 2285 769 2348 pro
803 2275 880 2348 potu
910 2276 942 2328 et
971 2269 1086 2332 balneo
1120 2269 1370 2334 foecundantur.
1460 2257 1462 2342 i

198 2379 291 2440 Adeo
323 2375 462 2438 salubris
486 2382 536 2436 est
557 2379 592 2434 ot
613 2370 748 2454 frugifer
776 2388 881 2451 aquae
912 2371 1006 2452 bujur
1039 2376 1210 2456 transitus,
1244 2385 1280 2437 ut
1313 2373 1371 2455 qni

199 2481 343 2544 divinum
364 2479 454 2540 illuni
476 2477 593 2543 dixerit
620 2494 695 2538 csse
716 2482 874 2556 tracium,
905 2495 969 2539 non
990 2478 1165 2559 aberrabit,
1197 2479 1251 2540 nbi
1272 2479 1370 2560 larga

200 2593 232 2646 et
254 2583 374 2664 optima
398 2589 609 2661 generantur,
642 2598 727 2662 quae
747 2587 822 2642 sunt
850 2582 1029 2646 carissima.
1073 2583 1167 2644 Haec
1197 2582 1368 2666 Jasephns

199 2687 270 2748 libr.
293 2685 333 2746 11.
357 2681 399 2744 de
420 2681 505 2742 bello
523 2681 661 2746 Judaico
685 2702 754 2766 cap.
777 2685 807 2748 8.

280 2789 391 2851 Distat
413 2791 519 2846 autem
541 2785 614 2846 sons
636 2786 690 2846 ille
722 2789 762 2848 ab
784 2787 1020 2870 Hierosolymis
1051 2799 1178 2854 centum
1201 2791 1366 2875 quinqua-

198 2895 290 2978 ginta
310 2888 438 2969 stadiis,
460 2897 491 2948 et
514 2906 533 2950 a
554 2887 698 2952 Jordane
716 2890 790 2974 LX,
820 2898 987 2973 totumquo
1009 2893 1104 2975 babet
1126 2912 1146 2954 a
1177 2895 1367 2972 Jerusalem,

198 2997 361 3062 desertum
383 3003 482 3075 atque
502 3011 655 3058 saxosum
676 2996 830 3078 spatium3
863 2995 905 3058 ad
923 2995 1099 3061 Jordanem
1120 3017 1198 3061 varo
1220 3012 1254 3060 et
1274 3016 1365 3062 mare

198 3079 356 3169 mortuum
387 3099 478 3162 littus
513 3099 685 3183 humilius,
718 3117 822 3184 aeque
852 3107 961 3162 tamen
991 3101 1147 3164 incultum
1179 3108 1214 3164 et
1239 3103 1367 3185 sterile,

197 3208 312 3272 demtis
343 3207 412 3288 his,
454 3223 537 3290 qnae
567 3206 640 3268 iens
666 3205 722 3269 ille
752 3202 945 3267 benedictus
967 3202 1040 3285 (B)
1062 3206 1189 3288 irrigat,
1221 3217 1366 3288 qnaent

196 3315 368 3399 paradisus
399 3315 517 3382 virent.
560 3312 611 3372 De
640 3310 702 3374 bac
724 3326 809 3391 equs
838 3307 991 3389 bibimus,
1027 3308 1114 3370 sicut
1139 3328 1262 3372 vaccae
1289 3312 1365 3373 sine

197 3418 308 3496 modo,
329 3416 404 3496 quin
425 3414 467 3476 od
486 3433 558 3476 eam
580 3413 729 3475 ariditate
751 3411 891 3476 coniecti
912 3411 1060 3473 venimus
1082 3420 1114 3472 et
1141 3413 1307 3497 sitibundi,
1329 3423 1364 3476 et

195 3537 290 3582 nemo
312 3516 423 3578 laesus
446 3516 516 3577 suit.
556 3515 665 3594 Hujus
696 3533 800 3600 aquae
821 3525 853 3578 et
875 3515 945 3598 ejus
965 3516 1143 3578 sanationis
1169 3519 1249 3580 fecit
1266 3537 1363 3586 nten-

196 3623 315 3684 tionem
337 3615 477 3681 ecclesia
496 3621 530 3680 in
552 3635 656 3700 aquae
678 3619 866 3683 benedictae
889 3622 1135 3687 consecratione
1155 3631 1216 3684 etc.

195 3853 254 3926 Ile
278 3847 482 3950 periculoso
505 3869 661 3926 ascensu
685 3851 722 3925 in
759 3875 905 3952 specum
927 3853 1061 3954 jeJ'unii
1087 3852 1225 3932 Christi
1245 3862 1286 3930 ct
1311 3853 1360 3930 de

305 3987 310 3996 ·
386 3965 501 4068 ipsius
524 3991 659 4069 specus
685 3972 879 4046 semontis
905 3971 1154 4073 dispositione.

273 4147 463 4228 Quievimus
485 4151 585 4232 igitur
601 4151 697 4234 juxta
717 4153 837 4216 fluenta
859 4153 996 4235 praeisti
1017 4154 1117 4217 fontis
1133 4153 1174 4216 ad
1195 4155 1305 4219 horam
1326 4162 1358 4220 et

193 4254 277 4317 oltra
319 4260 350 4314 et
382 4254 643 4334 exspectavimus
664 4258 905 4325 'remissionem'
927 4256 1066 4320 fervoris
1088 4258 1222 4339 solaris,
1251 4257 1355 4320 medio

194 4367 300 4420 tamen
324 4366 485 4440 ternpore,
505 4355 634 4418 fervore
655 4375 720 4420 non
741 4361 906 4440 obstante,
926 4357 1068 4427 laborem
1088 4362 1243 4444 grandem
1265 4361 1357 4431 subi-2

193 4464 310 4545 vimus,
333 4479 397 4544 nou
419 4457 548 4544 quidem
571 4475 693 4546 omues,
714 4458 773 4522 sed
794 4462 851 4542 qui
873 4461 1043 4546 volebant,
1064 4475 1096 4528 et
1118 4467 1174 4546 qui
1193 4471 1355 4550 poteratur
