2842 4882
628 252 690 316 4³5

17 435 210 505 iracundi
242 451 344 498 canes
375 441 488 497 contra
520 449 558 495 se
586 436 776 514 venientes,
808 431 877 496 vet
890 433 964 564 eqni
1000 431 1091 516 mali,
1121 432 1177 517 qui
1198 449 1238 495 se

26 541 227 608 morsibus
249 539 399 602 salutent.

137 649 186 708 ln
208 661 364 727 processu
385 662 444 726 per
464 659 611 724 campum
645 643 812 722 venimus,
845 641 900 704 ubi
922 659 1055 726 campus
1085 642 1235 706 deorsum

26 771 80 814 se
112 749 280 831 inclinat,
312 758 343 809 et
366 767 425 830 per
446 746 626 809 taediosum
657 753 692 807 et
710 744 840 827 longum
869 744 988 808 clivum
1010 746 1236 814 descendimus

29 866 72 918 et
112 853 321 917 intolerabili
342 852 425 915 solis
445 860 537 913 cestu
561 859 593 912 et
615 851 670 912 siti
700 847 931 932 affligebamur.
974 849 1116 914 Tandem
1137 869 1237 934 supro

28 961 194 1023 limbum
216 957 383 1038 cujusdam
408 955 570 1018 horribilis
593 963 625 1016 et
646 953 888 1037 profundissimi
909 955 1060 1018 torrentia
1075 958 1235 1038 venimus,

5 1073 6 1078 ’
32 1084 160 1150 quem
183 1062 347 1124 nominant
373 1059 545 1144 Hatlicub,
565 1060 620 1142 qui
642 1061 673 1120 in
700 1067 837 1142 utroque
858 1058 959 1121 latere
981 1060 1105 1141 rupium
1128 1061 1238 1142 parie-

32 1171 149 1234 tibus
173 1166 247 1228 altis
270 1163 488 1244 claudebatur,
511 1174 542 1226 et
566 1171 633 1226 erat
655 1181 777 1246 vorago
799 1173 903 1230 arcta
909 1172 941 1225 et
963 1163 1045 1226 odeo
1066 1164 1236 1251 profunda,

5 1281 7 1322 Ι
35 1271 149 1358 quod
172 1270 372 1352 respectus
363 1289 394 1331 nr
419 1287 487 1330 cam
503 1269 664 1331 horrorem
688 1270 781 1332 nobis
799 1271 966 1352 incuteret,
985 1269 1104 1332 nullam
1127 1279 1237 1336 autem
1286 1309 1291 1320 ·

5 1387 9 1432 t
36 1391 179 1462 aquam
199 1377 235 1436 in
257 1393 297 1435 ea
317 1372 457 1436 vidimus
480 1391 540 1435 nec
562 1371 762 1455 audirimus,
784 1390 843 1457 per
869 1377 976 1438 omnia
1008 1383 1116 1438 tamen
1138 1377 1236 1444 vellis

5 1493 8 1540 ι
39 1481 221 1563 disposite
249 1486 333 1558 emt,
364 1478 453 1540 acsi
475 1477 594 1541 fluvius
616 1498 675 1561 per
703 1497 774 1542 eam
809 1477 1003 1542 decurreret.
1048 1481 1234 1546 Murmura-

5 1603 8 1648 ι
38 1589 171 1650 vimus
199 1601 276 1665 ergo
306 1590 418 1644 contre
449 1580 599 1644 Calinum
636 1587 694 1666 'pro
722 1602 777 1666 ec,
815 1583 901 1668 quod
929 1601 1028 1668 super
1060 1594 1233 1652 torrentem

5 1709 7 1750 ι
45 1697 211 1754 arentem
239 1705 299 1749 nos
330 1685 419 1750 duxit
455 1687 650 1768 specificans
680 1705 741 1750 nos
762 1671 935 1771 deaque,
964 1707 1035 1752 cum
1059 1709 1123 1756 ιιοιι
1147 1703 1236 1758 esset

5 1819 7 1860 ι
44 1797 122 1878 ibi3
155 1802 187 1855 et
220 1785 310 1874 ipse,
341 1793 390 1852 uti
421 1790 472 1852 vir
499 1791 585 1852 mitis
624 1800 709 1872 erat,
745 1793 971 1865 consolabatur
1005 1811 1079 1856 nos-
1104 1795 1235 1882 dicens,

5 1921 8 1966 ι
46 1901 238 1964 torrentem
262 1895 327 1976 jam
361 1893 489 1975 quidem
512 1913 627 1976 aquam
649 1894 798 1957 fluentem
823 1915 888 1958 ιιοιι
909 1897 1036 1980 habere,
1059 1901 1119 1962 sed
1140 1911 1235 1965 stau-

5 2029 10 2074 ι
48 2016 126 2066 tem
160 2003 194 2061 ιιι
223 1998 374 2060 cavernis
407 2009 565 2078 petrarum
596 2005 631 2060 et
656 1999 689 2060 iu
722 1997 930 2062 foraminibus
961 1999 1103 2083 lapidum
1137 2013 1169 2068 et
1199 2009 1235 2068 ιιι

51 2106 201 2170 fossatis
229 2111 345 2168 terrae.
391 2100 499 2162 Jussit
535 2109 643 2164 autem
674 2119 735 2164 nos
763 2101 805 2162 de
839 2103 940 2165 asinis
975 2102 1175 2171 descendere
1202 2121 1235 2174 et
1308 2091 1312 2096 ¹

5 2227 9 2290 ι
51 2212 188 2276 bestius
210 2207 360 2270 asinariis
383 2207 551 2288 resignare
583 2214 614 2268 et
636 2207 669 2268 in
699 2206 789 2288 ioco,
811 2207 867 2269 ubi
894 2217 1083 2291 perpetras
1110 2221 1236 2295 pateret

5 2312 18 2392 ι’
54 2316 258 2394 descensus,
281 2312 312 2374 ιιι
336 2312 522 2394 voraginem
542 2310 751 2375 descendere.
776 2309 948 2376 Camelarii
967 2332 1045 2396 ergo
1063 2319 1237 2383 etasinerii

5 2453 9 2498 t
53 2419 223 2482 duxemnt
244 2417 368 2478 bestias
394 2417 426 2478 in
450 2416 553 2479 locum
576 2416 705 2498 planum
731 2434 827 2499 supro
845 2419 1033 2500 voraginem
1055 2429 1088 2483 et
1109 2423 1154 2483 ibi
1178 2441 1236 2486 eas

5 2587 7 2606 ,
54 2529 334 2600 exoneraverunt,
351 2540 411 2584 uos
433 2540 511 2584 vero
534 2539 632 2603 supra
654 2522 829 2603 marginem
853 2524 1051 2586 cucurrimus
1073 2535 1104 2588 et
1130 2527 1235 2592 locum

5 2665 8 2708 t
57 2625 283 2691 descendendi
306 2645 364 2708 per
386 2644 483 2708 rupes
501 2626 731 2724 quaesivimus,
747 2645 810 2708 quo
832 2628 965 2692 invento
986 2617 1018 2691 in
1041 2631 1234 2712 profundum

5 2771 8 2818 ι
58 2731 309 2810 descendimus,
333 2731 509 2809 reperimus
531 2739 638 2792 autem
661 2748 763 2812 aquas
786 2732 818 2793 in
841 2735 991 2796 cavernis
1014 2742 1048 2795 et
1069 2736 1233 2816 scissuris,

5 2875 8 2932 3
60 2856 149 2921 quae
170 2840 408 2915 remanserant,
434 2833 508 2896 dum
531 2844 657 2896 torrens
678 2836 772 2916 aquis
793 2836 1006 2900 inundaverat
1028 2848 1104 2901 ente
1124 2840 1234 2921 piures

5 2983 7 3028 ι
62 2956 206 3006 meuses.
249 2937 328 2998 ltirat
350 2946 457 2998 antem
480 2955 564 3020 aqua
592 2936 696 3000 calida
728 2949 759 3001 et
782 2939 934 3003 dirissimi
967 2941 1091 3025 odoris,
1123 2961 1241 3006 crassa

5 3087 7 3132 ι
63 3055 98 3108 et
119 3043 213 3127 quasi
234 3040 427 3123 bituminea,
450 3040 612 3104 coloris
589 3041 702 3104 viridis
723 3052 754 3104 et
777 3043 873 3125 plena
893 3043 1095 3128 vermiculis,
1118 3049 1173 3129 qui
1201 3047 1235 3110 iu

5 3193 8 3234 Ι
65 3151 161 3232 aquis
193 3144 330 3229 putridis
369 3163 519 3208 erescere
546 3145 667 3230 solent,
704 3149 840 3230 saporis·
860 3156 966 3210 tamen
997 3150 1127 3212 innoxii.
1171 3151 1234 3214 His
1262 3219 1264 3226 ,

5 3293 7 3342 Ι
67 3271 170 3336 aquae
187 3249 456 3332 dispositionibus
471 3255 639 3316 contrariis
650 3251 725 3335 (88
735 3253 782 3334 a]
804 3252 1082 3316 nonobstantibus
1103 3264 1235 3338 repente

5 3401 8 3446 ,
66 3355 243 3422 cecidimus
263 3372 361 3436 super
381 3365 515 3418 ventres
538 3366 665 3420 nostros
687 3367 718 3420 et
741 3357 887 3420 manibus
909 3357 1075 3420 hausimus
1097 3369 1129 3421 et
1151 3359 1235 3422 bibi·

5 3503 6 3544 ,
67 3479 137 3526 inus
159 3479 231 3522 cun
254 3457 354 3522 multa
376 3458 543 3542 aviditate,
576 3462 648 3524 sine
674 3463 752 3526 cure
772 3472 805 3524 et
826 3464 898 3524 sine
923 3481 1029 3546 nqueo
1064 3464 1232 3528 colatione.

5 3607 7 3652 ,
67 3564 253 3629 sitibundus
275 3562 358 3626 euim
387 3583 452 3626 non
482 3564 636 3628 discernit
668 3575 778 3649 potum
807 3579 868 3628 ne'c
902 3566 1006 3649 videt,
1036 3568 1112 3653 quid
1136 3569 1234 3653 bibet,
1268 3627 1276 3640 s

5 3661 6 3742 ]
68 3669 124 3732 red
145 3669 247 3734 solum
272 3668 415 3760 festinat,
436 3678 470 3732 ut
492 3670 590 3733 bibet.
628 3669 735 3735 Credo
756 3660 904 3754 firmiter,
927 3675 955 3735 ιι
977 3673 1071 3738 homo
1093 3673 1133 3736 ad
1156 3674 1238 3736 sim-
1336 3659 1345 3676 ’

5 3817 6 3846 ι
69 3773 180 3855 plieem
212 3774 298 3835 sitim
331 3774 415 3838 hanc
444 3793 558 3858 aquam
589 3777 741 3860 bibisset,
774 3795 975 3860 nequequam
1004 3797 1108 3860 grave
1133 3796 1238 3840 nocu-

72 3884 208 3938 mentum
231 3875 372 3938 evadere
398 3888 526 3963 posset,
557 3880 614 3942 sed
637 3882 708 3944 sitis
736 3881 918 3944 vehemens·
945 3883 1045 3945 multa
1076 3881 1237 3946 consumit

74 3987 102 4040 et
124 3976 212 4040 labor
243 3981 442 4061 praecedens
470 3991 505 4060 et
534 4003 747 4067 consequens.
790 3985 874 4051 Nsm
903 3995 1073 4068 postquem
1103 3993 1237 4046 ventres

74 4099 152 4163 aqua
186 4082 381 4166 replevimus
403 4097 434 4150 et
465 4090 619 4173 appetitui
652 4089 888 4172 satisfecimus,
921 4096 1000 4150 tunc
1029 4085 1132 4171 aperti
1159 4097 1236 4150 sunt

74 4185 160 4248 rubis
182 4184 284 4264 oculi,
307 4197 339 4248 et
360 4190 499 4256 vidimus
527 4212 642 4276 aquarn
673 4193 837 4256 vermibus
865 4192 1091 4254 scaturientem
1115 4199 1148 4252 et
1169 4193 1233 4254 im-

75 4289 237 4378 mundam,
279 4311 374 4378 quam
408 4315 482 4360 curn
518 4299 683 4362 uerruibus
715 4307 748 4360 ot
791 4295 1000 4360 inmunditiis
1041 4290 1232 4361 sorbuiinus.

961 4395 1027 4454 23*
