3030 4872
428 1257 636 1366 Desriptio
666 1257 837 1343 civitatis
870 1264 1037 1344 senene

532 1419 954 1537 snmusnimm

378 1637 574 1710 sectnrdum
611 1616 701 1738 ejus‘
728 1616 937 1712 modernum
973 1643 1126 1728 statum,

687 1825 720 1878 ei
741 1825 792 1878 est

554 1929 811 2045 ¹'l'nnctntua
831 1979 909 2044 vl.

366 2146 405 2216 et
429 2139 573 2217 ultimus
598 2109 712 2244 partis
734 2145 870 2248 primae
896 2143 1125 2244 Evagatorii.

242 2319 350 2406 (255
362 2325 414 2402 Α)
437 2321 628 2388 Jerusatom
662 2326 797 2408 civitas,
834 2325 1019 2412 metropolis
1052 2319 1255 2393 nobilissima
1287 2345 1327 2394 ac

160 2433 393 2514 vetustissima,
411 2431 601 2515 principium
618 2449 698 2495 suae
716 2433 908 2495 existentiae
922 2435 1040 2495 sumsit
1059 2452 1079 2496 a
1095 2435 1327 2499 constitutione

128 2553 139 2568 ²
160 2537 269 2599 mundi
284 2531 389 2620 natat,
411 2545 487 2601 aute
509 2538 760 2602 incarnationem
783 2537 875 2620 verbi
896 2539 991 2600 annis
1004 2536 1099 2609 295⁷,
1121 2539 1197 2603 li'uit
1218 2550 1326 2604 autem

160 2650 346 2704 constructa
366 2645 476 2706 statim
508 2652 583 2726 post
605 2642 759 2706 diluvium
786 2642 880 2708 Noae
901 2663 960 2726 per
981 2643 1053 2726 ejus
1074 2647 1325 2728 primogenitum

160 2743 247 2806 Sem.
280 2746 345 2807 Hic
367 2745 455 2826 Sem,
479 2747 655 2808 secundum
678 2748 856 2809 Doctorum
876 2748 1091 2830 traditionem,
1113 2752 1195 2813 vixit
1222 2764 1327 2834 usqne

160 2849 200 2908 ad
224 2856 370 2928 tempora
390 2851 557 2930 Abrahae,
581 2859 614 2912 et
635 2849 696 2911 fuit
716 2849 978 2934 Melchisedech,
1011 2871 1069 2914 rcx
1091 2852 1218 2936 Salem,
1240 2857 1326 2936 siout

161 2952 258 3012 habet
279 2951 499 3034 Hieronymus
522 2953 563 3014 ad
584 2954 761 3032 Evagrium
790 2961 822 3014 et
842 2954 1007 3035 Magister
1025 2957 1058 3016 in
1080 2955 1176 3038 Spec.
1199 2958 1322 3021 Histor.

158 3063 192 3116 et
214 3053 397 3136 Josephus‚
419 3054 483 3117 vol.
508 3055 542 3117 1.Ι
561 3054 614 3117 foi.
640 3055 709 3120 178.
745 3055 836 3116 Nutu
857 3065 964 3120 antem
984 3059 1046 3121 Dei
1062 3067 1142 3140 tpost
1166 3059 1324 3124 diluvium

160 3160 201 3224 ad
223 3161 310 3224 hunc
331 3160 436 3222 locum
468 3161 560 3222 verrit
587 3166 621 3221 et
652 3159 761 3222 fanum
783 3158 850 3220 illic
874 3163 1074 3243 construxit,
1107 3161 1193 3244 quod
1214 3163 1324 3227 Salem

159 3265 355 3352 nominavitt,
395 3263 481 3348 quod
508 3265 753 3346 ¹interpretatur
779 3261 995 3344 justitiane}
1027 3283 1108 3348 pax,
1148 3267 1203 3328 vel
1244 3286 1325 3331 eon-

160 3370 383 3434 summatiouis
410 3369 584 3453 perfectio,
619 3368 672 3432 vet
694 3367 812 3430 tollens
834 3376 978 3455 mortem.
1007 3372 1099 3438 ,Erat
1121 3370 1216 3434 etiam
1237 3373 1325 3436 Met·
1347 3364 1353 3381 '

161 3474 334 3540 chisedech
363 3475 486 3557 primus
508 3485 541 3538 et
568 3490 715 3537 summus
736 3471 890 3535 sacerdos
911 3473 973 3537 Dei
994 3476 1161 3558 altissimi,
1184 3475 1324 3541 offerens

40 3592 47 3598 ·
159 3585 191 3644 in
221 3581 314 3661 sano,
350 3578 437 3663 quod
467 3579 501 3642 iu
530 3587 638 3641 monte
666 3574 836 3639 cotvartoe
867 3587 1110 3664 construxerat,
1142 3599 1258 3662 panem
1291 3591 1323 3646 et

159 3686 289 3766 vinum,
315 3701 420 3766 aquo
442 3684 538 3746 etiam
559 3682 787 3780 sanctissimus
808 3691 901 3765 pater
932 3685 1105 3772 Abraham
1123 3685 1324 3750 benedictio-

159 3808 232 3852 nem
254 3790 404 3872 accipere
425 3789 557 3872 meruit,
588 3789 641 3852 cui
663 3787 776 3876 obtulit
808 3789 903 3850 etiarn
933 3791 1092 3872 primitias
1125 3799 1158 3854 et
1181 3790 1323 3856 decimas

158 3892 320 3958 Abraham
340 3894 538 3978 patriarcha,
560 3901 596 3974 ut
617 3894 753 3957 habetur
776 3890 896 3956 Ganos.
919 3894 1009 3957 XIV.
1052 3895 1104 3957 De
1124 3896 1187 3959 isto
1209 3913 1324 3960 sacer-

159 3990 234 4054 dota
254 3995 355 4062 habes
377 4014 475 4082 supra
498 3993 554 4068 tot,
576 3998 637 4063 116
656 4005 688 4059 et
709 3995 763 4060 fot.
789 3997 858 4062 tea
902 3999 946 4061 Et
972 4008 1112 4082 quantus
1131 4002 1187 4104 sit,
1213 4002 1315 4064 habes

159 4095 200 4157 ad
220 4099 318 4160 Hebr.
342 4100 414 4164 vlt.
465 4097 468 4102 ⁸
584 4109 586 4116 ’
1166 4109 1167 4112 ’

238 4203 304 4265 Hic
323 4222 401 4287 orgo
430 4191 533 4269 locum
554 4207 640 4270 huuc
671 4206 741 4271 Deo
763 4207 924 4272 dedicavit
947 4217 979 4272 et
1002 4209 1236 4291 sanctificavit,
1266 4212 1322 4292 ita,
1441 4218 1444 4238 ¹

153 4304 240 4391 quod
258 4305 300 4372 ad
321 4306 393 4390 ejus
415 4319 559 4394 tempore
577 4317 680 4397 nsque
702 4311 743 4376 ad
775 4313 861 4377 hune
878 4297 961 4376 diem
982 4315 1100 4381 civitas
1120 4323 1234 4378 sancte
1251 4315 1322 4400 fuit,
