2896 4872
105 467 321 532 effundebat.
345 465 764 549 nurtpmanraaetumem-
775 463 968 552 indusiatus
986 471 1019 527 et
1033 464 1066 525 in
1081 464 1183 529 verbo
1195 465 1293 530 valrlo

108 573 254 637 stabilis
294 581 328 636 at
358 557 392 634 ln
419 573 568 635 omnibus
590 569 810 652 clarissimus,
842 571 895 633 cui
917 555 995 635 nihil
1017 569 1104 635 aliud
1125 570 1166 635 ad
1198 587 1293 636 suam

108 678 252 741 laudem
281 677 399 759 deluit,
431 678 506 740 nisi-
528 674 694 738 christiani
725 675 864 737 nominis
891 683 1053 756 caracter,
1082 683 1115 739 ot
1144 677 1225 760 quia*
1252 695 1293 740 eo

109 783 300 866 insignitus
322 801 387 862 non
408 790 486 865 erat,
509 789 620 844 contra
640 777 809 844 Christum
835 789 867 842 et
898 780 1108 844 christianum
1140 779 1294 866 populum

111 905 160 951 se
184 889 339 971 erigebat,
360 898 393 950 et
414 888 474 954 init
495 887 616 949 factum
639 887 804 968 flagellum
826 885 1082 952 Christianorum
1099 869 1138 951 in
1160 891 1293 972 oriente,

112 995 197 1078 ipse
217 991 324 1074 (m
339 989 399 1076 s)
421 993 744 1074 niam-expugnavit
761 990 976 1074 Christianos,
1003 993 1127 1076 expulit
1147 993 1293 1076 bannos,

113 1107 247 1163 terram
278 1105 427 1162 sanctam
452 1096 626 1161 debellavit
648 1104 682 1159 et
697 1095 934 1180 Jarosolymam
956 1097 1042 1180 cepit
1055 1107 1088 1162 ct
1101 1097 1294 1163 domluicum
1336 1121 1342 1132 ·

115 1204 332 1288 sepulchrum
355 1203 419 1266 sibi
439 1202 579 1284 subjecit
602 1211 636 1266 ot
651 1212 808 1266 ornatum
831 1203 1006 1284 eeclesiae·
1026 1203 1192 1266 orientalis
1220 1204 1295 1268 tulit

117 1317 156 1372 et
181 1317 339 1373 coronam*
354 1325 393 1370 ac
413 1309 548 1392 glorium
578 1308 721 1372 fidelium
744 1307 930 1372 christiin
952 1309 1159 1393 ignominiam
1186 1309 1295 1392 vortit,

77 1431 81 1438 ¹
119 1422 159 1476 ut
184 1414 353 1494 sequentia
374 1414 608 1484 monstrabunt.
1237 1489 1240 1495 ¹

211 1519 285 1582 linc
305 1527 412 1581 autem
441 1519 582 1582 notabile
610 1519 728 1602 legitur
753 1519 787 1582 in
814 1519 951 1604 quadam
980 1521 1132 1584 chronica
1160 1517 1202 1584 (la
1232 1519 1296 1583 hoc

121 1621 292 1686 Saladino.
334 1623 515 1687 Dnmcnim
532 1628 707 1689 moriturus
728 1609 827 1706 asset,
850 1619 1027 1702 manicavit,
1045 1625 1077 1690 in
1100 1624 1151 1688 sui
1172 1624 1296 1687 irruens

6 1783 7 1788 ,
121 1730 315 1812 trophaeum
336 1729 402 1791 talo
423 1734 628 1812 autecorpna
649 1749 742 1794 suum
762 1729 879 1793 deterri
902 1729 1133 1811 spectaculum:
1154 1747 1296 1812 pannum

121 1834 281 1898 videlicet
327 1833 426 1904 vilem
471 1843 504 1897 et
544 1835 696 1918 nigrum,
739 1835 773 1896 in
815 1833 935 1896 ‘larrcea
978 1833 1170 1917 suspensum
1186 1849 1214 1916 ,’
1242 1835 1296 1898 cui

121 1937 337 2022 praecederet
358 1957 494 2021 praeco,
515 1939 675 2004 clamans:
705 1939 889 2022 Saladinus,
913 1940 1014 2002 Asiae
1040 1940 1231 2023 dominator,
1253 1959 1297 2003 ex

6 2121 7 2128 ἵ
123 2051 221 2106 tanto
242 2061 344 2126 regno
364 2047 527 2126 tantisque
559 2045 673 2126 opibus
705 2046 846 2112 morlens
867 2045 911 2108 nil
934 2044 1021 2108 alind
1044 2063 1159 2110 secum
1191 2043 1297 2108 (1111111

6 2199 7 2236 5
125 2149 192 2211 nisi
214 2149 301 2210 huno
322 2147 421 2210 vilem
443 2149 658 2231 panniculum.
720 2163 724 2170 ·

211 2253 313 2335 Igitur
324 2251 517 2335 Almaricus,
535 2272 593 2316 rex
603 2255 797 2336 Jerusalem,
808 2255 927 2319 videns
937 2255 1134 2332 Saladluucn
1151 2254 1297 2338 Aegypti

127 2369 162 2424 et
183 2359 303 2445 Syriae
328 2376 449 2440 regem,
481 2357 669 2441 prunonem
696 2371 729 2424 et
757 2360 956 2424 cautulosnm
996 2369 1030 2423 at
1058 2359 1101 2422 ad
1131 2360 1195 2422 alia
1226 2359 1297 2423 loci

125 2461 301 2524 obtinenda
330 2462 559 2546 adspirautom,
602 2467 689 2528 misit
710 2466 873 2530 solemnes
904 2469 1044 2530 nuntios
1072 2465 1113 2528 ad
1133 2465 1297 2548 principes

126 2567 316 2650 occidentis,
336 2577 371 2630 ut
393 2569 593 2632 insinuarent
606 2569 763 2644 omnibus
785 2570 1153 2656 regniJerosolymitoni
1174 2569 1317 2652 impor-.

124 2673 241 2735 tabiles
272 2675 487 2737 necessitates
526 2683 559 2736 ct
588 2674 850 2738 Christianorum·
882 2678 916 2739 in
953 2677 998 2739 ibi
1032 2675 1228 2739 afflictiones
1264 2683 1297 2737 et

129 2795 262 2840 casuum
279 2779 512 2842 imminentium
534 2780 686 2861 pericula.
745 2779 861 2843 Nuntii
883 2798 974 2865 'ergo
1007 2780 1054 2844 illi
1086 2780 1226 2844 feliciter
1255 2780 1297 2843 ad

131 2889 239 2962 partes
267 2882 484 2945 comdentales
510 2893 670 2946 venerunt
691 2893 722 2947 ct
755 2885 993 2968 praedicantes·
1013 2887 1104 2967 regui
1124 2884 1297 2967 lerosoly-

133 2984 243 3047 mitani
269 2987 412 3068 pericula
429 2989 510 3050 -uilril
532 2990 754 3073 profecerunt,
786 3007 848 3052 nec
876 2990 937 3053 init
959 2985 1090 3052 auditus
1120 2990 1154 3052 in
1174 2989 1298 3072 prioci-

135 3087 227 3170 pibus
248 3105 310 3152 nee
330 3091 363 3152 in
384 3092 543 3173 praelatis·
559 3094 734 3159 ecclesian,
772 3077 774 3083 ¹

81 3223 91 3234 a
214 3193 313 3258 Porro
335 3192 509 3284 saladinus
535 3197 740 3280 quotidianas
767 3199 963 3282 irruptiones
995 3199 1072 3262 iacit
1102 3199 1137 3260 ln
1163 3213 1297 3280 regnum

135 3299 436 3383 Jerosolymitauum
463 3311 506 3364 -et
548 3304 688 3374 hostium
732 3305 936 3368 incessanter
980 3304 1158 3387 augebatur
1201 3302 1298 3364 ruints

135 3411 166 3466 et
185 3407 340 3487 gravibus
363 3407 520 3472 molestiis
541 3409 740 3492 fatigabatur
760 3427 912 3492 regnum,
940 3395 1025 3472 unde
1057 3426 1143 3471 anno
1163 3406 1299 3471 Domini

137 3511 226 3575 1171.
250 3511 401 3576 anxiatus
418 3517 477 3576 rtx
497 3496 682 3577 aimaricus
703 3513 785 3576 alios
815 3513 969 3576 solennes
998 3515 1129 3578 nnrrtios
1150 3513 1236 3575 misit
1265 3513 1300 3572 ln

133 3615 347 3700 accidentem,
369 3619 441 3699 ipso
474 3619 570 3682 etlam
591 3637 650 3700 per
671 3636 708 3681 se
729 3620 763 3682 in
786 3617 913 3701 propria
934 3627 1073 3700 persona
1106 3616 1299 3695 cumulasse

122 3723 167 3784 'x‘
180 3721 343 3804 pisarum
366 3722 407 3784 ad
428 3724 651 3804 impensionem
679 3722 1074 3805 constantinopolitanum
1088 3722 1246 3805 ‘accessis
1268 3723 1300 3783 et

136 3827 343 3890 necessitates
364 3824 733 3910 ragniJcrosolyrnitaui
754 3833 937 3912 proponens
958 3833 992 3888 ct
1018 3827 1149 3911 negotio
1169 3833 1300 3908 peracto

138 3931 220 3994 raiiit
242 3931 275 3993 iu
295 3930 490 3994 Jerusalem.
534 3927 678 4006 ’1111111611
711 3919 977 3998 111111111111111
1004 3931 1203 4013 Alamannus,
1220 3947 1300 3996 curn

138 4035 289 4118 aliquibus
310 4035 476 4098 monailm
498 4031 589 4098 lebrc
617 4037 774 4119 fatigans
796 4036 1033 4117 “occubuissem
1071 4013 1301 4099 monuus'est

137 4157 211 4203 anno
239 4127 278 4203 alr
311 4133 532 4203 incarnatione
553 4139 681 4204 Domini
710 4131 816 4216 itam,
845 4141 938 4224 regni
960 4139 1033 4222 ojus
1065 4155 1151 4201 anno
1184 4138 1235 4202 ta.
1267 4143 1302 4200 et

137 4243 242 4308 aetatis
261 4243 402 4309 scaena.
447 4243 665 4327 Sepultus-ast
686 4253 793 4308 antem
814 4241 900 4307 tuter
916 4243 1189 4327 praedecessores
1212 4257 1300 4325 scos,

137 4363 224 4412 mous
250 4345 393 4432 1111111111,
413 4349 448 4412 in
469 4347 583 4415 eadam
605 4347 695 4412 linea
711 4356 792 4412 ante
812 4349 918 4412 locum
944 4345 1126 4412 calvariae.
