2926 5050
558 295 564 310 =
680 265 720 338 st

107 451 314 536 objectiones
358 447 501 532 turpium
553 455 586 509 et
645 447 861 516 contumelias
906 445 1050 510 invicem.
1081 445 1280 534 postauam,

106 557 295 620 astantibus
316 551 507 619 sarracenis
532 550 629 616 etiam
652 552 858 617 audientibus
878 568 952 616 curu
973 551 1096 634 ingenti
1116 553 1280 620 scandalo.

106 662 259 724 Fuerunt
278 659 325 721 ibi
344 655 474 740 quidam
496 654 698 741 consancta,
720 659 783 722 viri
797 655 1079 742 passionatissimi,
1100 657 1155 738 qui
1175 659 1280 725 mnua—

54 735 70 766 ⁰
106 767 231 828 bantur
252 770 385 846 patrono
406 760 677 847 interiectionem,
697 771 730 826 ot
751 761 843 846 quud
860 777 969 844 regem
981 759 1139 827 ll'rrnciao
1158 763 1280 827 veilent

108 876 227 932 contra
247 868 395 931 Venetos
416 867 588 930 concitare.
632 867 751 932 Vinius
772 884 850 949 ergo
877 874 1032 948 patronus
1050 864 1280 951 importunita*

10 971 11 976 ’
108 974 201 1036 tibus
221 970 462 1053 peregrinorum
474 969 596 1034 dimisit
610 990 678 1055 eos,
699 972 938 1037 nocncbisoum
955 966 1155 1032 descendere
1168 970 1280 1055 voluit,

108 1077 175 1140 sod
204 1092 267 1138 nos
298 1075 388 1139 solos
407 1091 481 1137 eum
504 1073 695 1140 sarraconis
717 1076 807 1141 abiro
835 1072 992 1156 permisit.
1024 1071 1069 1133 ‘lu
1100 1089 1164 1155 quo
1192 1073 1280 1140 iacto

109 1179 339 1242 infidelissime
370 1180 451 1262 egit,
489 1198 554 1242 non
592 1181 676 1245 sicut
707 1185 889 1265 protector,
920 1175 981 1240 sed
1012 1175 1097 1238 sicut
1128 1177 1278 1258 proditor.

108 1287 236 1348 Tamen
256 1285 327 1348 Dec
349 1299 409 1346 nos
431 1283 634 1348 custodiente
653 1287 783 1368 integro
812 1297 946 1346 numero
967 1280 1092 1344 reversi
1112 1295 1226 1346 sumus
1245 1285 1280 1348 in

107 1389 313 1470 Jerusalem,
336 1389 484 1471 quamvis
505 1388 597 1452 multi
618 1390 735 1454 infirmi
758 1388 835 1452 iacti
864 1387 1000 1467 inerint,
1022 1401 1157 1468 quorum
1179 1386 1280 1470 major

108 1511 265 1557 numerus
294 1495 328 1556 in
355 1493 436 1556 mari
462 1491 549 1555 obiit.
594 1489 651 1553 Sic
679 1493 714 1553 iu
739 1491 895 1582 secunda
915 1509 988 1554 mea
1021 1491 1280 1573 peregrinatione

10 1649 11 1688 3
109 1595 182 1662 rom
203 1616 261 1680 per
282 1597 363 1662 duas
384 1598 480 1662 horas
501 1593 748 1677 difficultatum,
769 1597 828 1660 scd
851 1613 924 1660 cum
944 1594 1095 1660 viderant
1116 1613 1177 1660 nos
1202 1613 1280 1679 per·

110 1708 239 1768 tinaces
271 1711 304 1765 et
324 1721 433 1765 eorum
455 1701 663 1763 suasionibus
685 1718 750 1762 non
771 1704 1032 1784 acquiescentes,
1054 1701 1279 1766 condescend-

10 1861 11 1898 ᾗ
108 1815 217 1890 erunt,
238 1805 406 1871 dicentes:
436 1803 523 1886 quod
545 1802 789 1886 provideremus
808 1806 904 1868 uobis
925 1804 966 1868 do
987 1804 1060 1870 cibo
1081 1817 1114 1870 et
1135 1816 1224 1892 potu,
1245 1818 1279 1872 ot

10 1963 11 1996 r
108 1913 145 1974 iu
167 1912 343 1974 crastinum
365 1908 528 1992 proficisci
550 1907 711 1970 vellemus
731 1909 825 1972 nobis
846 1911 978 1993 paratis.
1022 1911 1138 1994 ltaque
1163 1930 1279 1978 omnes

108 2019 282 2099 pecuniam
304 2015 508 2097 reposuimus
530 2011 572 2074 ad
602 2014 717 2078 cellam
739 2013 863 2085 Fratris
883 2014 1047 2090 decennis
1071 2014 1113 2078 de
1134 2019 1278 2106 Fructulo,

110 2130 146 2184 et
167 2119 355 2202 paravimus
375 2135 437 2182 nos
461 2115 594 2180 aditor.
1055 2127 1057 2130 ·

10 2384 11 2417 t
112 2353 174 2428 De
200 2366 350 2427 recessu
377 2347 649 2452 peregrinorum
669 2347 914 2425 aJcrnsalem
938 2357 1066 2426 cenna
1081 2349 1278 2430 Jordancm

522 2469 667 2544 fluvium
692 2477 866 2546 sanctum.

197 2653 331 2716 Decima
361 2667 447 2714 nona
478 2649 532 2714 die
563 2669 659 2714 manc
684 2659 760 2714 aute
793 2651 897 2714 lucem
929 2653 1148 2738 sumommurj
1172 2666 1206 2719 et
1236 2637 1279 2722 ad

114 2759 286 2822 ecclesiam
302 2747 423 2820 ‘bertoo
442 2755 591 2838 Virginis
613 2754 710 2818 vallis
729 2756 891 2840 Josaphat
911 2756 1131 2842 transivimus,
1161 2768 1195 2822 ct
1222 2762 1279 2846 ibi,

113 2865 191 2946 quia
218 2861 410 2926 sabbathiua
430 2858 500 2922 dios
529 2867 614 2940 erat,
642 2858 684 2921 do
709 2861 804 2922 beata
825 2859 963 2941 Virgine
989 2855 1221 2947 officiavimus,
1246 2873 1279 2928 et

112 2974 189 3046 post
211 2964 274 3026 hoc
294 2964 329 3026 iu
349 2969 491 3024 montem
511 2961 604 3043 Syon
626 2962 831 3026 ascendimus
853 2961 1054 3026 ad0iiicium
1076 2962 1277 3031 Conventus.

113 3067 196 3131 Post
215 3064 383 3149 prandium
413 3072 446 3126 et
470 3073 545 3147 post
566 3065 730 3130 meridiem
751 3068 896 3146 acceptis
927 3065 1070 3130 sacculis
1098 3071 1219 3134 nostris
1245 3073 1279 3135 in

114 3173 198 3236 atriu
219 3171 379 3235 ecclesiae
393 3169 485 3253 Syon
507 3169 771 3252 exspectavimus
790 3168 941 3234 ductores
963 3178 1092 3234 nostros
1114 3183 1148 3236 et
1168 3175 1279 3239 asina-

113 3278 180 3341 rios
200 3295 274 3340 cum
303 3276 415 3338 asinis.
459 3273 603 3339 'laudem
630 3283 737 3338 antem
764 3284 840 3358 pust
860 3274 1038 3338 taediosam
1058 3283 1280 3360 exspectatio-

112 3399 197 3466 nem,
218 3397 291 3445 cum
311 3379 379 3462 jam
399 3381 479 3444 irora
500 3398 709 3463 vesperarum
730 3380 871 3464 adesset,
883 3388 1052 3444 ‘venerunt
1067 3399 1140 3446 cum
1154 3385 1278 3470 beatl's,

112 3487 323 3552 utdncereut
343 3503 404 3548 nos
426 3482 666 3548 addorrlauom.
710 3483 1048 3570 Camqnovenissent,
1070 3497 1279 3555 accumruut

111 3592 274 3676 peregrini
304 3591 346 3654 ad
376 3588 574 3684 bestias-ad
595 3588 829 3673 providendum
851 3591 923 3653 sibi.
966 3590 1047 3654 0rta
1079 3603 1187 3658 autom
1218 3595 1280 3659 tuit

113 3697 277 3761 contentio
298 3693 553 3779 intorquendum
575 3696 706 3759 militem
727 3706 762 3760 ot
782 3694 943 3780 quendam
958 3695 1142 3776 religiosum
1164 3715 1278 3763 sacer-

113 3801 231 3884 dotem,
252 3800 420 3884 litigantes
441 3819 500 3882 pro
515 3801 608 3862 asino
621 3820 697 3885 nnc,
719 3819 814 3884 quem
834 3801 969 3883 qrrililrot
986 3799 1114 3866 dicebat
1131 3821 1170 3867 se
1188 3806 1278 3888 prius

109 3903 290 3970 habuisse·
311 3905 355 3968 Et
375 3906 537 3988 percussit
557 3907 652 3970 miles
673 3907 862 3990 religiosum
889 3903 999 3968 multis
1019 3903 1137 3968 ictibus
1158 3923 1278 3990 pugno,

111 4013 203 4074 stoi
232 4010 375 4094 gladium
406 4008 573 4073 habuisset
607 4011 815 4074 vulnerasset
830 4028 916 4093 eum,
948 4017 983 4072 ot
1012 4024 1085 4072 enm
1117 4011 1158 4074 ab
1187 4012 1279 4074 asino

111 4111 296 4199 repulisset,
319 4125 352 4178 et
373 4114 467 4178 miles
487 4117 852 4180 excommunicationem
873 4117 1023 4198 incurrit,
1053 4131 1149 4199 quem
1170 4121 1279 4177 tamen

112 4203 221 4281 statim
250 4227 327 4283 ants
358 4228 504 4282 nostrum
545 4237 711 4285 recemm
741 4221 842 4285 Pater
875 4217 981 4298 (194
1007 4220 1061 4302 Δ)
1095 4216 1280 4282 Gordianus

113 4321 265 4386 absolvit.
307 4323 444 4387 Cunctis
474 4336 553 4406 ergo
575 4325 715 4406 peractis
737 4323 965 4390 descendimus
991 4323 1033 4388 de
1060 4331 1169 4387 moute
1188 4321 1280 4408 Syou
