3014 4864
706 233 768 302 tto

151 414 185 483 iu
207 417 342 502 prandio
364 433 460 502 quatu
480 419 515 478 iu
545 432 646 478 onena
677 429 849 483 onomat
880 415 947 485 foai
976 415 1317 485 unumunurn

123 521 126 524 ’
151 523 251 588 avida
265 522 436 605 ·rueiuuas,
458 519 544 604 quod
559 521 597 583 iu
619 519 737 593 ιιιιιιιιιι
760 537 867 589 maura
888 521 962 590 fui.
1031 577 1037 585 .

236 628 414 701 'iriensium
429 626 488 694 ,dio
509 626 664 689 fuitotus
689 622 825 718 debilis,
856 634 888 688 at
909 643 975 688 una
999 627 1187 695 aoutbsiara
1218 626 1317 690 iebtia

152 733 272 796 inuasit
291 749 360 812 me,
393 731 598 799 ermonem
626 729 734 796 otlore
766 729 864 790 nimio
892 731 1064 811 inmensas,-
1095 729 1207 812 oredo,
1230 729 1316 812 quod

151 817 281 918 premet
301 835 466 917 meiuuas,
488 833 572 917 qu'ao
596 841 671 895 suut
693 834 726 894 iu
747 831 931 911 Jerusalem
952 833 1160 899 duleissimao
1185 843 1218 896 ot
1239 837 1316 916 piu·

152 957 245 1022 goes
293 941 490 1003 infirmarius
520 945 628 1004 erstem
659 937 774 1015 frater,
803 933 967 1020 Baptista,
1000 950 1113 1003 eoram
1142 937 1314 1000 sotitn'tam

151 1045 229 1110 rothi
251 1043 413 1126 adhibuit,
436 1062 553 1126 meque
572 1042 682 1117 statiua
706 1041 833 1104 ouravit
859 1057 1037 1123 procurans
1067 1042 1145 1104 ariiri
1167 1041 1313 1106 sudores.

151 1145 200 1211 ur
215 1149 262 1210 ita
280 1147 337 1215 ilia
359 1148 413 1211 oio
434 1148 477 1212 de
497 1146 581 1212 oolla
600 1165 668 1208 uon
682 1163 755 1211 suar
777 1162 940 1228 egressus

235 1253 414 1318 'l'rioeaima
443 1254 544 1336 priua
570 1249 698 1332 audivi,
728 1249 814 1332 quod
841 1249 905 1311 duo
925 1247 970 1312 de
984 1251 1093 1337 ,soniis
1116 1237 1317 1332 rr'reisuore-

100 1405 103 1411 .
151 1357 254 1438 grinis
276 1363 388 1420 essent
412 1356 547 1436 infirmi,
567 1363 600 1417 et
621 1363 765 1416 assumta
787 1353 904 1419 neoto
937 1374 994 1436 pro
1016 1363 1315 1424 sustentamento·

151 1469 259 1530 moute
281 1459 372 1544 syon
390 1459 544 1522 deneardi
564 1475 638 1522 oum
658 1474 775 1539 magas
796 1457 987 1522 difficultate
1007 1469 1139 1542 propter
1160 1459 1315 1522 debilita-

152 1575 215 1628 tem
244 1583 348 1627 meam
376 1563 417 1626 ad
444 1565 632 1646 hospitium·
649 1561 847 1626 dominorum
866 1563 1140 1646 ·peregrinorum,
1170 1563 1246 1631 lieet
1273 1565 1318 1626 sit

152 1670 206 1732 via
223 1671 308 1748 satis
329 1669 427 1752 long'a
448 1668 629 1733 deseousus
655 1676 689 1729 et
719 1685 895 1749 aseensus,
928 1667 1138 1754 infirmosque
1170 1666 1316 1733 intimus

151 1755 302 1857 visitani,
335 1782 368 1836 et
393 1775 496 1844 meust
519 1772 573 1836 itto
605 1779 672 1834 toto
696 1769 749 1833 die
778 1789 851 1835 eum
873 1773 938 1853 eis3
964 1771 999 1833 in
1031 1787 1108 1837 sero
1139 1789 1220 1834 vero
1242 1771 1317 1834 'duo

152 1879 274 1942 auilites
303 1877 499 1957 reduxeruut
532 1871 647 1936 moad
678 1874 782 1938 loouur
812 1891 918 1938 meum
951 1877 1034 1936 berre
1067 1883 1246 1938 recreatum
1282 1884 1316 1938 et

152 1999 256 2062 paene
272 1977 507 2061 sanaturum)
517 1979 551 2040 in
572 1985 710 2041 montem
722 1979 824 2060 Syou,
840 1981 873 2041 iu
895 1965 989 2061 quem
1000 1961 1086 2042 'duur
1102 1979 1317 2060 venissemus,

152 2085 336 2152 foveramus
365 2088 469 2147 toturn
502 2089 695 2144 conventum
728 2088 805 2142 anto
836 2082 1064 2147 monasteriam
1087 2084 1122 2143 in
1141 2081 1318 2155 aottidiaua

152 2185 338 2263 visitatione
374 2193 562 2250 annornm
591 2185 733 2248 ioeorum
772 2193 960 2266 vacantem,
992 2203 1065 2248 euru
1095 2200 1160 2268 quo
1192 2191 1225 2245 et
1253 2201 1317 2265 ego

153 2281 303 2373 eimiit,
323 2293 407 2363 siant
429 2289 510 2354 alias
535 2307 783 2372 consueveram,
813 2299 845 2353 et
867 2306 939 2354 auru
962 2289 1114 2354 iratribus
1136 2289 1254 2373 pariter
1274 2286 1316 2355 ad

152 2398 368 2484 dorrqitorium
392 2413 443 2474 rue
463 2396 575 2460 reduxi
595 2396 630 2458 in
650 2395 764 2461 oollam
787 2412 890 2460 meam
912 2403 978 2465 etta·
1018 2397 1116 2460 Hane
1136 2395 1220 2460 euim
1236 2393 1318 2468 iane

153 2499 289 2566 dantem
311 2510 345 2565 et
365 2482 510 2566 ranetam
531 2501 794 2569 eorrsuotuttnom
811 2502 1066 2577 habent-fratres
1085 2502 1203 2565 montis
1213 2499 1317 2583 Syou,

153 2603 240 2686 quoti
267 2607 352 2667 omni
380 2625 472 2688 sero,
504 2615 635 2669 cantato
657 2614 689 2668 et
719 2605 811 2673 fluito
831 2607 1057 2692 completorio,
1089 2602 1224 2673 rudunt
1244 2605 1319 2671 iona

155 2717 348 2790 sanotapro
369 2694 579 2792 indulgentiis
603 2710 826 2793 acquirendis,
840 2711 1035 2790 'iroomodo
1053 2700 1059 2711 ’
1077 2711 1185 2788 Brimo
1207 2718 1318 2772 traus-
1343 2731 1348 2738 ·

155 2819 232 2872 eunt
253 2811 421 2892 samaias
442 2812 560 2894 altare,
593 2814 647 2878 ubi
669 2822 719 2875 est
740 2813 831 2876 toous
853 2817 1065 2892 institutionis
1095 2814 1318 2893 eucharistiae,

155 2921 190 2974 et
218 2915 263 2974 ibi
294 2931 332 2990 se
361 2924 584 2996 prosternunt,
621 2915 726 2977 locum
769 2916 1014 2985 deosculantur,
1038 2927 1071 2980 et
1099 2916 1318 2997 indulgentias

155 3017 343 3098 percipiunt.
387 3016 513 3082 Deinde
535 3017 577 3079 ad
609 3017 712 3081 locum
745 3018 876 3102 lotionis
909 3020 1026 3102 pedum
1055 3019 1247 3100 procedunt,
1284 3026 1318 3080 et

157 3127 234 3203 post
254 3121 317 3183 hou
338 3133 438 3201 super
459 3120 612 3186 ambitum
639 3121 840 3183 circumeant
862 3122 902 3184 ad
924 3121 1030 3185 locum
1052 3123 1215 3184 missionis
1239 3119 1319 3203 Spi-

155 3226 237 3287 ritus
258 3222 388 3306 Sanati,
420 3234 452 3287 et
472 3225 516 3288 ibi
538 3223 741 3293 descendunt
763 3225 804 3286 ad
826 3226 980 3309 capellam
1003 3226 1038 3288 S.
1061 3227 1203 3290 'rhomae
1224 3226 1318 3307 Apo-

155 3329 245 3412 stoli,
280 3338 311 3391 et
336 3330 456 3392 ambitu
485 3329 627 3409 oirauato
647 3331 814 3413 ⁴capellam
837 3330 873 3394 S.
896 3331 1064 3394 Francisei
1096 3329 1319 3418 ingrediuntur

154 3451 255 3516 prope
275 3441 396 3515 portam
421 3443 452 3496 et
469 3433 649 3497 columnam
660 3434 806 3518 Domiui3
824 3436 866 3498 ibi
889 3435 1079 3515 deoseulata
1092 3443 1187 3517 porto
1200 3444 1320 3516 exeunt

155 3537 296 3600 elaustro
318 3536 360 3600 ad
382 3538 487 3600 ionum
502 3541 638 3604 «oratorii
660 3539 947 3624 beatao=virgtuis
969 3541 1093 3604 Mariae
1128 3548 1160 3602 et
1182 3539 1257 3602 iude
1278 3539 1320 3602 ad

153 3640 259 3704 locum
281 3641 530 3722 praedieatiouis
552 3627 684 3729 Christi,
712 3653 743 3706 et
764 3645 809 3711 ibi
830 3654 1021 3708 oouvertuut
1042 3663 1080 3708 se
1100 3643 1141 3706 ad
1163 3644 1318 3726 seputotr·

154 3763 225 3812 tum
245 3745 354 3808 David
376 3753 410 3808 ot
433 3746 699 3832 aliorum'regum
721 3756 922 3832 sanctorum,
945 3760 979 3812 et
1000 3750 1075 3814 iude
1096 3751 1129 3813 iu
1148 3749 1319 3831 coquinam

154 3850 283 3914 Domini
304 3851 511 3934 perveniunt,
534 3859 567 3914 et
587 3853 628 3914 ab
650 3869 690 3914 oa
709 3852 750 3915 ad
771 3853 978 3935 sopotetnom
1000 3853 1037 3916 S.
1060 3851 1218 3934 Stephani
1239 3870 1318 3948 pro-

155 3955 317 4039 cedant,a
338 3973 402 4040 quo
424 3956 633 4039 eironmeuut,
645 3973 749 4041 usque
770 3956 811 4020 ad
831 3975 965 4040 aneoruu
987 3955 1320 4041 poenitentiseuavid

156 4057 365 4148 descendunt.
405 4058 456 4122 De
475 4078 577 4143 speon
598 4073 676 4124 vero
697 4059 738 4124 ad
759 4079 860 4124 ooruu
880 4063 997 4126 montis
1017 4059 1111 4146 Syon
1131 4060 1321 4145 prooodunt,

156 4172 414 4248 convertuntque
433 4182 472 4228 so
491 4167 630 4249 genibus
650 4165 744 4228 flexis
772 4174 885 4229 eontra
917 4169 1071 4230 orientem
1105 4164 1148 4227 ad
1180 4174 1320 4228 montem

157 4264 290 4350 Oliveti,
312 4287 377 4332 uua
398 4277 431 4332 et
458 4271 550 4334 brevi
576 4270 719 4334 oratioue
747 4271 854 4334 omnia
875 4269 945 4353 ejus
962 4271 1034 4335 loca
1054 4279 1266 4354 venerantur,
1288 4277 1338 4332 et·

1043 4369 1085 4426 8*
