2948 4876
212 417 335 484 Cbrirti
356 425 389 480 et
418 415 635 498 lircbometi,
662 431 737 484 cum
756 415 821 478 iste
840 414 884 478 sit
905 411 994 478 fliius
1014 413 1095 496 liei,
1125 411 1184 478 ille
1211 433 1303 480 vero
1326 417 1392 497 pri-

212 525 396 606 mogenitus
426 520 574 603 diabolii3
605 519 661 583 ille
696 519 857 583 Dominus
888 521 1092 600 incarnatus,
1130 520 1197 582 iste
1236 519 1391 584 diabolm
1454 519 1456 586 l

211 631 414 710 incenatum
436 627 501 690 iste
521 635 615 709 pater
632 624 883 710 salvandorum,
917 623 974 686 ille
995 622 1150 686 sedeam
1170 627 1390 706 miserorum,
1454 593 1456 680 l

211 733 267 796 nto
287 733 456 812 intrusi,
485 729 749 812 istedestmxt13
771 730 828 794 na
847 729 1008 812 ntum,
1030 731 1095 792 aa
1117 729 1319 812 amnavm
1341 728 1392 792 nn
1454 705 1456 746 '

212 835 364 920 redemit,
395 839 459 900 iste
482 836 627 918 peremit.
670 836 714 898 tto
734 844 843 897 tamen
874 834 996 898 Christi
1023 834 1176 916 templum
1198 845 1392 915 execratur,

211 944 399 1029 profanatur
419 939 666 1022 etdespicitu'r3
695 949 728 1002 et
748 941 945 1003 Haebomcti
972 940 1125 1022 templum
1146 947 1310 1023 ornatur,
1335 938 1393 1002 de·
1435 968 1448 1023 p

212 1055 344 1114 curatur
370 1057 403 1112 et
429 1045 603 1110 extollitur.

295 1151 364 1216 Sed
385 1151 464 1236 quid
485 1150 614 1229 mirum,
644 1149 675 1211 si
694 1148 758 1212 boc
777 1147 835 1210 ilat
855 1150 890 1210 in
920 1147 1104 1212 Jerusalem
1124 1146 1212 1230 apud
1236 1145 1394 1211 Grosse-

213 1259 301 1339 nios,
322 1257 456 1320 Mauros
480 1263 516 1317 ct
538 1254 752 1336 Sarracenos,
779 1271 853 1316 cum
873 1254 970 1316 etiam
991 1253 1047 1318 ilat
1066 1253 1153 1337 apud
1174 1251 1393 1316 Christianos

214 1361 400 1426 catholicos.
444 1360 598 1443 Respice,
620 1376 755 1443 quaeso,
776 1376 849 1420 cum
881 1360 1107 1440 compassione
1125 1357 1393 1420 eeclesiam‘sn-

214 1485 356 1549 premam
378 1465 478 1528 totins
498 1465 627 1546 mnndi,
648 1464 918 1544 Lateranensem,
939 1481 1024 1546 quac
1045 1473 1097 1526 est
1117 1471 1217 1545 capnt
1241 1466 1392 1526 omnium

215 1570 425 1634 eeclesiarum
454 1571 544 1633 urbis
566 1579 598 1632 et
620 1570 724 1652 orbis,
757 1571 842 1630 sicut
866 1568 981 1652 probat
1009 1567 1153 1631 Alvarus
1184 1570 1221 1630 in
1251 1587 1320 1632 suo
1353 1567 1392 1629 de
1444 1568 1450 1579 '

215 1675 347 1758 planctu
367 1675 527 1739 ecclesiae
547 1675 601 1738 lib.
622 1677 653 1740 2
676 1692 724 1742 ar.
744 1675 777 1744 2.
799 1689 840 1754 a,
862 1673 948 1754 quod
967 1682 1000 1737 et
1020 1673 1106 1737 vide.
1135 1671 1258 1750 Qualis
1279 1673 1389 1755 decor,

216 1799 301 1864 quae
330 1779 402 1862 ejus
433 1780 603 1844 munditia!
628 1781 757 1845 Utinam
785 1778 901 1840 saltem
932 1787 1120 1840 servaretur
1139 1796 1160 1839 a
1188 1781 1299 1842 ruina.
1343 1779 1390 1842 lbi
1453 1799 1456 1884 4

217 1885 303 1950 enim
325 1885 662 1950 eeclesiaSalvatoris
684 1893 715 1946 et
737 1891 849 1946 nostre
868 1891 984 1946 saneta
1015 1891 1199 1945 sanctorum
1230 1901 1312 1945 cum
1338 1885 1389 1944 in-

215 1992 424 2073 comparabili
443 1993 596 2056 theseum
614 1989 831 2073 reliquiarum,
846 1997 879 2050 et
899 1997 1008 2050 temen
1025 1986 1155 2050 videtur
1174 1988 1273 2050 locus
1293 1989 1390 2072 quasi

217 2095 392 2162 derelictus
424 2106 456 2160 et
475 2096 659 2176 desolatus,
696 2102 729 2156 et
749 2094 806 2157 vix
827 2093 1029 2175 reperiuntur
1049 2093 1093 2156 ibi
1113 2103 1309 2174 paramenta
1333 2113 1389 2176 pro

215 2202 340 2266 Missae
361 2201 531 2264 sacrificio.
573 2200 666 2262 Atria
687 2199 759 2282 ejus
779 2197 929 2279 sordent,
964 2198 1109 2280 capellae
1136 2216 1289 2260 annexae
1309 2206 1387 2260 sunt

215 2306 375 2389 violatae,
395 2306 508 2369 altaria
528 2304 712 2388 profanata,
733 2304 854 2387 palatia
874 2302 1055 2385 destructa,
1089 2302 1308 2385 et'religiosi,
1331 2302 1386 2384 qui

114 2404 119 2415 ’
217 2409 377 2490 quendam
408 2410 481 2473 Deo
506 2409 552 2474 ibi
578 2409 800 2492 servivernnt,
832 2415 908 2472 sunt
939 2426 960 2470 a
992 2393 1075 2472 loce
1099 2408 1220 2491 repulsi
1258 2416 1294 2470 et
1331 2407 1386 2470 alii
1454 2441 1455 2478 ,

217 2513 400 2596 subrogati,
433 2532 506 2576 eum
537 2515 656 2595 quibus
682 2520 802 2576 cuneta
830 2510 872 2574 ad
893 2512 1017 2575 ruinam
1044 2513 1196 2595 tendunt,
1229 2523 1265 2575 ot
1291 2513 1387 2595 plura
1453 2497 1455 2524 ³

212 2615 280 2697 jam
302 2616 498 2700 ceciderunt,
520 2635 583 2680 non
605 2637 664 2700 per
683 2620 846 2680 incursum
857 2617 1033 2681 'lurcorum
1052 2616 1386 2697 autSarracenorum,

216 2719 276 2784 sed
297 2740 356 2804 per
380 2739 632 2788 nen-occursum
656 2721 923 2785 Christianorum·
967 2720 1025 2784 Sic
1054 2721 1215 2785 eccelesia
1232 2721 1268 2784 S.
1292 2723 1384 2784 Petri

218 2835 283 2890 etat
303 2830 365 2892 snb
388 2827 518 2895 deiectu
540 2845 658 2911 magno
679 2809 816 2908 eorum,
841 2845 925 2910 quae
946 2836 1056 2891 tantae
1074 2827 1234 2890 ecclesiae
1255 2845 1384 2890 eonve-

217 2932 331 2996 nirent.
376 2931 414 2996 Si
434 2952 513 3017 ergo
535 2951 588 2996 res
616 2933 666 2994 sie
690 2949 729 2994 se
761 2932 880 2994 habent
901 2932 935 2994 in
952 2931 1243 3015 'principalioribus
1269 2930 1384 2995 mnndi

218 3037 386 3121 ecclesiis,
408 3040 442 3100 in
463 3037 654 3121 capitalibus
675 3036 921 3119 catholicorum,
942 3039 975 3100 in
996 3037 1102 3100 medie
1123 3037 1276 3118 fidelium,
1301 3035 1384 3120 quid

217 3152 325 3208 antem
346 3151 453 3226 potest
475 3149 561 3206 'esse
579 3142 614 3206 in
640 3141 718 3205 aliis
741 3141 890 3204 eeclesiis
912 3143 946 3204 in
967 3140 1126 3224 corporei
1157 3141 1381 3206 lleelesiarnm

217 3247 434 3326 immunditia,
472 3247 584 3310 abusio
628 3256 662 3310 et
695 3245 892 3310 deordinatio
923 3248 956 3310 in
991 3249 1180 3330 structuris,
1212 3249 1246 3309 iu
1275 3246 1380 3327 vasis,

219 3347 326 3430 libris,
359 3349 523 3432 vestibus,
559 3351 683 3434 palliis,
702 3353 744 3436 in
774 3353 882 3434 atriiS,
920 3354 1142 3436 coemeteriis,
1172 3353 1205 3414 in
1233 3349 1379 3413 aedibus

219 3451 327 3536 'l'nrpe
343 3451 489 3534 proiecte
511 3462 562 3518 est
582 3458 735 3539 cogitare,
762 3466 794 3520 et
816 3450 1174 3530 dicerenerecundam.
1206 3455 1381 3538 Reperitur

219 3557 316 3620 etiam
339 3557 495 3641 eeclesia,
526 3569 558 3623 et
589 3562 710 3624 otiliam
731 3581 798 3625 una
817 3570 850 3624 et
871 3581 935 3624 non
964 3561 1090 3644 plures,
1118 3562 1153 3624 in
1184 3579 1249 3644 qua
1268 3559 1380 3641 altare,

220 3661 342 3745 pallae,
378 3670 410 3725 et
444 3665 615 3732 sacristiae
648 3675 802 3749 mappae,
836 3672 870 3729 et
899 3666 1081 3748 corporale,
1114 3674 1147 3728 et
1178 3664 1378 3729 involuerum

221 3765 351 3849 calicis,
379 3767 472 3831 albae
504 3779 537 3833 et
558 3772 739 3856 humerale,
770 3781 862 3836 tanta
888 3772 1021 3836 sordent
1049 3769 1263 3847 immunditia,
1292 3767 1379 3853 quod

218 3871 373 3938 sacerdos
393 3873 480 3938 illius
502 3876 661 3940 eeclesiae
681 3895 721 3939 ea
741 3897 804 3940 non
826 3880 930 3960 possit
963 3886 1093 3959 propter
1113 3875 1379 3940 abominationem

218 3979 252 4044 in
280 3995 340 4042 sna
373 3999 486 4044 mensa
513 3985 692 4064 sustinere,
724 3985 787 4046 imo
820 4000 883 4054 nen
909 3990 1071 4064 pateretur
1099 3979 1252 4043 femorale
1283 3995 1379 4042 soum

219 4093 307 4164 tanto
329 4081 481 4168 squalore
511 4083 708 4150 sordescere.
751 4086 937 4151 Foedantur
964 4087 1074 4168 albae,
1105 4085 1225 4148 sudore
1251 4083 1380 4166 squalet

219 4189 400 4272 humerale,
447 4191 481 4250 el
518 4189 626 4250 omnnia
663 4201 852 4271 paramenta
892 4211 1001 4276 nsque
1029 4191 1070 4256 ad
1111 4189 1377 4272 putrefactionem

218 4291 427 4360 immunditiis
443 4291 538 4374 plena
560 4301 645 4375 sunt,
659 4313 743 4376 quas
754 4316 847 4360 nemo
869 4297 902 4360 in
917 4315 977 4360 suo
995 4295 1177 4360 habitaculo
1194 4295 1375 4358 sustineret.
