2926 5050
684 257 731 341 at

97 462 253 545 ‘primam
275 415 402 532 domum
424 457 614 544 Zachariae,
636 459 837 558 interiorem,
864 425 897 524 at
918 477 990 524 cnm
1012 458 1054 524 ad
1076 473 1147 523 earn
1175 455 1297 542 veuls,

118 584 240 650 semus,
261 566 397 630 firmiter
418 555 562 628 clausam
584 566 773 649 reperimus,
796 565 837 630 ad
856 583 953 650 quam
971 564 1131 648 lapidibus
1149 571 1182 626 et
1202 562 1289 624 ilust-
1291 549 1300 644 J

117 673 192 735 ibus
213 679 246 733 et
262 669 387 734 baculis
408 669 624 754 pulsavimus,
646 668 705 732 sed
728 687 823 733 uerno
836 669 1117 753 responditnobis.
1155 665 1296 768 cireen,
1345 649 1349 675 ³

118 769 198 838 baut
219 783 324 838 autem
343 774 485 856 juvenes
507 773 679 837 Sarraoeui
702 773 848 859 domum,
871 783 1066 858 quaerentes
1092 771 1209 854 locum,
1230 753 1290 854 per¹

118 899 214 964 quern
235 897 325 942 muro
347 895 486 943 ascenso
507 879 673 962 intrarent,
701 887 735 942 et
757 879 851 942 nobis
873 879 1043 974 aperirent.
1079 879 1159 939 Erat
1180 883 1289 938 autem

118 987 152 1048 in
175 1003 215 1048 ea
236 983 437 1050 Sarracenos
462 982 611 1066 quidam,
633 983 729 1046 homo
750 983 874 1066 bestia,
896 983 952 1066 qui
972 979 1198 1052 ¹dissimulavit
1227 971 1296 1072 nos,

117 1107 156 1152 se
178 1088 309 1170 andire,
332 1085 394 1150 sed
416 1105 489 1150 oum
511 1084 673 1149 videret'
659 1086 1077 1168 JuveuesSarraceuorum,
1098 1084 1155 1167 qui
1175 1100 1289 1146 curre-

119 1194 200 1256 bant
220 1193 407 1275 uobiscum,
429 1197 465 1254 ut
487 1191 584 1253 alium
599 1200 800 1274 quaererent
821 1191 927 1254 locum
943 1189 1097 1270 intrandi,
1120 1186 1289 1250 descendit

29 1289 31 1294 ’
120 1295 162 1359 ad
184 1297 302 1360 ostium
324 1303 358 1356 et
379 1312 417 1358 eo
439 1283 605 1384 petelacto
634 1294 743 1359 stabat
764 1312 835 1358 curn
858 1295 974 1358 fuste
964 1313 998 1358 ru
1019 1294 1118 1378 oatlo,
1153 1302 1186 1356 et
1206 1312 1295 1370 unor⁸

120 1401 192 1482 ejus
214 1417 289 1463 curn
312 1398 439 1481 titione,
472 1407 505 1461 et
527 1399 762 1483 observabant,
788 1418 831 1462 ue
852 1401 925 1484 quis
947 1400 1099 1480 intraret,
1121 1415 1289 1481 quousque

120 1505 184 1568 sibi
204 1505 313 1586 aliqua
332 1502 472 1584 pecunia
493 1501 639 1566 daretur·
630 1521 746 1586 ,quae
762 1493 834 1567 oum
850 1505 912 1567 sibl
924 1504 999 1567 data
1016 1504 1141 1585 luisset,
1164 1503 1288 1564 remisit

120 1609 270 1690 furorem,
292 1607 346 1669 et
336 1624 519 1690 ingressum
540 1607 683 1671 indulsit.
727 1591 844 1672 Statim
865 1617 972 1671 autem
993 1587 1030 1671 ιιι
1050 1607 1205 1690 ingredi
1194 1624 1293 1676 tuoe-2

119 1713 237 1794 pimus,
258 1711 422 1774 inchoavit
439 1719 552 1775 cautor
571 1713 731 1776 altavooe
746 1713 907 1776 cauticum
921 1711 1288 1793 beatissimaevirgiuis

117 1817 262 1890 Mariae:
294 1813 485 1896 Magnificat
515 1816 622 1877 anima
650 1835 724 1880 mea
756 1825 818 1880 etc
861 1815 904 1878 ttt
934 1833 1007 1879 oum
1035 1815 1090 1877 illo
1119 1823 1216 1879 cautu
1245 1811 1288 1876 ad

117 1919 225 1982 locum
246 1919 412 2002 venimus,
441 1919 474 1980 iu
504 1937 568 2001 quo
586 1920 693 1982 Maria
713 1920 817 2002 Virgo
838 1914 1004 1984 Elisabeth
1029 1921 1203 2002 salutavit,
1224 1919 1287 1982 do·

117 2025 243 2086 hannos
264 2024 299 2086 in
317 2031 409 2084 utero
431 2022 600 2106 exultavit,
614 2023 784 2088 Elisabeth
806 2007 996 2086 resalutavit
1016 2032 1049 2086 et
1069 2023 1285 2108 prophetavit,

118 2127 224 2200 Maria
245 2141 375 2188 carmen
393 2125 613 2192 dulcissimum
631 2127 819 2192 decantavit
841 2129 980 2191 maximo
1004 2129 1158 2216 mysterio
1179 2125 1286 2209 reple-

119 2239 197 2314 tum,
219 2231 313 2312 cujus
336 2230 503 2313 quodlibet
523 2233 658 2295 verbum
681 2225 795 2316 aliquo‘
810 2250 926 2314 magno
938 2249 1038 2294 seusu
1053 2237 1103 2296 est
1122 2234 1286 2313 impraegu

117 2343 238 2399 uatum.
282 2337 319 2397 lu
349 2335 405 2398 illo
433 2353 511 2417 ergo
533 2336 605 2401 loco
626 2339 660 2399 iu
682 2337 857 2402 orationem
883 2335 1080 2420 procidimus
1112 2344 1145 2398 et
1176 2333 1307 2397 indul-x

118 2440 248 2524 gentius
281 2439 447 2522 plenariae
477 2443 679 2505 remissionis
718 2442 902 2524 accepimus
935 2441 1027 2524 (ipis).
1079 2439 1285 2522 Singulareru

117 2562 257 2627 namque
280 2543 432 2606 laetitiam
453 2545 566 2614 iuhoc
584 2545 835 2610 locohabuimus
852 2565 924 2609 cum
943 2547 1133 2611 beatissima
1147 2545 1290 2628 Virgine,

117 2649 341 2731 Maria„quae
360 2648 422 2711 hoo
439 2649 604 2714 ineffabile
624 2650 787 2734 goudium,
810 2650 896 2734 quod
916 2671 974 2734 per
986 2651 1094 2734 augeli
1115 2651 1285 2718 salulatlo÷

118 2772 191 2815 uem
225 2753 259 2815 iu
290 2760 417 2815 secreto
445 2753 552 2818 cordis
583 2756 634 2818 sui
660 2757 821 2819 reclusum
843 2765 875 2818 et
898 2756 1118 2820 absconditum
1140 2755 1284 2837 gerebat,

119 2857 173 2918 hio
189 2858 227 2922 -ia
248 2857 414 2938 publicum
429 2858 588 2921 amicabili
600 2859 793 2923 salutatione
809 2868 843 2922 et
864 2859 1096 2923 dulci-cantico
1109 2837 1289 2942 promebat}

120 2957 187 3022 Sed
209 2967 247 3020 et·
262 2961 354 3040 pueri
372 2963 468 3024 ambo
489 2964 522 3023 iu
543 2963 695 3024 maternis
716 2965 817 3032 uteris
835 2962 876 3026 ad
890 2972 1025 3042 matrum
1037 2958 1292 3036 couventionem„

118 3064 322 3128 resultabant
343 3072 376 3126 et
396 3063 599 3147 gaudebant,
628 3066 711 3128 sicut
734 3073 766 3128 et
787 3067 902 3129 ambae
923 3075 1043 3128 matres
1064 3061 1195 3127 insolita
1213 3059 1284 3120 lue-

24 3188 28 3200 ι
118 3168 190 3230 titia
214 3166 355 3259 allectae
376 3177 476 3231 erant.
521 3170 560 3231 lu
580 3168 1032 3252 beatissimaVirgiueMaria
1048 3185 1145 3231 omne
1165 3161 1284 3248 gaudi-

119 3291 172 3336 um
181 3312 193 3349 ,
227 3271 313 3356 quod
343 3273 376 3334 iu
404 3270 553 3354 angelica
573 3273 767 3337 salutatione
799 3281 984 3358 receperat,
1018 3274 1072 3337 hic
1094 3277 1283 3333 renovatum
1326 3345 1332 3349 .

86 3413 87 3416 =
119 3377 188 3460 suit,
210 3385 242 3439 et
263 3375 499 3461 quodammodo
522 3377 727 3460 completum.
769 3381 811 3441 Et
831 3380 862 3443 si
883 3379 936 3442 ias
957 3387 1008 3441 est
1027 3377 1154 3466 dicere,
1178 3373 1284 3468 majus

119 3480 274 3563 gaudium
303 3481 358 3544 hio
385 3479 517 3544 videtur
544 3481 706 3552 habuisse.
730 3525 733 3530 -
754 3483 904 3566 Angelus
935 3482 1019 3546 euim
1054 3483 1088 3545 in
1116 3477 1283 3544 Nazareth

120 3585 226 3666 ipsam
249 3583 397 3647 salutans
420 3585 517 3649 dixit:
539 3586 624 3671 Ave,
646 3589 750 3670 gratia
770 3589 876 3671 plena,
898 3587 1055 3652 Dominus
1077 3595 1200 3666 tecum,
1221 3583 1283 3646 be-

118 3687 246 3756 nedicta
267 3695 302 3754 tu
323 3687 355 3750 iu
370 3689 567 3754 mulieribus.
611 3691 679 3754 Sed
689 3693 857 3757 lilllsubeth
874 3710 961 3756 voce
981 3708 1099 3774 magna
1114 3690 1280 3774 clamauit:

117 3789 295 3856 benedicta
320 3800 356 3854 tu
376 3792 642 3884 intermulieres,
664 3805 697 3859 et
716 3797 907 3861 benedictus
929 3797 1055 3860 fructus
1077 3795 1203 3858 ventris
1224 3791 1284 3856 tui

117 3895 237 3959 Notum
266 3893 340 3977 (B)
368 3906 419 3960 est
453 3907 579 3982 autem,
619 3899 704 3982 quod
736 3902 925 3965 beatissimo
954 3899 1059 3982 Virgo
1079 3895 1184 3982 Mqria
1208 3891 1282 3975 plns
1322 3889 1326 3902 ¹

117 3997 228 4064 dllexit
248 3997 541 4082 incomparabiliter
562 4002 701 4066 fructum
722 4007 847 4070 ventris
869 4006 939 4088 sui,
969 4021 1065 4090 quam
1095 4017 1144 4078 ⁸⁰<
1160 3999 1264 4082 ipsam
1271 4015 1288 4090 ἱ,

118 4109 151 4164 et
175 4099 217 4165 ad
239 4101 311 4183 ejus
333 4103 486 4168 honorem
507 4104 582 4188 plus
601 4107 891 4198 gaudebat,.quam
912 4104 954 4169 ad
980 4105 1152 4189 proprium.
1205 4102 1281 4164 An-

117 4203 211 4285 gelus
231 4213 336 4268 autent
357 4207 461 4272 solum
482 4209 684 4274 benedictam
707 4210 798 4294 dixit,
820 4210 880 4274 sed
890 4209 1058 4274 lillissheth
1083 4223 1155 4271 earn
1177 4206 1280 4269 hene-

118 4306 234 4392 dictam
261 4308 437 4390 proclamat
462 4321 494 4375 et
516 4312 654 4379 trnotnm
677 4317 801 4380 ventris
822 4316 890 4396 sui,
919 4313 1006 4376 etin
1033 4313 1096 4378 hoo
1121 4309 1277 4396 gaudium
