2962 5022
137 650 254 731 vedu,
273 645 449 712 restituere
469 645 505 709 si
524 639 664 729 eogendi
691 661 851 715 memus.
894 646 969 712 lieo
985 645 1096 712 audito
1117 645 1308 730 expovimus

137 765 169 818 et
190 755 333 818 tumtum
354 757 535 816 trnunstum
558 749 752 832 reperimus,
773 769 836 815 neo
858 760 929 814 erut
950 741 1034 816 iut'er
1053 769 1126 837 nus,
1148 753 1203 837 qui
1224 769 1307 816 ouu-

136 861 282 923 llteretnr
309 873 349 921 se
367 856 432 919 lroo
453 853 583 936 iuuisse,
605 862 637 916 et
659 871 744 918 unus
777 855 874 919 ullum
908 857 1052 939 respexit
1079 867 1114 924 et
1134 875 1248 922 ornnes
1270 855 1312 938 ei,

22 1037 23 1050 χ
135 966 191 1048 qui
215 963 306 1042 feeit,
328 958 566 1040 malediximus,
587 962 777 1042 rognvimus
798 967 989 1028 tamennon
1008 963 1159 1045 invisum,
1179 972 1215 1027 ut
1236 977 1311 1026 reus

133 1071 208 1131 sine
227 1063 428 1130 verecundis
456 1061 664 1127 eonfiteretur
684 1071 718 1125 et
751 1063 900 1130 redderet
925 1066 1106 1156 abscissum
1127 1069 1253 1148 psoium
1275 1073 1309 1129 et

22 1163 23 1174 ’
134 1187 250 1236 omnes
279 1187 352 1234 uum
374 1185 414 1231 eo
445 1165 605 1230 vellemus
637 1184 831 1232 uouourrere
851 1171 885 1232 in
910 1178 1002 1234 reutn
1023 1177 1057 1233 et
1084 1169 1215 1234 solvere
1236 1170 1309 1233 sol-

134 1276 261 1359 uendo,
282 1273 341 1338 sed
363 1289 459 1336 nemo
484 1279 570 1354 erut,
592 1270 649 1355 qui
669 1287 709 1334 se
729 1273 938 1338 rnenit'estsre
958 1273 1077 1356 vellet,
1113 1273 1218 1338 donee
1239 1272 1309 1337 Cs-

135 1381 223 1444 liuus
244 1387 357 1444 noster
377 1377 518 1460 dieeret,
548 1374 633 1458 quod
657 1393 732 1438 reus
753 1377 881 1442 ooonlte
902 1379 964 1442 sibi
985 1387 1210 1461 prseseutnret
1235 1379 1308 1442 tm-

132 1495 222 1547 stum
252 1482 371 1566 lepidis
393 1481 459 1563 (Ιι)
492 1489 525 1543 et
554 1497 621 1544 reru
653 1481 780 1544 oeeulte
807 1483 1012 1569 compleuere
1041 1483 1150 1546 vellet.
1193 1483 1238 1546 Et
1257 1485 1308 1548 sio

134 1590 255 1652 laetum
275 1595 346 1669 est,
367 1588 444 1669 quis
464 1593 570 1648 sutem
593 1601 669 1646 ress
691 1585 790 1649 fuerit
818 1589 903 1652 iuter
924 1605 1000 1672 nos,
1022 1588 1118 1652 hodie
1139 1587 1195 1652 me'
1212 1589 1301 1650 lutet.

131 1694 257 1756 Multus
278 1694 448 1775 augustius
469 1696 503 1750 et
523 1687 734 1754 uoufusiones
766 1694 980 1757 sustinuimus
1000 1711 1060 1776 per
1082 1702 1181 1758 totum
1203 1709 1304 1776 pere-

133 1798 350 1881 grinationem
387 1801 518 1876 propter
548 1791 755 1858 indiseretum
788 1797 988 1879 quorundum
1026 1797 1230 1864 devotionem
1261 1797 1303 1862 ud

133 1901 317 1966 mumdum
337 1898 515 1985 porticulus
536 1897 579 1962 do
600 1899 682 1962 lonis
701 1901 843 1982 sanetis,
863 1911 901 1965 ut
920 1901 986 1966 dixi
1007 1895 1043 1966 P.
1068 1905 1098 1973 1.
1120 1906 1156 1966 F.
1178 1903 1244 1969 stt
1262 1907 1302 1969 B.

132 2009 209 2070 lluo
230 2005 413 2068 turbetione
433 2003 547 2068 sedete
567 2013 727 2067 venerunt
746 2004 904 2070 officiales
925 2015 1122 2089 conventus,
1144 2009 1303 2090 monaehi,
1420 2045 1422 2056 ·

133 2121 165 2175 et
185 2107 410 2176 invereouude
431 2128 452 2172 s
473 2109 567 2172 nohis
588 2108 708 2172 Velete
727 2110 762 2172 in
782 2109 919 2192 peouuiu
937 2110 1161 2192 postulubuut,
1183 2113 1301 2194 quibus

131 2217 229 2280 etism
252 2213 418 2295 dedi-us,
451 2213 601 2297 quumvis
622 2231 686 2276 nen
709 2213 891 2277 meruerint
936 2203 1064 2277 Deinde
1094 2215 1185 2278 veuit
1210 2224 1304 2297 puter

131 2320 319 2384 monosterii
337 2321 371 2380 in
393 2319 522 2401 propriu
537 2323 691 2400 persons,
705 2318 757 2381 vir
778 2336 841 2382 non
863 2318 996 2381 multum
1017 2335 1130 2400 senex,
1149 2320 1302 2382 robustus

131 2435 163 2489 et
184 2423 341 2509 prudens,
363 2431 398 2484 et
419 2421 550 2504 petivit,
572 2427 611 2483 ut
639 2431 777 2504 quatuor
803 2423 944 2487 annulos
965 2431 1114 2487 onerates
1144 2423 1303 2486 frontinus

131 2532 302 2593 nobiseum
327 2529 364 2591 ¹in
395 2527 581 2610 Aegyptum
616 2524 815 2594 desoeudere
843 2530 1115 2613 permitteremus.
1155 2527 1304 2612 Singulis

131 2635 219 2698 enim
240 2632 336 2695 suuis
355 2631 420 2694 isto
441 2638 587 2712 tempore
618 2629 714 2694 mittit
734 2639 829 2714 peter
860 2635 1045 2700 monasterii
1076 2633 1205 2698 domino
1225 2633 1304 2697 Sol-
1421 2635 1425 2643 '

131 2739 217 2802 duno
238 2736 466 2820 regiAegypti
488 2735 612 2797 innotus
636 2734 670 2796 in
692 2735 811 2820 ligneis
825 2740 918 2804 sistis
938 2741 1126 2821 obfirmatis,
1147 2741 1304 2804 oolleotos

129 2845 163 2905 in
186 2842 321 2925 regione
343 2840 463 2903 deserti
483 2839 588 2924 Syuei
610 2847 643 2902 et
678 2839 775 2926 oreb,
799 2853 831 2907 et
852 2865 911 2910 rex
930 2867 989 2930 pro
1021 2865 1138 2930 mogun
1172 2864 1322 2910 munere-

132 2954 282 3028 sooeptut
316 2963 374 3027 pro
396 2963 453 3026 eo,
486 2942 572 3028 quod
604 2945 767 3007 orevorlnt
796 2947 831 3008 in
859 2949 916 3011 illu
947 2961 1062 3015 senuta
1099 2953 1247 3034 regione,
1270 2957 1312 3030 et¹
1423 2952 1427 2958 “

130 3050 249 3115 dividit
272 3067 330 3113 eos
358 3049 597 3133 potentioribus
624 3049 772 3128 tyrannis
800 3047 960 3133 Aegypti,
989 3055 1045 3134 qui
1066 3061 1228 3136 tumqusm
1251 3071 1304 3115 res

130 3162 269 3221 sununs
296 3171 316 3216 e
345 3155 436 3218 ooelo
466 3156 586 3218 missus
616 3167 673 3214 eos
702 3151 829 3214 fruetus
860 3154 1050 3236 suseipinut.
1101 3145 1312 3238 Recepimus

129 3277 211 3344 ergo
229 3261 266 3322 in
287 3267 431 3322 nostrum
448 3255 647 3322 oerrsortium
667 3253 741 3318 illos
762 3260 901 3340 quum
918 3257 1072 3321 eumelus.
1115 3259 1167 3322 lle
1188 3260 1303 3343 hortis,

128 3365 187 3430 nbi
207 3364 400 3428 tititmotns
421 3364 455 3426 in
477 3361 605 3426 deserto
627 3369 788 3445 oresonnt,
810 3357 886 3424 vide
906 3375 1005 3443 supro
1027 3361 1084 3429 lul.
1107 3363 1163 3426 tt.
1186 3365 1218 3433 tr.

215 3467 299 3532 (inm
309 3486 387 3552 ergo
404 3469 511 3531 omnis
527 3471 640 3529 essent
652 3474 767 3548 peneto
778 3473 811 3530 et
822 3466 933 3529 ouuoti
945 3475 1058 3529 essent
1071 3467 1178 3550 soluti,
1190 3468 1303 3530 timui-

129 3591 215 3658 mus,
233 3573 319 3657 quod
341 3580 417 3657 post
431 3574 551 3635 exitum
579 3579 723 3634 nostrum
753 3579 966 3656 sequerentur
986 3589 1046 3634 nos
1067 3572 1195 3637 Arabes
1216 3581 1249 3636 et
1269 3574 1304 3636 lu

130 3679 304 3742 solitudine
319 3695 381 3740 nos
394 3679 566 3743 turbarent.
586 3673 711 3738 ldoiruo
727 3663 954 3740 descendimus
968 3693 1042 3740 oum
1051 3676 1165 3742 Culirt'o
1177 3679 1218 3742 ed
1230 3695 1304 3741 mu-

131 3784 275 3866 selreum,
288 3783 344 3846 nbi
353 3781 497 3844 Arabum
512 3779 701 3861 uspituuens
712 3791 791 3864 erut,
805 3791 838 3845 et
849 3790 985 3846 evooeto
1003 3799 1042 3845 eo
1056 3783 1251 3866 rogavimus,
1262 3799 1305 3844 ue

130 3901 341 3970 graveremur
356 3891 454 3948 estre
471 3885 700 3948 monesterium
718 3905 778 3969 per
793 3905 882 3970 suos,
895 3887 952 3970 qui
972 3889 1128 3969 promisit,
1139 3886 1226 3971 quod
1247 3905 1306 3969 per

131 4009 212 4055 suos
223 3990 303 4054 nihil
315 3989 390 4053 muli
401 3987 530 4072 pussuri
541 4003 691 4053 essemus
703 4000 746 4073 et,
755 3993 785 4052 si
796 3985 955 4056 vellemus
966 4011 1008 4054 ex
1025 4001 1090 4055 toto
1101 3993 1207 4055 seouri
1219 4007 1304 4072 esse,

130 4097 203 4178 ipse
213 4093 316 4174 vellet
325 4093 367 4156 de
380 4095 450 4157 suis
464 4093 572 4156 servis
583 4091 677 4158 nuliis
694 4096 884 4161 defensores
896 4096 1073 4180 adjungere
1084 4115 1141 4180 per
1153 4095 1235 4159 dues
1250 4095 1305 4158 uel

131 4209 205 4263 tros·
214 4199 336 4264 deserti
350 4197 546 4262 mansiones.
571 4198 641 4261 lsts
653 4201 865 4282 responsione
877 4203 1019 4265 eontenti
1031 4211 1063 4264 et
1081 4202 1187 4265 securi
1205 4200 1305 4263 avim

131 4303 341 4368 reoessimus.
383 4288 448 4366 Per
478 4298 644 4383 praediolo
665 4305 765 4386 igitur
785 4304 958 4388 impeditus
984 4305 1048 4371 init
1067 4299 1218 4371 recessus
1241 4291 1304 4368 uu-

133 4417 204 4472 ster
222 4425 328 4492 usque
349 4405 392 4469 ed
420 4404 583 4471 meridiem
613 4413 647 4467 et
675 4409 710 4469 ln
738 4407 818 4472 solis
847 4409 978 4474 fervore
1005 4411 1303 4476 oneravimus-'enm

135 4513 236 4577 multo
266 4510 376 4574 lubere
402 4509 544 4576 eumelus
575 4515 610 4576 et
638 4527 711 4576 unm
741 4512 851 4578 multis
872 4513 1003 4599 litigiis,
1035 4517 1112 4600 quio
1139 4513 1305 4582 numularii
