2948 4876
197 475 293 541 ᾳιιιιιιι
327 473 401 518 eum
425 453 548 537 ingenti
570 452 693 516 laetitia
714 451 789 516 dum
822 453 1086 534 circumlerrent,
1119 453 1216 515 multi
1249 453 1303 514 de

72 632 78 644 „
197 563 275 624 bant
317 571 351 623 et
383 559 594 645 dubitabant,
635 557 766 644 quidam
795 557 1027 640 autammiles
1056 560 1089 620 in
1125 557 1240 620 media
1273 579 1317 638 p:

197 668 304 752 ignem
336 667 415 728 Xlll
436 663 551 746 pedum
590 663 668 726 iecit
694 671 727 724 et
764 672 899 746 accepta
925 663 1038 726 laneca
1070 681 1127 745 per
1158 664 1278 743 ignem

197 771 337 856 portavit
357 769 437 844 nibil
459 769 579 852 laesus,
601 787 643 830 ex
664 785 729 851 quo
751 769 915 832 exercitus
931 769 1060 832 Domini
1080 768 1178 831 valde
1202 769 1308 828 roho¹

200 878 271 942 init.
314 879 437 939 Exorta
458 876 554 938 etiam
577 873 682 936 luerat
703 872 868 937 dissensio
890 875 923 936 in
945 875 1080 937 civitate
1100 883 1237 955 propter
1280 890 1289 931 r

199 985 348 1066 tationes,
370 991 403 1044 et
424 979 515 1069 multi
534 961 716 1060 principes
743 977 872 1040 occulte
900 969 1085 1061 cogitabant
1113 988 1144 1039 et
1180 987 1279 1037 tracti
1301 979 1307 987 ‘

199 1087 360 1175 quomodo
382 1093 516 1169 possent
538 1083 654 1145 saltem
677 1083 772 1145 salva
792 1085 862 1148 vita
881 1083 1036 1166 evadere,
1059 1083 1118 1145 sed
1141 1093 1218 1164 post
1243 1081 1287 1139 lr-

168 1211 177 1234 '·
194 1201 313 1259 sacrate
333 1192 552 1253 inventionem
573 1187 668 1250 novis
687 1185 879 1274 juramentis
902 1188 1066 1250 sesimul
1098 1187 1291 1249 confoeder-

200 1307 234 1363 et
249 1298 401 1381 jurabant
422 1313 480 1377 per
489 1294 675 1372 Dominum,
698 1293 739 1353 ab
760 1293 902 1355 invicem
915 1311 978 1356 non
997 1293 1160 1375 recedere,
1186 1293 1278 1351 nisi·

154 1475 156 1480 ,
199 1412 344 1468 sanctam
366 1400 523 1482 pristinae
550 1381 751 1460 restituerint
780 1397 931 1460 libertati.
975 1401 1095 1462 Habito
1129 1416 1206 1477 ergo
1239 1416 1275 1443 ν’

199 1508 392 1593 prudentum
414 1512 447 1565 et
468 1504 646 1585 potentium
671 1501 756 1565 dlem
776 1511 969 1586 statuerunt,
992 1523 1056 1587 qno
1076 1503 1228 1585 congredi
1255 1523 1266 1541 r

201 1623 328 1676 etcum
353 1609 493 1670 inimicis
516 1606 677 1670 dimicare.
736 1607 798 1668 Die
829 1622 909 1690 ergo
941 1609 1048 1671 XXV.
1081 1629 1160 1670 snae
1195 1609 1249 1667 ob*

200 1726 295 1781 nocte
317 1713 534 1799 praecedente
556 1730 622 1774 non
651 1721 720 1774 erat
747 1713 894 1796 requies,
924 1713 983 1776 sed
1012 1733 1123 1776 omnes
1157 1731 1193 1774 so
1218 1732 1280 1792 po⁴

200 1822 243 1886 ad
268 1819 452 1885 bellandum
471 1835 565 1880 manc
583 1823 618 1878 et
639 1819 777 1880 accincti
796 1819 893 1881 armis
913 1819 947 1880 in
980 1819 1127 1881 ecelesiis
1159 1819 1244 1876 llis>¹

119 1917 122 1924 ’
202 1927 332 1993 diebant
353 1927 385 1987 in
408 1923 601 2008 crepusculo
623 1931 656 1985 et
677 1923 914 1985 confitebantur
936 1933 1069 2006 peccata
1091 1931 1199 1984 suaet
1228 1941 1245 1977 ι

203 2034 584 2097 nicabantnr'sumcntcs
616 2045 734 2110 corpus
753 2027 908 2112 Domni.
968 2030 1020 2106 lix
1053 2047 1116 2107 qua
1149 2047 1242 2087 conio

200 2149 293 2203 tanta
313 2135 431 2222 populo
457 2134 567 2197 inlusa
589 2143 638 2196 est
657 2135 774 2218 gratio,
807 2143 851 2196 ut*
875 2133 931 2218 qni
951 2133 1021 2196 heri
1049 2143 1081 2210 et
1109 2131 1226 2192 nuilina

202 2248 296 2328 qnasi
327 2229 448 2324 segnes
483 2249 515 2301 et
544 2239 677 2301 inutiles
710 2239 780 2302 vix.
802 2238 932 2322 [pedem
954 2239 1068 2320 snpra]
1101 2239 1195 2298 limen
1228 2256 1244 2289 a

200 2356 362 2431 poterant,
386 2345 528 2429 nuncin
555 2343 718 2426 publicum
745 2343 940 2426 prodeuntes
973 2345 1035 2404 sibi
1067 2343 1203 2403 invicem

203 2452 327 2531 inscie
349 2447 584 2530 promiitebant.
629 2449 782 2531 Episcopi
802 2468 882 2512 vero
904 2457 934 2510 et
959 2447 1023 2510 :alii
1054 2447 1240 2508 sacerdota¹

203 2551 308 2616 induti
329 2552 477 2614 vestibus
504 2553 658 2634 populum
679 2536 726 2616 od¹
741 2554 896 2637 proelium
921 2553 1160 2614 benedicebant.
1206 2554 1252 2601 tr·

206 2665 314 2720 antem
336 2657 468 2718 aciebus
491 2662 525 2717 et
545 2657 647 2738 portis
660 2660 824 2742 reseratis,
846 2675 919 2720 cnm
940 2659 1002 2720 iam
1016 2657 1153 2739 populus
1173 2675 1234 2714 ew·

202 2781 258 2828 ros
281 2761 489 2824 dulcissimus
514 2761 683 2824 descendit
715 2772 748 2824 et
770 2745 946 2826 exercitum
967 2775 1112 2825 nostrum
1136 2765 1225 2842 porti

203 2875 271 2932 tam
293 2868 439 2932 homines
459 2886 555 2951 qnam
584 2868 709 2930 bestiae
737 2877 921 2930 nostrorum
952 2869 1125 2931 confortati
1158 2882 1228 2926 sun

198 2970 303 3039 datim
337 2993 415 3056 ergo
446 2974 550 3036 nostri
578 2981 690 3035 contra
721 2972 838 3034 hostes
872 2981 1105 3055 processerunt
1145 2991 1214 3031 cnm

203 3080 334 3143 Domini
353 3087 387 3141 et
407 3079 478 3142 Deo
498 3077 676 3142 auxiliante
697 3082 772 3159 post
793 3077 1020 3160 gravissimam
1055 3093 1218 3159 aurigine<v

151 3211 154 3220 ·
201 3203 346 3268 pugnam
387 3183 561 3246 confractis
594 3183 745 3245 cornibus
788 3181 1046 3246 adversariorum
1080 3181 1213 3244 dissoti-

205 3289 293 3350 acies
314 3287 491 3351 infidelium
513 3297 546 3350 et
568 3297 705 3350 cunctae
734 3287 881 3370 legiones
903 3305 1012 3350 eornm
1050 3290 1084 3348 in
1117 3289 1212 3366 lugaa

203 3397 291 3472 sunt,
313 3407 394 3473 quas
412 3407 518 3475 nsque
539 3383 580 3454 ad
602 3391 681 3455 solis
702 3409 854 3455 occasum
873 3393 1036 3475 persecuti
1056 3403 1130 3453 sunt
1145 3411 1178 3449 ea

202 3495 443 3558 interficientes.
508 3496 739 3560 consummato
780 3514 860 3579 ergo
888 3498 1011 3578 proelio
1047 3499 1146 3558 nostri
1189 3517 1192 3527 ·

200 3599 345 3664 hostium
369 3601 541 3686 redierunt,
563 3603 619 3666 ubi
640 3608 763 3665 teritum
785 3621 889 3665 rerum
901 3603 1168 3664 necessariarium

205 3707 418 3790 opulentiam,
438 3713 549 3770 mutas
577 3707 778 3771 orientalium
818 3705 929 3789 (2⁷2
947 3706 1002 3788 Α)
1036 3707 1162 3768 divinar

202 3817 242 3875 nt
261 3815 324 3875 iam
346 3813 426 3896 anm,
447 3813 583 3896 argenti,
605 3829 802 3895 gemmarum
821 3821 857 3874 et
877 3813 1091 3896 pretiosarum
1105 3833 1145 3872 vr·

203 3935 359 3980 numerus
381 3926 470 3979 esset
492 3932 553 3980 nee
576 3921 743 4000 mensura3
766 3919 861 3981 etiam
885 3927 1099 3980 armentorum
1122 3937 1152 3976 ci

202 4027 297 4085 tanta
316 4031 444 4104 reperta
469 4031 520 4084 est
542 4023 755 4105 abundantia,
777 4033 812 4086 nt
832 4025 908 4086 iam·
921 4040 984 4084 non
1006 4025 1142 4101 scirent,
1176 4090 1184 4100 ‚

204 4135 358 4206 rentetc
390 4125 458 4209 illi,
491 4127 546 4208 qui
580 4130 669 4209 prins
701 4145 828 4190 summa
860 4127 1085 4190 laboraverant
1120 4129 1150 4186 ir.

107 4305 108 4308 Ἴ
205 4241 312 4296 antem
333 4240 410 4296 sunt
431 4229 494 4294 bac
512 4231 652 4295 motoria
671 4249 757 4296 anno
777 4233 907 4297 Domini
931 4232 1022 4300 toas,
