2926 5050
97 430 206 476 musa
226 411 358 494 quidam
368 409 573 476 Quocum
593 410 688 494 niger
704 419 739 476 et
760 409 952 476 “muudus
974 410 1009 476 in
1031 408 1138 476 media
1157 409 1214 472 via
1232 424 1272 472 se
1313 493 1318 501 ¹

96 516 229 598 posuit,
252 524 288 578 et
308 514 432 598 lapidea
452 518 488 578 in
508 516 671 580 cumulmn
692 517 877 599 congessit,
897 522 934 578 et
955 515 1093 579 clevatis
1112 512 1273 596 lapidibus

97 622 136 682 in
159 621 401 702 peregrinorum
422 637 540 703 ιςπιοιι
555 618 682 700 jactare
701 623 900 702 mmabatur,
913 608 953 684 'si
972 619 1094 703 aliquis
1107 638 1167 701 par
1185 618 1272 682 viam

96 723 191 786 illam
223 725 428 806 processerit.
472 721 527 786 Ad
557 739 638 788 suos
668 733 776 788 autem
805 723 966 788 clamores
996 733 1029 787 et
1059 724 1164 788 minas
1184 729 1271 786 totus

97 831 266 891 exercitus
287 829 434 892 substitit
466 828 561 911 quasi
592 827 634 891 ad
660 827 823 892 dimidim
856 827 989 908 boram,
1021 825 1172 892 ductores
1191 842 1271 890 vero

97 933 205 994 nostri
226 948 300 995 cum
322 950 362 994 cc
383 930 636 1012 contendebant,
672 941 706 996 et
727 939 841 1032 contre
870 947 946 996 eum
977 931 1181 1013 clamabant,
1211 927 1271 994 sed

98 1053 162 1098 eos
184 1036 315 1098 minima
335 1035 485 1117 advertit,
502 1041 538 1096 et
551 1033 672 1099 contra
692 1053 761 1120 eos,
778 1036 835 1119 qui
855 1034 1007 1118 progredi
1022 1033 1271 1116 contendebant,

100 1139 231 1202 fortiter
251 1137 376 1221 lapides
397 1139 545 1202 mittebat
564 1155 638 1202 curn
660 1157 779 1224 magna
799 1139 892 1202 turta
936 1138 984 1221 0,
1004 1139 1161 1224 cogitavi,
1186 1138 1217 1201 si
1236 1137 1271 1200 in
1361 1183 1364 1188 -

98 1243 224 1317 nostris
245 1242 391 1325 partibus
419 1243 476 1306 uni
496 1241 538 1304 de
570 1245 713 1308 mirdmis
733 1243 895 1308 nobilibus
925 1244 1000 1306 istis
1025 1253 1059 1306 te
1079 1244 1130 1306 sic
1150 1240 1270 1306 nudum

97 1349 137 1410 in
158 1347 214 1410 via
234 1363 432 1428 opponeres,
460 1363 555 1429 quam
577 1348 642 1410 cito
671 1347 814 1430 gladium
847 1347 901 1412 vel
922 1350 1077 1430 sagittam
1106 1348 1141 1410 in
1165 1345 1271 1410 latere
1321 1403 1324 1409 .

99 1451 256 1516 hebetes!
287 1448 356 1513 Sed
374 1450 507 1514 nonita
535 1451 641 1514 estin
663 1451 871 1516 orientalibus
892 1452 959 1516 illis
984 1453 1139 1535 partibus.
1185 1450 1271 1514 Sunt

99 1556 189 1618 enim
210 1554 384 1618 orientales
405 1553 538 1618 alterius
562 1553 773 1638 conditionis,
793 1573 891 1640 quarn
911 1574 990 1639 nos,
1013 1557 1084 1639 vel,
1106 1554 1169 1618 alia
1189 1563 1270 1618 sunt

99 1659 188 1743 apud
228 1678 290 1725 nos
322 1659 496 1742 regimina,
532 1658 654 1722 aliae
644 1679 678 1722 ιιι
710 1659 759 1722 eis
791 1661 1033 1744 passiones,(
1014 1658 1123 1743 (tou
1134 1653 1189 1742 A)
1215 1658 1271 1722 alii

99 1773 270 1848 respectus
292 1764 440 1847 rationis,
473 1762 528 1826 alii
549 1771 747 1848 conceptus,
777 1747 913 1850 co‘rpora
934 1783 1045 1830 eorum
1079 1765 1174 1828 alitor
1193 1770 1271 1828 sunt

99 1868 377 1950 complexionata,
409 1875 442 1929 et
462 1873 542 1928 suut
565 1868 610 1932 ibi
630 1869 684 1932 alii
706 1869 847 1933 influxus
878 1868 1022 1933 sidemm
1064 1868 1182 1931 etalio
1205 1867 1269 1932 cli·

98 1982 202 2054 mata,
232 1972 307 2036 ideo
333 1987 467 2054 pauper,
486 1971 619 2036 inermis
650 1979 686 2037 et
711 1972 818 2038 nudus
843 1974 938 2037 homo
960 1972 1017 2036 ille
1038 1973 1146 2056 coegit
1166 1980 1268 2036 totum

99 2077 280 2141 exercitum
302 2074 422 2156 redire,
450 2081 485 2138 et
506 2079 630 2138 reversi
652 2093 764 2140 sumus
787 2076 828 2140 ad
849 2077 981 2160 longum
1002 2079 1158 2165 spatium,
1192 2075 1270 2142 dor-

99 2198 174 2246 sum
195 2189 362 2243 vertentes
383 2179 485 2242 monti
505 2177 609 2262 Syon,
631 2197 800 2264 quousque
821 2180 863 2244 ad
883 2181 978 2244 aliam
997 2183 1086 2244 viem
1108 2181 1258 2244 venimus

101 2295 136 2348 et
167 2293 247 2348 tunc
268 2284 419 2349 conversi
446 2303 489 2346 ex
518 2285 666 2367 opposito
694 2285 879 2349 Jerusalem
909 2285 1076 2368 venimus,
1110 2285 1268 2349 habentes

100 2389 221 2454 vallem
264 2389 349 2453 inter
380 2406 440 2452 nos
469 2397 502 2451 et
530 2390 695 2452 cintatem
724 2398 881 2458 sanctam.
926 2388 1125 2473 Gyravirnus
1157 2396 1267 2454 tamen

99 2493 231 2576 vallem,
252 2511 310 2576 per
330 2511 442 2575 agrium
466 2483 626 2558 lullonis
616 2495 757 2578 ungressi
773 2513 885 2558 sumus
912 2495 944 2558 in
956 2495 1150 2578 Jerusalem,
1173 2503 1205 2559 et
1226 2493 1268 2559 ed

101 2597 244 2662 officium
265 2599 390 2660 Missae
410 2600 560 2660 venimus
585 2599 619 2662 in
652 2608 791 2684 montem
822 2599 924 2684 Syon.
958 2600 1188 2664 Protraxerant
1207 2617 1269 2664 uu·

101 2710 168 2766 tam
191 2701 325 2766 Fratres
348 2700 501 2765 Officium
522 2711 654 2785 propter
674 2721 750 2786 uos,
772 2711 807 2765 ut
828 2714 861 2768 et
882 2723 942 2770 nos
964 2707 1194 2768 interessemus
1216 2702 1269 2768 dl-

101 2806 191 2869 vinis
209 2805 273 2870 hoc
294 2804 356 2867 die.
389 2804 506 2870 Officio
527 2816 635 2868 autem
656 2806 747 2870 finito
769 2807 902 2890 quilibet
924 2807 965 2871 ad
988 2827 1084 2874 suum
1106 2808 1210 2874 locum
1230 2824 1269 2872 se

101 2908 243 2972 contulit·
258 2906 299 2970 ad
319 2909 510 2972 sumendum
533 2910 651 2978 cibum.
770 2953 773 2960 ·

129 3157 339 3244 Tractatus
361 3151 409 3231 de
434 3141 616 3229 descensu
639 3149 910 3260 peregrinorum
924 3147 982 3242 ¹ad
1004 3155 1215 3235 dordunum.

121 3387 124 3392 .
181 3336 320 3402 Praudio
340 3342 471 3425 peracto
499 3334 640 3400 auditum
662 3334 766 3399 luite
797 3335 993 3429 peregrinis,
1022 3337 1107 3421 quod
1139 3337 1266 3422 petroni

99 3443 263 3531 galearum
287 3441 495 3524 disponerent
516 3458 555 3504 se
581 3441 624 3504 ad
652 3440 870 3506 reducendum
903 3444 1093 3526 peregrinos
1116 3441 1163 3506 ad'
1179 3460 1267 3507 mare
1324 3427 1333 3450 '

98 3555 134 3614 iu
155 3549 277 3633 galeis,
309 3548 403 3630 quasi
433 3546 652 3629 peregrinatio
678 3547 751 3629 jam·
768 3557 858 3612 esset
878 3547 985 3614 linita·
1019 3546 1135 3612 Statim
1157 3555 1264 3612 autem

98 3645 243 3717 intellexi
263 3651 470 3734 mysterium,
499 3650 576 3734 quia
605 3654 749 3734 practice
769 3661 974 3736 patronorum
1005 3659 1110 3735 esset,
1142 3669 1184 3714 ne
1204 3667 1265 3719 nos

97 3759 136 3823 ad
157 3757 334 3822 Jordauem
364 3752 528 3816 ducerent
571 3753 709 3839 Semper
732 3757 821 3837 ,enim
853 3755 1077 3820 difficultatem
1110 3763 1145 3819 et
1165 3755 1266 3821 multe

96 3860 203 3926 media
233 3859 437 3942 exceptant,
469 3858 587 3941 quibus
617 3853 809 3944 peregrinos
828 3858 870 3924 ab
903 3861 968 3926 ista
1000 3860 1265 3944 peregrinatione

95 3965 249 4030 ¹Jorrlenis
270 3969 428 4027 avertant.
459 3959 689 4047 'congregatis
711 3973 820 4030 eutem
846 3965 995 4030 omnibus
1014 3963 1207 4048 'peregrinis
1230 3964 1265 4030 in

6 4069 16 4089 ’·
98 4079 205 4133 monta
231 4067 324 4151 Syon
355 4067 568 4132 convenimus
596 4067 638 4131 ed
667 4077 849 4151 patronos,
874 4077 1044 4155 rogantes,
1074 4076 1113 4133 ut*
1141 4084 1202 4132 uos
1223 4065 1265 4130 ad

96 4171 409 4238 Jordanernduocre
427 4190 492 4237 nou
520 4181 726 4254 recusarent,
755 4173 946 4256 praecipua,
983 4191 1056 4238 cum
1079 4178 1265 4238 contractus

99 4277 323 4344 contentiosis
357 4285 488 4343 nostrae
520 4276 583 4344 boe
619 4293 775 4362 expresse
816 4279 981 4344 condurat
1009 4277 1042 4342 in
1074 4273 1210 4340 articulo
1231 4275 1264 4340 x
