2842 4882
183 490 217 544 et
243 481 398 563 frangam
418 481 528 562 potlus
547 477 648 542 veroa
663 493 760 561 quam
779 476 994 562 praeloquens
1014 477 1098 539 inter
1116 478 1280 540 horrentia
1303 495 1353 538 ora

181 587 263 648 satis
283 582 436 647 blandum
456 583 618 664 quaesivit
639 583 816 666 eloquium,
841 593 967 646 etcum
1002 582 1116 645 dextra
1138 599 1256 643 manus
1278 601 1352 662 pro-

181 691 330 752 tensione
350 687 493 768 cupitum
514 686 636 750 indicat
655 689 734 772 iter,
763 698 797 751 et
817 689 866 750 sic
888 707 945 768 per
967 695 1115 768 patentes
1137 703 1272 768 campos
1297 706 1353 746 vo·

182 791 304 856 litando
333 793 558 856 transmittens
590 809 629 855 se
659 797 693 854 in
715 793 824 875 fugam
847 811 888 853 ex
920 793 1022 855 oculis
1053 793 1200 854 mirantis
1238 792 1352 868 evenit,

182 906 383 979 stupensque
414 895 579 960 Antonius
601 905 633 959 et
655 897 697 960 de
717 918 767 976 eo,
801 896 889 982 quod
911 894 1047 977 viderat,
1067 911 1183 957 seeum
1219 896 1351 958 volvens

169 1002 317 1088 ulterius
338 1001 620 1083 progrediebatur3
652 1021 713 1066 uec
733 1021 840 1083 mora,
875 1005 958 1063 inter
986 1016 1137 1062 saxosam
1173 1000 1352 1060 convallem
1405 1043 1406 1048 ι

182 1106 271 1170 haud
291 1105 445 1188 mandem
465 1105 692 1183 homunculum
714 1105 804 1169 videt
827 1105 962 1182 aduncis
984 1105 1127 1185 naribus,
1152 1104 1263 1167 fronte
1285 1123 1352 1165 cor-

182 1213 279 1274 nibus
297 1218 458 1292 asperata,
470 1209 565 1291 cujus
586 1220 730 1274 extrema
754 1229 831 1292 pars
853 1213 996 1293 corporis
1015 1211 1048 1270 in
1070 1226 1243 1291 caprarum
1261 1207 1351 1290 pedes
1405 1227 1406 1240 ι

184 1315 361 1379 desinebat.
404 1313 459 1376 Ad
479 1315 542 1377 hoc
562 1313 785 1398 spectaculum
816 1315 981 1376 Antonius
1012 1323 1142 1376 scutum
1165 1311 1246 1374 fidei
1278 1315 1351 1373 arri·

183 1421 253 1502 pnit
278 1425 314 1482 et
346 1427 555 1480 memoratum
575 1418 694 1482 animal
715 1417 892 1501 palmarum
915 1419 1039 1480 fructus
1064 1416 1169 1478 eidem
1194 1417 1238 1478 ad
1261 1419 1350 1480 viati-

183 1541 258 1588 cum
296 1523 391 1607 quasi
429 1524 521 1603 pacis
553 1523 684 1588 obsides
737 1523 904 1593 efferebat.
958 1522 1031 1600 Quo
1063 1523 1196 1604 cognito
1239 1522 1350 1604 pressit

183 1623 306 1710 gradus
323 1625 485 1688 Antonius
505 1635 551 1706 et,
572 1629 720 1710 quisnam
742 1637 842 1710 esset,
863 1630 1068 1709 interrogans
1080 1627 1142 1688 hoe
1162 1643 1349 1708 responsum

185 1732 227 1794 ah
249 1751 288 1794 eo
309 1730 397 1792 tulit:
428 1731 572 1793 mortalis
594 1750 656 1815 ego
677 1750 750 1796 sum
777 1740 812 1795 et
833 1751 918 1796 unus
939 1751 982 1794 ex
1003 1731 1124 1796 accolis
1147 1732 1262 1813 eremi,
1279 1747 1349 1815 quos

184 1837 275 1898 varic
301 1833 414 1898 delusa
434 1855 544 1898 errore
565 1837 730 1919 gentilitas
750 1838 816 1920 (lt)
839 1838 954 1900 faunos
975 1846 1008 1898 et
1041 1843 1173 1916 satyros
1196 1841 1231 1893 et
1265 1832 1349 1894 incn-
1405 1837 1406 1898 ᾗ

185 1941 244 2002 hos
263 1939 357 2019 oolit;
389 1939 552 2021 legatione
582 1942 699 2024 fungar
726 1945 838 2024 gregis
869 1959 976 2004 meae:
1004 1957 1195 2022 precamur,
1233 1947 1269 2000 ut
1299 1955 1348 2017 pro

184 2044 278 2106 nohis
298 2059 496 2106 communem
507 2043 679 2107 Dominum
704 2045 898 2127 depreceris,
920 2065 1014 2128 quem
1036 2063 1093 2126 pro
1114 2041 1224 2104 salute
1247 2039 1348 2102 mundi

184 2149 260 2211 clim
281 2149 413 2210 venisse
433 2150 653 2231 eognovimus.
676 2151 769 2212 Haec
791 2151 896 2213 hestia
919 2151 1071 2232 loquente
1091 2146 1258 2209 Antonius
1280 2162 1349 2227 prae

182 2252 303 2334 gaudio
332 2253 480 2316 lacrimas
512 2253 594 2317 fudit
627 2254 807 2339 haculoque
839 2264 956 2317 terram
984 2253 1169 2335 percutiens
1192 2253 1257 2311 ait:
1294 2268 1348 2312 vae

184 2357 244 2418 tihi
270 2356 486 2440 Alexandria,
508 2376 592 2441 quae
612 2378 670 2440 pro
700 2359 772 2422 Deo
797 2367 945 2441 portenta
967 2358 1151 2437 veneraris,
1184 2355 1266 2438 quid
1287 2354 1350 2417 dic-

183 2469 257 2522 tura
277 2479 315 2522 es
333 2462 459 2523 hestiae
472 2461 637 2525 Christum
659 2459 829 2546 loquenti?
851 2464 924 2526 Nec
945 2463 1020 2551 dnm
1042 2464 1144 2524 verba
1165 2459 1350 2540 compleve-

184 2573 235 2625 rat
256 2574 291 2625 et
311 2567 404 2647 quasi
427 2569 604 2649 pennigero
625 2568 733 2630 volatu
753 2567 915 2650 petulcum
939 2566 1056 2630 animal
1077 2565 1214 2646 aufugit.
1264 2561 1351 2640 Quo-

185 2667 259 2729 dam
293 2677 438 2750 tempore
470 2671 651 2735 istiusmodi
683 2674 778 2735 homo
809 2691 894 2735 unus
926 2671 1099 2755 perductus
1131 2679 1181 2730 est
1203 2669 1352 2730 Alexan-

183 2771 284 2835 driam
310 2783 343 2836 et
374 2793 522 2857 magnum
545 2776 664 2859 populo
696 2776 916 2858 spectaculum
938 2777 1083 2858 praebuit
1103 2782 1137 2835 et
1159 2782 1289 2855 postea,
1313 2791 1351 2832 ne

183 2876 326 2940 cadaver
353 2881 502 2942 exanime
530 2881 639 2943 calore
672 2883 753 2944 solis
784 2891 816 2944 et
845 2883 979 2945 aestatis
1014 2878 1250 2961 dissiparetur,
1286 2877 1354 2938 sale

179 2983 326 3046 infusum
347 2983 388 3046 ad
409 2983 612 3047 Antiochiam
633 2987 817 3068 imperatori
838 2984 1013 3049 videndum
1035 2984 1169 3046 allatum
1190 2990 1254 3050 est.
1285 2985 1354 3044 Hos
1405 3009 1406 3016 ι

182 3107 245 3170 ego
266 3107 327 3151 nec
355 3088 458 3151 Fauni
480 3107 542 3152 nec
571 3089 705 3152 Saturni
726 3091 809 3154 filios
830 3090 978 3171 credam,
1007 3088 1082 3150 dum
1112 3087 1274 3148 homines·
1290 3088 1354 3166 isti,

183 3193 229 3255 illi
250 3213 329 3257 vero
351 3193 501 3255 animalia
522 3194 618 3256 bruta
638 3195 713 3256 sint.
757 3194 825 3257 Sed
843 3193 1000 3277 possibile
1021 3199 1087 3273 est,
1110 3191 1197 3252 circa
1220 3190 1354 3252 Saturni

183 3305 330 3380 tempora
357 3297 409 3358 vel
444 3298 548 3360 Fauni
570 3316 611 3360 ex
642 3300 691 3361 eis
721 3308 810 3361 ortam
846 3310 899 3362 est
931 3307 1074 3361 erraret
1100 3296 1141 3357 de
1169 3295 1218 3355 eis
1252 3295 1354 3376 primo

181 3403 325 3463 recitatio
347 3404 430 3462 inter
447 3401 653 3465 mulierculas
674 3404 785 3466 hahori
808 3404 922 3486 coepit.

263 3506 399 3568 Decimo
437 3515 550 3586 quarto
587 3506 726 3570 solitudo
753 3509 808 3571 vel
837 3508 999 3570 desertum
1023 3509 1075 3566 est
1102 3503 1194 3566 locus
1217 3501 1354 3564 daemo-

180 3625 274 3688 nnm,
307 3608 542 3704 unde-Tobiae
569 3610 658 3673 Vlll.
689 3613 822 3696 legitur,
852 3611 939 3697 quod
967 3607 1184 3692 archangelus
1204 3605 1355 3687 Raphael

179 3712 329 3794 religavit
349 3711 548 3776 Asmodeum
568 3718 601 3780 in
633 3715 794 3780 desertum
816 3719 993 3800 superioris
1015 3714 1173 3795 ‘Aegypti
1216 3713 1262 3772 lu
1285 3712 1354 3773 Do-

180 3816 286 3879 minus
308 3813 424 3879 ductns
446 3823 499 3880 est
519 3821 553 3881 in
575 3818 757 3903 desertum,
784 3831 821 3884 ut
843 3821 988 3884 diabolus
1010 3837 1084 3881 eum
1105 3819 1149 3880 ibi
1179 3817 1353 3882 inveniret.

261 3922 400 4002 Propter
421 3940 483 3985 sex
514 3932 689 4007 sequentes
712 3925 832 3989 deserti
853 3926 1058 3990 conditiones
1085 3922 1248 3985 intrabant
1277 3919 1354 3984 olim

177 4026 324 4089 homines
342 4035 457 4088 sancte
479 4029 592 4089 vivere
613 4032 796 4110 cupientes.
837 4030 931 4093 Unde
952 4031 986 4090 in
1011 4026 1124 4109 regula
1142 4026 1231 4088 beati
1253 4025 1356 4088 Jero-

177 4131 267 4213 uymi
289 4129 369 4212 Cap.
389 4130 449 4197 IX.
471 4129 580 4194 laudat
601 4132 801 4217 leronymus
823 4134 1006 4214 desertum,
1027 4133 1158 4194 dicens:
1182 4127 1210 4190 0
1235 4129 1356 4192 deser·

176 4239 245 4295 tum
267 4233 379 4296 decem
398 4233 531 4296 lluriltus
553 4255 712 4316 vernans,
734 4258 754 4300 o
776 4238 933 4320 solitudo,
955 4240 989 4300 in
1011 4255 1076 4320 qua
1097 4235 1142 4299 illi
1170 4245 1357 4300 nascuntur

178 4333 320 4411 lapides,
338 4335 379 4394 de
397 4337 515 4416 quihus
536 4340 615 4398 orbs
636 4340 733 4404 beata
753 4343 960 4416 construitur,
983 4361 1002 4404 o
1035 4359 1162 4404 eremus
1184 4340 1357 4407 familiaris
