2962 5022
640 425 705 490 467

94 613 222 678 maceria
242 612 276 676 ir
296 609 424 676 modurn
446 609 528 674 muri
552 605 605 670 vel
616 609 706 690 sepis
724 606 952 692 mousom,
970 606 1099 692 uopu'rs
1119 608 1253 672 inmuta

40 679 44 728 Ι
91 717 250 780 ambulans
280 715 314 778 in
352 731 512 800 praeceps
540 721 672 790 corruat
713 721 746 777 et
772 732 814 775 ne
845 715 1059 797 respicientes
1092 713 1134 778 alr
1161 715 1250 780 omni

40 791 45 940 ;
89 829 174 904 porte
204 820 352 883 deorsum
377 820 568 882 horrescant
596 824 727 900 propter
747 816 955 882 oltidudirrem
976 828 1009 883 et
1044 826 1080 880 ut
1101 819 1247 884 securior

89 933 121 988 et
147 925 273 988 liberior
306 924 362 987 fiat
391 925 436 987 ibi
464 921 694 986 deambulatio.
736 924 774 983 Iu
792 921 911 985 'medio
942 925 1044 1004 petrei
1072 924 1248 1003 pavimenti

41 1007 44 1052 ⁸
90 1039 140 1094 est
157 1041 220 1092 une
242 1039 395 1093 cavatum
416 1027 459 1091 ad
480 1028 759 1110 consignationem
779 1028 911 1098 humani
932 1026 1076 1108 corporis
1097 1027 1247 1108 supinum

40 1111 44 1158 ¹
85 1137 224 1218 iacentis,
247 1115 310 1197 uec
330 1142 383 1196 est
408 1132 542 1196 muitum
564 1133 598 1194 iu
619 1141 742 1214 petram
758 1131 951 1214 profundata
972 1129 1040 1193 sed
1052 1137 1190 1213 tautum
1210 1141 1248 1194 ut

41 1217 45 1266 ¹
86 1257 199 1322 corpus
215 1238 384 1321 jacensin
405 1255 445 1299 ea
466 1237 591 1320 repleat
617 1244 804 1300 cavaturam
833 1245 867 1300 et
892 1234 1029 1319 aequan
1063 1235 1249 1318 pavimento

40 1331 43 1391 i
83 1343 203 1425 reliquo
223 1343 278 1405 sit
322 1340 415 1404 Haec
432 1350 588 1404 cavetura
616 1360 682 1416 non
706 1341 791 1405 ferro
810 1349 864 1405 aut
885 1341 994 1424 aliquo
1016 1340 1174 1406 artificum
1195 1341 1251 1404 iu·

41 1442 45 1478 ¹
80 1456 259 1510 strumento
272 1454 324 1508 est
346 1447 441 1528 facta,
462 1445 522 1510 sed
543 1445 735 1510 miraculose
754 1446 926 1530 impressa.
969 1446 1055 1508 llum
1078 1446 1164 1510 enim
1185 1463 1249 1510 an-

40 1549 42 1586 *
79 1553 147 1636 geli
170 1551 211 1614 de
227 1550 429 1615 Alexandria
450 1568 567 1635 corpus
588 1553 726 1634 virginis
745 1550 786 1614 ad
807 1553 895 1616 hunc
921 1551 1026 1616 locum
1056 1550 1251 1616 detulissem

41 1649 45 1744 f
79 1666 116 1721 et
134 1675 232 1740 super
248 1657 376 1740 planum
398 1665 430 1720 et
452 1656 656 1721 durissimam
676 1666 800 1740 petram
821 1656 900 1720 illud
923 1657 1143 1740 collocarent,
1172 1675 1249 1722 mox

41 1745 44 1792 ¹
77 1772 184 1845 porra,
197 1747 355 1844 'angelice
374 1764 497 1828 virtute
524 1771 653 1845 egente,
677 1778 773 1826 sacro
794 1763 920 1846 corpori
941 1762 1052 1844 onorii,
1079 1762 1165 1826 dont
1186 1779 1247 1826 oe-

40 1862 44 1904 i
74 1866 124 1930 dit
136 1884 210 1928 cera
230 1865 340 1930 mellis
358 1867 484 1948 corpori
504 1866 584 1930 duro
607 1875 639 1929 et
652 1866 746 1948 gravi
765 1867 828 1929 sibi
848 1868 1058 1952 superposito
1077 1875 1111 1930 et
1128 1884 1247 1952 corpas

41 1967 43 2008 l
72 1987 227 2055 premens
244 1971 307 2034 sibi
324 1972 388 2053 ipsi
397 1970 536 2058 loculum
544 1971 816 2053 proportionatum
828 1970 887 2032 toti
896 1971 1020 2052 corpori
1032 1969 1248 2052 configuravit

40 2070 44 2116 ¹
69 2085 105 2139 et
117 2077 153 2138 iu
171 2093 210 2138 eo
229 2073 314 2136 ultro
334 2083 497 2138 trecentos
516 2089 619 2135 anuos
636 2073 782 2154 ignotum
795 2072 976 2136 horninibus
986 2073 1047 2136 sub
1058 2071 1247 2155 angolorum

67 2173 313 2258 custodiam
324 2178 371 2259 a)
380 2177 482 2258 jacuit
494 2185 527 2239 et
538 2176 672 2258 quievit,
689 2175 724 2236 in
735 2175 829 2257 cujus
844 2175 1013 2240 custodiae
1025 2177 1156 2259 siguum
1172 2183 1250 2238 suut

65 2286 114 2348 ab
127 2291 266 2365 utroque
281 2280 385 2342 latere
393 2290 568 2344 cavatorte
587 2289 683 2363 aptae
700 2279 741 2341 ad
760 2279 949 2364 sedendum,
970 2299 1011 2344 ao
1026 2283 1057 2344 si
1076 2281 1193 2365 aliquis
1205 2281 1250 2345 ibi

64 2387 239 2466 sedisset3
272 2385 431 2470 siquidem
450 2395 484 2449 et
504 2385 611 2469 angeli
630 2377 773 2467 eorporis
792 2385 945 2448 custodes
966 2386 1011 2449 roi
1029 2385 1178 2450 dicuntur
1193 2403 1251 2448 se-

61 2495 180 2572 disse,
200 2490 286 2553 forle
296 2492 330 2552 iu
338 2491 493 2554 assumtis
502 2491 701 2574 corporibus,
723 2489 809 2553 sicut
824 2491 859 2552 in
873 2488 1044 2574 Scriptura
1060 2508 1157 2554 sacre
1177 2491 1248 2554 ire·

62 2605 214 2683 quenter
229 2605 522 2662 commemorantur
533 2597 676 2680 stetisse,
689 2591 886 2678 ambulasse,
902 2595 1045 2678 volasse,
1063 2605 1096 2660 et
1112 2597 1250 2680 angelos

59 2701 320 2767 resurrectionis
341 2700 522 2766 dominicae
539 2705 672 2767 nuntius
684 2701 802 2788 dicitur
822 2718 922 2783 super
931 2699 1070 2783 lapidem
1083 2701 1248 2784 sepulchri

55 2807 214 2886 sedisse,
235 2807 333 2874 Mart.
354 2807 552 2872 XXVlssmt
572 2795 678 2872 Marci
687 2807 778 2870 xvi.
802 2803 962 2884 Quamvis
983 2815 1091 2870 autem
1108 2805 1246 2888 angelus
1286 2833 1294 2844 ·

54 2916 99 2976 iu
125 2917 275 2971 essurmo
291 2927 425 2992 corpore
438 2913 538 2974 etiem
559 2911 677 2984 sedere
703 2909 819 2973 voleus
836 2928 901 2972 nou
926 2910 1071 2993 indigeat
1097 2910 1247 2975 sollaaut

57 3012 170 3104 sede,
193 3013 281 3074 sicut
305 3028 366 3074 nec
397 3016 559 3096 sessione,
587 3014 692 3078 locum
723 3025 831 3076 tamen
862 3014 1005 3102 sessioni
1018 3023 1138 3097 aptum
1153 3013 1248 3096 juxta

53 3133 197 3198 eorpus
213 3133 341 3178 suorum
361 3117 499 3199 virginis
519 3119 747 3201 formaverunt,
768 3127 803 3181 ut
816 3135 854 3179 se
872 3117 975 3182 inisse
987 3119 1139 3184 custodes
1159 3118 1246 3182 sacri

49 3219 223 3303 corporis
258 3237 390 3302 ¹serrrpcr
419 3225 660 3286 commanentes
696 3223 800 3286 funeri
832 3222 1020 3286 iudicarent
1075 3222 1244 3302 Quomodo

48 3336 183 3393 autem
212 3325 495 3408 corpusvirgiois
521 3327 574 3390 hio
595 3329 638 3391 ait
668 3329 835 3392 inventum
868 3337 900 3391 ot
923 3327 1001 3391 inde
1020 3330 1054 3392 in
1076 3336 1244 3394 monaste-

47 3437 158 3500 rium
183 3427 383 3514 translatum,
408 3432 530 3514 patebit
552 3433 629 3498 lolio
650 3436 681 3497 d.
901 3511 912 3520 „

154 3531 212 3594 Ad
233 3532 372 3598 loculum
401 3554 480 3618 ergo
500 3539 635 3622 virginis
663 3557 724 3602 nos
754 3539 987 3620 prostravimus
1015 3547 1048 3601 et
1069 3541 1104 3600 in
1131 3539 1240 3622 iprum

41 3661 131 3711 nou
158 3657 203 3702 ex
235 3643 476 3722 praesumtione
506 3644 560 3707 vel
586 3663 629 3708 ex
647 3647 849 3726 curiositate,
880 3643 941 3706 sed
977 3663 1018 3708 ex
1038 3633 1160 3728 pietate
1180 3661 1242 3708 uos

42 3746 238 3838 posuimus
272 3754 305 3808 et
336 3765 472 3831 corpora
492 3758 605 3813 nostro
633 3750 965 3833 commemoravimus
993 3760 1169 3814 cavaturae
1206 3757 1243 3812 ot

40 3863 173 3942 ipsam
206 3849 326 3934 longae
355 3864 502 3918 suturae
526 3855 630 3918 fuisse
645 3853 941 3938 ,deprehendimus
991 3856 1133 3920 Domum
1164 3854 1239 3919 dum

42 3965 177 4024 iocum
205 3954 294 4016 illum
327 3969 474 4022 sanctum
508 3959 616 4023 debito
637 3957 694 4022 vel
716 3960 811 4024 uobis
832 3959 981 4044 possibili
996 3959 1118 4024 honoro
1138 3977 1242 4022 varro-

41 4063 121 4130 reti
152 4057 340 4148 fuissemus,
362 4067 579 4130 convertimus
600 4082 661 4132 nos
682 4064 723 4128 ad
747 4064 818 4129 ulia.
1220 4064 1222 4070 ’
