2926 5050
86 461 260 539 postquam
291 451 378 516 olomi
400 457 624 530 reuertuntur,
647 403 766 514 eadem
788 449 984 517 aasumensi
1003 455 1166 533 umquam
1186 443 1261 510 lbe-

8 629 9 644 ἶ
87 577 206 624 sauros
218 562 416 621 conservant
430 565 463 628 et
475 555 516 619 ad
527 555 657 638 proelia¹
668 561 789 618 enntes
811 556 862 618 eis
880 554 1067 636 induuntur,
1090 550 1261 636 eredentes

89 683 129 727 se
149 663 230 736 nihil
251 661 327 724 mali
347 679 513 745 passuros.
557 658 668 741 Aliqui
683 676 825 742 pannos,
864 667 929 722 tam
951 659 992 722 (le
1013 656 1085 746 lino
1101 675 1197 740 qnam
1220 653 1262 724 dc

92 768 169 830 lana
190 773 347 848 emerunt,
372 783 454 849 qnos
467 767 509 828 in
530 781 647 849 aquam
667 764 756 850 illam
775 763 985 847 intingebant,
1014 762 1105 850 utin
1134 761 1263 832 domum
1382 843 1384 848 Ι
1454 771 1455 778 ’

23 872 25 878 ’
92 878 296 954 reportantes
316 872 514 933 vestimenta
542 869 584 934 ad
605 855 758 952 placitum
788 869 853 932 sibi
880 885 923 930 ex
944 868 994 928 eis
1014 866 1086 930 lieri
1107 865 1263 958 iacerent,-

8 1027 9 1040 ,
92 977 210 1060 quibus
231 974 336 1038 induti
357 975 493 1038 lortnna·
508 974 701 1037 clementius
730 990 788 1038 eos
817 971 980 1040 arrideret.
1030 969 1141 1052 Aliqui
1172 987 1264 1032 eme·

8 1057 9 1068 ¹
96 1090 170 1145 rant
182 1079 334 1144 Venatiis
352 1097 473 1163 parvas
483 1095 669 1162 campanas,
688 1097 771 1162 quas
793 1075 1019 1162 adJorrlanem
1040 1073 1265 1160 secumduxe-

8 1187 9 1196 ’
100 1195 193 1268 runt,
222 1192 261 1254 et*
288 1184 484 1246 innomine
506 1181 764 1252 'l'riuitatisaas
792 1183 826 1245 in
853 1181 984 1246 flumine
997 1179 1262 1266 baptizaverunt,

94 1297 223 1372 easque
237 1289 272 1351 in
294 1289 431 1371 patriam
451 1306 542 1360 suam
566 1287 737 1351 duxerunt.
764 1285 884 1350 Dicunt
906 1286 1002 1367 enim,
1024 1281 1110 1367 quod
1131 1282 1265 1345 instanti

99 1400 314 1474 tempestate,
345 1402 491 1476 ternpore
512 1393 691 1474 fulgurum,
712 1391 985 1455 corruscationum
1016 1394 1051 1450 et
1081 1389 1265 1472 tonitruum,

95 1500 126 1562 si
147 1514 304 1580 campana
336 1498 369 1560 in
388 1497 720 1580 Jordanebaptizato
738 1495 867 1578 pulsata
896 1494 1012 1580 inerit5
1037 1511 1099 1556 neo
1129 1494 1265 1558 fulmina

96 1621 160 1668 nec
179 1601 300 1686 grando
323 1619 441 1665 nocere
462 1607 572 1685 potest
594 1619 655 1684 per
683 1607 786 1663 tetum
813 1600 968 1682 spatium,
999 1599 1034 1660 in
1056 1617 1129 1682 ⁴‚quo
1161 1614 1263 1664 surius

99 1709 156 1772 ille
176 1708 280 1771 audiri
302 1713 419 1788 potest.
462 1703 534 1768 Sed
557 1704 635 1788 quill
667 1705 749 1768 haec
771 1712 835 1766 tam
858 1703 899 1766 de
919 1704 1085 1786 campanis
1107 1721 1204 1788 qnam
1225 1702 1267 1792 (le

98 1811 304 1882 vestimentis
325 1807 697 1891 in‘Jordauebaptinatis
717 1807 866 1886 veritatis
889 1807 1039 1892 habeant,
1062 1817 1095 1872 et
1115 1826 1158 1872 an
1172 1809 1266 1893 vulgi

97 1917 215 2005 opinio,
237 1933 323 1998 qnae
333 1915 426 1996 haee,
449 1931 532 1996 qnae
547 1913 636 1977 dicta
655 1921 740 1996 sunt,
763 1913 910 1996 affirmat,
931 1931 1011 1977 vara
1031 1914 1074 1977 sit
1084 1913 1138 1976 vel
1149 1931 1267 1997 super

96 2021 241 2102 stitiosa,
261 2017 385 2082 videat
393 2019 445 2081 vir
465 2018 615 2101 prudens.
717 2063 719 2068 -

163 2121 356 2192 &mamus
377 2141 455 2206 crgo
477 2125 511 2185 iu
532 2141 615 2206 aqna
636 2143 710 2190 oum
729 2123 934 2206 jucunditate
955 2141 1030 2206 mag
1031 2141 1089 2206 na,
1119 2132 1152 2185 ct
1180 2093 1265 2188 irrrns

100 2227 237 2291 alterum
259 2225 475 2308 baptizabat'
462 2245 546 2310 poco.
611 2226 768 2306 Quamvis
791 2237 898 2291 autern
919 2227 1024 2291 adbuc
1041 2247 1140 2292 mane
1160 2229 1268 2312 fuerit,
1349 2249 1357 2260 ι

8 2399 11 2426 Ι
98 2349 184 2415 aqna
205 2337 315 2393 tamon
337 2330 455 2413 frigida
475 2348 540 2406 non
561 2340 654 2416 erat,
676 2333 735 2397 sed
756 2333 874 2416 tepida,
895 2333 1090 2396 balneationi
1111 2342 1203 2417 apta,
1226 2331 1268 2396 (le

8 2427 12 2518 J
98 2455 164 2520 qua
185 2437 281 2499 otiam
297 2453 338 2497 ax
356 2435 551 2501 devotione
538 2438 642 2520 jejuni
644 2379 809 2526 bibimus,
832 2439 907 2502 licet
928 2439 1137 2502 nonmultnm
1158 2438 1268 2513 doleo-

9 2525 11 2548 '
98 2541 206 2628 babilis
227 2547 326 2623 esset,
349 2543 438 2623 quia
447 2551 516 2618 orat
536 2543 649 2626 tepida
669 2551 701 2606 et
723 2541 867 2627 turbida,
882 2545 968 2608 sicut
986 2544 1090 2627 palus

104 2681 107 2688 ,
179 2645 278 2708 Porro
300 2647 446 2728 primam
443 2648 703 2730 prohibitionem
713 2648 965 2712 sarracenorum
982 2657 1095 2731 transg
1097 2618 1266 2713 ressisunt

8 2805 10 2818 ,
99 2749 262 2834 peregrini
296 2759 329 2811 et
358 2758 643 2815 transnatavoruut
665 2753 706 2816 ad
731 2754 826 2817 aliam
844 2765 968 2836 partem
999 2754 1138 2816 fluminis
1166 2753 1266 2818 multi

104 2857 143 2916 ln
163 2855 267 2938 prima
290 2873 364 2917 mea
383 2858 642 2938 peregrinatione
663 2861 865 2922 transnatavi
881 2861 990 2941 etiam,
1013 2857 1091 2920 seul
1082 2876 1115 2920 ιιι
1126 2856 1271 2920 secunda

90 2959 212 3020 ‚mansi
233 2967 265 3019 et
285 2956 357 3020 sedi
377 2961 411 3020 in
430 2960 631 3030 tunioillaet
650 2962 812 3043 scapulari
832 2961 866 3024 in
888 2961 1002 3025 sabulo
1021 2963 1056 3022 in
1069 2977 1268 3044 aquausqnc

104 3061 144 3125 ad
164 3059 292 3124 collum.
335 3062 436 3125 Nolui
458 3065 543 3126 enim
563 3065 597 3128 in
618 3065 762 3128 secunda
779 3067 1037 3149 peregrinatione
1055 3073 1267 3148 transnatare,

102 3169 181 3252 quia¹
195 3167 230 3228 iu
251 3167 354 3248 prima
375 3183 492 3249 magno
514 3168 629 3231 timore
649 3169 696 3232 ini
717 3171 750 3232 iu
772 3170 836 3233 alia
852 3177 944 3252 parte
965 3169 1105 3232 fluminis
1122 3169 1268 3232 existens

107 3271 558 3354 perterritus-propterillnm
579 3290 699 3336 casum.
745 3273 829 3338 Cum
860 3293 944 3358 ergo·
961 3291 1033 3336 cum
1056 3273 1166 3336 multis
1197 3259 1271 3336 aliis

105 3377 261 3441 militibus
288 3383 601 3467 transnatassemus,
630 3385 662 3440 et
683 3379 716 3440 in
745 3378 809 3442 alia
836 3388 928 3462 parte
950 3377 1109 3462 ,Joounde-
1125 3379 1160 3440 in
1187 3395 1272 3460 aqua

105 3481 303 3566 luderemus,
325 3497 405 3544 eece
425 3481 535 3544 subito
559 3483 677 3567 ingens
710 3483 830 3547 clamor
860 3493 893 3547 et
924 3483 1058 3567 granffis
1093 3500 1132 3547 ac
1157 3485 1271 3565 gravis

8 3567 12 3586 ¹
107 3586 264 3650 turnultus
285 3592 375 3648 ortus
396 3593 468 3668 est,
501 3593 535 3648 et
562 3585 783 3663 lamentabiles
803 3601 905 3652 voces
921 3587 1043 3652 dabant
1059 3587 1125 3670 illi,
1162 3588 1270 3672 quiin

106 3693 253 3775 opposito
286 3691 394 3754 littore
427 3697 528 3763 erant.
572 3689 639 3755 Sed
664 3701 696 3755 et
717 3692 909 3775 Sarraconi,
934 3691 1087 3756 ductmos
1104 3693 1215 3756 'nostri
1237 3699 1271 3755 et

104 3797 169 3879 alii,
191 3796 363 3860 currebant
384 3811 484 3877 super
503 3793 644 3880 alveum,
666 3806 699 3860 et
710 3797 915 3862 horribilibus
937 3815 975 3861 ao
992 3795 1155 3860 iracundis
1166 3797 1272 3879 gesti-

8 3971 11 3992 ι
107 3905 179 3964 bns
189 3910 302 3964 contra
322 3916 383 3963 nos
404 3899 589 3964 clamabant
609 3908 644 3963 et
664 3902 758 3964 nobis
772 3903 974 3965 minabantur
984 3909 1018 3964 et
1030 3900 1270 3965 maledicebant.

8 3993 10 4012 '
107 4003 282 4078 &abemus
303 4003 344 4068 aul
365 4005 448 4070 baec
477 4004 620 4087 attoniti,
651 4015 683 4068 et
711 4023 789 4089 prae
820 4005 1027 4070 multitudine
1056 4005 1261 4072 clamantium

107 4107 202 4189 quid
215 4107 407 4192 oecinbset,
444 4127 510 4172 non
541 4117 726 4191 poteramus
759 4110 960 4194 incarcere,
1001 4110 1130 4177 donec
1142 4073 1273 4196 quidam

107 4213 296 4295 peragnnus
330 4211 372 4276 de
400 4211 584 4295 simperto
615 4214 656 4277 ad
681 4233 751 4279 nos
774 4217 1015 4298 transnatabat,
1043 4224 1076 4278 et
1108 4233 1181 4284 cum
1204 4215 1272 4298 jam

105 4333 206 4400 propo
226 4335 287 4380 aas
308 4326 418 4400 essen
439 4315 700 4397 nonoviuneu,
722 4317 805 4402 heu,
820 4319 947 4402 inquit,
968 4335 1052 4384 unus
1082 4321 1274 4404 peregrinus
