2926 5050
519 358 704 422 ‘Gi

100 537 290 622 fragrantes
311 541 472 604 sensimus
498 537 626 620 odores,
650 537 797 622 virgulta
816 540 914 604 otiam
935 549 969 622 et
988 539 1119 608 minate
1143 541 1278 624 spinosa

100 642 291 724 singulares
322 659 414 707 rosas
443 650 477 706 ot
508 659 612 726 grana
643 643 761 705 suevia
793 643 911 706 ierunt.
960 645 1217 708 Berisamum
1244 653 1279 710 et

101 745 197 814 olera
214 747 429 833 videnturibi
449 763 526 810 essa
549 744 885 828 magisdolectebilie,
902 756 936 811 et
957 749 1277 832 quammaptantaa

101 857 139 910 et
162 849 317 934 quidquid
336 852 444 934 giguit
464 852 582 914 humus
603 852 639 912 in
659 850 722 913 boa
745 849 817 914 loco
848 858 901 914 est
928 851 1102 936 singulare.
1142 854 1278 935 Propter

102 952 192 1036 qnod
214 955 287 1038 ipse
305 954 429 1018 diviua
449 954 610 1038 sapientie
639 971 679 1016 ae
707 964 872 1036 comparet
900 973 1011 1036 rosae,
1044 974 1108 1020 non
1136 957 1276 1040 cuilibet,

100 1059 165 1122 sed
187 1067 310 1123 tantum
332 1076 427 1123 rosae
448 1059 482 1123 in
491 1057 636 1138 Jericbo,
659 1075 745 1139 quea
766 1067 843 1122 sont
875 1058 1118 1141 pulcherrimae.
1147 1061 1275 1130 liccles.

101 1165 173 1228 24„-
205 1182 295 1246 sum,
327 1163 449 1246 inquit,
480 1163 575 1244 quasi
597 1159 714 1242 (2⁰5
731 1161 786 1246 Δ)
810 1162 968 1244 plantatio
988 1163 1022 1226 iu
1050 1163 1161 1246 planta
1182 1182 1279 1242 rosae

103 1269 243 1334 lericbo.
282 1268 325 1331 itt
344 1265 556 1348 beeteVirgo
577 1265 717 1348 singulis
739 1264 854 1328 diebos
876 1285 919 1330 ax
940 1285 996 1330 ore
1016 1267 1177 1332 ccclesiae
1200 1268 1278 1334 dicit

102 1391 143 1435 sc
166 1372 261 1455 quasi
282 1376 389 1434 rosam
406 1370 541 1456 Iericho.
584 1368 671 1432 Sunt
692 1371 778 1432 enirn
800 1387 895 1434 rosae
915 1370 992 1435 illae
1012 1373 1276 1454 venustissimae,

104 1490 140 1538 et
165 1492 227 1557 suo
250 1473 367 1537 decora
388 1474 495 1538 visum
515 1482 672 1557 pascunt,
701 1473 801 1538 odore
823 1474 977 1538 olfactum
999 1475 1159 1559 reficiunt,
1191 1475 1276 1540 tevi-

104 1587 178 1643 tate
195 1586 315 1640 tactum
327 1577 497 1659 delectant,
520 1578 888 1660 virtuositataaegrotos
898 1580 1275 1662 commemorabimus

103 1680 296 1763 laetificent,
319 1682 430 1764 specie
451 1681 587 1744 mirabili
599 1679 784 1764 'prudentes
817 1683 851 1744 in
867 1681 1113 1768 admirationem
1133 1663 1275 1776 vertunt,

102 1795 146 1848 et·
161 1802 222 1848 sua
242 1783 478 1867 pulchritudine
497 1785 652 1868 paradysi
672 1787 900 1848 amoenitatem
923 1787 1051 1872 deuotis
1080 1794 1275 1871 praeustam,
1373 1813 1377 1820 ·

102 1890 194 1952 dunt.
237 1889 345 1950 llabet
369 1908 509 1972 nemque
529 1907 594 1952 una
616 1907 691 1952 rose
710 1889 785 1973 plus
807 1907 902 1970 quam
927 1899 1058 1972 centurn
1087 1891 1175 1978 folia
1218 1891 1275 1952 lo·

102 1995 228 2075 sepbus
249 1991 291 2054 de
311 1993 362 2055 bis
382 1994 483 2057 bortis
505 1993 642 2078 loquens
665 1992 734 2054 libr.
766 1993 810 2056 V.
832 1991 875 2056 de
895 1993 983 2056 bello
1000 1993 1131 2076 judaico
1152 2012 1227 2076 cap.
1241 1994 1275 2063 8.

105 2098 200 2161 dicit:
227 2095 319 2179 qnod.
333 2095 389 2158 illa
410 2096 500 2178 regio
522 2096 597 2158 olim
617 2095 742 2157 ferebat
764 2095 1025 2178 opobalsamum,
1049 2099 1104 2180 qui
1134 2098 1276 2160 ornnium

103 2201 298 2265 carissimus
320 2199 444 2262 tructus
466 2207 527 2280 est,
549 2208 581 2261 et
603 2217 749 2281 cyprum,
771 2202 828 2280 qui
850 2201 1122 2282 myrobelaemum
1148 2200 1276 2281 gignit,

105 2304 287 2387 palmarum
319 2304 416 2366 otiam
437 2320 558 2385 grene,
597 2311 660 2364 tem
690 2320 808 2385 saporo
839 2320 933 2384 quam
966 2301 1148 2368 nominibus
1175 2303 1279 2386 varta,

105 2425 193 2491 quae
210 2423 344 2490 pressae
366 2406 510 2474 calcibus
530 2405 700 2488 plurimum
723 2405 829 2468 mellis
850 2407 1018 2492 emittunt,
1049 2426 1113 2469 non
1142 2406 1277 2478 multum

104 2513 169 2576 alio
192 2511 288 2574 melle
309 2501 459 2578 deterius.
512 2510 579 2574 Sed
611 2527 672 2572 nec
693 2510 727 2573 in
749 2509 823 2571 eliis
852 2509 1011 2574 fructibus
1039 2510 1146 2592 aliqua
1180 2510 1278 2574 facita

106 2626 173 2681 toto
201 2616 280 2680 orbe
307 2618 397 2700 regio
428 2616 622 2696 certaverit,
651 2614 733 2676 adeo
761 2612 1026 2698 multiplicatum,
1056 2615 1143 2698 quod
1169 2623 1277 2678 satum

107 2720 214 2804 fuerit,
236 2719 353 2789 reddit.
395 2722 530 2784 'lentam
553 2727 661 2782 autem
683 2717 881 2786 fertilitatem
900 2721 1094 2784 mbebemor
1120 2738 1169 2800 eo,
1190 2719 1277 2801 quod

109 2827 199 2908 regio
219 2841 319 2906 supra
340 2833 373 2888 et
397 2823 623 2887 inire'sterilis
651 2831 710 2885 est.
756 2820 823 2884 Sed
853 2821 895 2885 de
924 2823 1013 2886 fonto
1035 2824 1188 2888 Helisaei
1214 2825 1277 2888 ad-

109 2929 200 2990 venit
222 2927 294 2990 loco
312 2928 368 2990 ille
389 2927 550 2992 fertilitas.
1291 2939 1297 2946 ·

72 3266 76 3271 ¹
165 3158 225 3231 De
251 3156 431 3232 montibus
455 3157 616 3232 Garinim
649 3168 688 3234 ct
706 3136 851 3249 'Hebal‚
880 3154 1167 3231 benedictionum
1192 3162 1232 3230 et

544 3273 846 3352 maledictionum.

193 3457 311 3541 Aquae
332 3454 526 3537 decursum,
556 3474 641 3539 quae
673 3459 784 3522 bortos
806 3455 881 3519 illos
911 3455 1040 3540 irrigat,
1071 3454 1276 3520 ascendimus

109 3569 223 3624 contre
244 3570 415 3641 montana,
441 3576 462 3621 a
494 3559 610 3642 quibus
632 3570 781 3644 emanet,
819 3577 903 3643 quae
924 3569 1075 3624 montane
1104 3559 1170 3623 alte
1187 3567 1274 3622 sunt.

108 3664 208 3728 Porro
230 3664 313 3728 duos
338 3670 524 3726 montense
546 3665 686 3730 invicem
717 3665 930 3747 respicientes
950 3665 1102 3748 vidimus,
1124 3666 1276 3750 equibus

107 3787 192 3832 nnus
225 3766 392 3850 Gerizim,
428 3768 512 3830 altor
545 3767 652 3832 Gabai
685 3769 740 3832 vel
771 3768 880 3831 Hebal
915 3768 1103 3832 nominatur.
1158 3765 1276 3831 Sema-

109 3873 206 3942 riteni
233 3879 342 3936 autem
372 3870 499 3955 dicum,
519 3874 591 3936 ¹bos
614 3871 695 3934 dnos
717 3881 846 3936 montes
869 3871 965 3953 juxte
983 3870 1174 3953 Neapolim,
1203 3870 1224 3932 i.
1246 3887 1275 3932 e.

109 3975 251 4059 Sicbem,
273 3992 360 4059 esse,
381 3985 413 4040 et
423 3975 486 4040 hoc
497 3977 594 4038 etiam
605 3975 735 4058 quidam
751 3974 902 4039 catholici
919 3974 1039 4057 dicunt,
1060 3983 1094 4037 et
1113 3973 1147 4036 in
1169 3972 1277 4036 multis

111 4071 382 4162 descriptionibus
410 4088 516 4144 terrae
537 4088 673 4144 sanotae
696 4081 814 4160 reperi.
856 4077 924 4142 Sed
954 4078 1069 4142 beatos
1087 4077 1279 4158 leronymus
1351 4117 1355 4124 -

112 4181 153 4244 de
174 4182 338 4246 distantiis
358 4182 500 4250 locorum
525 4183 614 4266 dicit,
648 4181 736 4266 qnod
756 4181 803 4243 illi
823 4181 1033 4252 uehementer
1066 4187 1194 4260 emant,
1222 4178 1278 4260 qui

113 4285 195 4349 elios
217 4292 342 4348 mentes
356 4287 533 4370 ¹assignant
553 4306 612 4370 pro
635 4285 796 4350 montibus
818 4282 964 4348 Gerizim
982 4293 1015 4346 et
1034 4281 1156 4362 Habet,
1183 4297 1277 4361 quam

112 4389 370 4473 prope'loricbo,
391 4391 645 4476 cumscriptura
665 4396 816 4466 testetur,
838 4405 915 4450 esse
935 4403 993 4450 eos
1003 4386 1099 4468 juxta
1111 4379 1276 4466 Galgales,
