2842 4882
606 237 671 304 409

38 431 228 506 antequem
249 433 459 485 nosceremus
479 433 540 482 uos
573 419 731 502 invicem,
760 421 844 482 bene
865 419 983 486 multas
1013 420 1170 504 pecunias
1192 427 1225 484 et

36 528 251 613 paximatius
275 519 327 590 eis
348 523 505 608 dedimus,
527 522 587 588 sed
604 532 679 607 post
693 531 866 606 acceptam
889 527 1034 602 notitiam
1056 535 1087 590 et
1109 527 1226 610 cogni-

37 646 113 697 tam
140 631 385 715 conditionem,
407 629 636 712 imperavimus
657 631 881 711 etcocgimos
902 648 960 696 ecs
982 631 1106 715 iacere,
1138 629 1225 716 quod

39 739 146 807 nobis
169 734 302 819 placuit.
346 735 555 818 surreximus
576 738 685 797 autem
704 741 781 796 ante
802 734 907 798 luceru
929 742 963 798 ct
977 735 1226 820 coliitigavimus

39 842 148 907 simul
185 858 290 924 usquc
322 837 363 902 ad
390 839 471 903 solis
500 849 603 904 ortum
632 847 666 902 et
693 823 890 903 simulabant
916 856 955 902 se
987 855 1059 902 com
1092 840 1235 902 camelis¹

38 946 142 1010 velle
167 945 273 1009 redire
294 945 328 1008 in
350 941 477 1008 (ianam
484 988 495 1025 ,
518 945 585 1027 (b)
607 943 693 1027 quod
714 953 824 1007 tamen
845 943 940 1007 nobis
961 943 1222 1007 molestissimum

41 1052 208 1115 fuisset«
230 1049 315 1112 Cum
336 1050 400 1112 istu
429 1049 633 1115 simulatione
663 1049 760 1112 valde
791 1049 965 1112 turbabant
992 1065 1068 1132 nos,
1097 1044 1225 1110 tandem

40 1154 368 1221 Trutschclmaunus
389 1163 500 1216 noster
521 1153 555 1214 in
588 1168 647 1215 cos
668 1151 796 1216 fremuit
825 1161 861 1216 ct
881 1154 988 1216 omnia
1009 1162 1120 1216 nostra
1140 1153 1227 1214 reoi-

43 1281 130 1347 pere
153 1261 264 1343 coegit
292 1267 325 1323 et
353 1259 401 1321 ita
422 1275 442 1320 a
464 1258 592 1320 ioco-et
619 1255 661 1320 de
688 1274 801 1340 campo
834 1255 1003 1322 Ganmoba
1031 1258 1227 1322 recessimus

23 1375 108 1451 'per
131 1365 264 1449 planam
286 1371 424 1447 terram,
445 1362 504 1426 sed
528 1380 587 1444 pro
609 1361 721 1444 majori
742 1371 834 1446 parte
860 1361 1045 1427 sabulosam
1068 1371 1100 1425 et
1128 1363 1228 1425 steri·

42 1473 124 1536 lem.
172 1468 255 1533 Cum
278 1476 384 1532 autem
406 1467 500 1553 quasi
520 1485 578 1550 per
597 1485 695 1531 unium
719 1468 854 1532 milliare
874 1466 1092 1534 theutonicum
1113 1467 1227 1532 verris-

43 1592 180 1658 scmus,
220 1573 354 1637 Caliuus
389 1589 546 1656 magnus,
578 1571 726 1636 domiuus
754 1572 1001 1658 Sabatithaneo,
1034 1572 1227 1638 'imtschela

41 1696 192 1745 manuus
213 1688 333 1761 noster,
357 1677 512 1760 magister
531 1674 703 1759 hospitalis
737 1677 773 1742 S.
797 1679 958 1742 iohannis
976 1680 1010 1743 in
1029 1677 1223 1764 Jerusalem,

48 1786 274 1866 Sarmentius,
285 1783 340 1866 qui
353 1783 512 1864 cloppen
522 1797 626 1863 usque
636 1781 701 1844 buc
710 1781 744 1844 io
755 1783 903 1846 omuibus
913 1783 977 1848 viis
991 1767 1051 1847 nos
1065 1783 1223 1848 conduxit

47 1901 83 1953 ct
112 1892 218 1970 rexit,
242 1887 363 1969 recapit
385 1886 546 1950 licentiam
571 1886 706 1958 anobis
728 1903 802 1948 cum
822 1887 893 1952 filio
924 1905 984 1952 suo
1015 1896 1048 1950 et
1068 1885 1228 1950 commisit

44 2011 112 2057 nos
136 1973 256 2068 Calino
276 2006 383 2076 parvo
409 1987 618 2071 Elphahelic,
639 1989 832 2072 Sarraceuo,
855 1989 1145 2066 etcommendc'vit
1167 2006 1227 2051 ca-

45 2097 199 2163 melariis
218 2102 252 2158 et
273 2093 422 2158 asinariis
438 2101 471 2155 et
492 2091 587 2156 rediit
604 2094 639 2156 in
654 2094 853 2178 Jerusalem3
875 2096 1040 2159 nonenim
1060 2094 1229 2157 tenebatur
1274 2127 1278 2146 ι

43 2199 224 2263 nobiscum
245 2197 406 2280 proticisci
425 2217 485 2282 per
503 2197 676 2283 desertum,
687 2208 784 2282 prout
805 2201 988 2264 continetur
1009 2203 1043 2265 in
1056 2200 1121 2277 Vl.
1144 2198 1225 2260 arti-

47 2304 127 2368 culo
153 2295 398 2386 conventionis,
432 2309 468 2366 ut
501 2311 593 2386 patet
615 2305 652 2366 P.
684 2305 713 2368 i.
750 2304 821 2369 vot.
848 2305 923 2372 219.
973 2304 1025 2383 De
1054 2305 1133 2368 hoc
1151 2303 1223 2365 viro

47 2408 174 2474 Caliuo
195 2427 311 2492 magno
324 2418 357 2473 et
378 2409 420 2473 de
444 2427 556 2492 parvo,
578 2409 673 2473 nobis
695 2409 858 2493 derelicto,
879 2411 957 2475 vide
970 2413 1007 2474 P.
1024 2412 1051 2475 1.
1065 2408 1138 2478 not.
1151 2408 1225 2471 221.

49 2515 182 2579 Audivi
202 2511 340 2597 interim,
362 2513 448 2598 quod
467 2513 522 2577 ille
535 2513 671 2578 Calinus
691 2533 830 2600 magnus
846 2525 990 2582 mortuus
1011 2517 1120 2598 slt„et
1141 2512 1227 2576 filius

49 2619 128 2702 ejus
157 2618 278 2682 Abram
310 2618 416 2683 dictus
442 2621 473 2682 ci
503 2620 537 2681 in
573 2619 680 2684 officio
714 2621 770 2688 illo
792 2624 997 2690 successerit.
1048 2617 1228 2704 Videbatur

17 2801 18 2814 ἵ
51 2725 135 2787 mihi
158 2739 235 2784 esse
255 2725 359 2787 bonos
386 2732 420 2786 et
446 2723 628 2802 tractabilis
649 2722 858 2808 adolescens,
889 2726 930 2790 dc
949 2727 1046 2788 elatis
1067 2735 1176 2788 tanuen
1196 2729 1230 2786 et
1276 2749 1279 2752 ·
1383 2739 1386 2744 ·

17 2817 18 2838 l
42 2826 214 2908 'superbis
235 2828 385 2891 moribus.
415 2829 520 2910 igitur
540 2835 614 2910 post
636 2826 742 2890 Calini
764 2843 941 2912 recessum,
962 2829 1017 2911 qui
1038 2829 1102 2892 huc
1126 2843 1231 2908 usque

53 2938 147 2992 tutor
161 2937 273 3000 noster
293 2932 408 3012 fuerat,
432 2930 687 2994 confortavimus
705 2949 765 2994 nos
786 2934 876 3014 ipsos
902 2942 936 2994 ct
956 2926 1169 2995 estimavimus
1189 2927 1230 2992 aul
1344 3007 1348 3016 ι

17 3035 18 3046 ’
53 3034 249 3119 patientiam
271 3042 305 3096 et
330 3035 376 3096 ita
401 3035 629 3116 processimus.
673 3033 826 3099 Vidimus
856 3045 974 3120 autem,
994 3035 1036 3099 ad
1056 3034 1231 3099 dexteram

55 3157 151 3215 mare
172 3137 339 3221 maguum,
361 3138 447 3221 qood
468 3156 532 3201 nco
553 3138 693 3203 vidimus
713 3157 734 3202 a
755 3140 822 3223 die,
845 3159 911 3224 qua
935 3140 978 3204 de
1000 3159 1039 3204 eo
1061 3159 1081 3202 a
1101 3140 1231 3220 Joppeu

57 3243 274 3326 recessimus,
302 3243 444 3307 vidimus
473 3244 568 3308 etiam
600 3250 736 3309 stratam
748 3243 758 3306 ’.
768 3245 945 3329 publicam,
973 3264 1055 3330 quse
1082 3244 1169 3310 ducit
1197 3243 1231 3304 io

56 3348 260 3432 Aegyptum,
285 3356 319 3410 et
342 3349 505 3415 civitatem
522 3345 714 3433 Bersabeae,
730 3350 827 3415 linem
848 3360 953 3415 terrae
977 3360 1123 3434 sanctae,
1144 3347 1232 3412 vidi·

57 3453 207 3517 musitio
226 3453 287 3517 die.
331 3439 468 3536 insuper
487 3463 593 3516 autem
616 3472 678 3518 uos
704 3455 844 3522 vidimus
872 3468 990 3522 terram
1013 3457 1175 3520 desertam
1197 3461 1230 3516 et

55 3560 266 3623 vastissimos
299 3567 425 3623 montes
431 3602 443 3641 ,
474 3566 703 3644 cortracum
731 3563 823 3645 quasi
855 3563 964 3646 pavidi
999 3543 1229 3646 processimus,

56 3666 137 3747 qula
157 3663 329 3730 videbator
350 3666 444 3729 uobis
465 3674 551 3729 terra
572 3666 745 3730 tenebrosa
766 3675 799 3730 et
820 3678 947 3732 montes
969 3667 1150 3752 caliginosi,
1166 3682 1231 3727 nou
1299 3674 1302 3683 ·

59 3769 192 3848 quidem
214 3789 257 3834 ex
270 3770 397 3835 nebulis
414 3779 470 3834 aut
485 3771 770 3854 vaporibus,‘sieut
788 3771 977 3856 plerumque
991 3772 1157 3854 contingit,
1171 3767 1231 3831 aeti
1368 3759 1371 3769 ¹

62 3887 105 3931 ex
130 3881 235 3934 terrae
262 3879 425 3940 vastitate.
469 3877 506 3937 in
528 3893 684 3958 processu
705 3877 860 3941 venimus
880 3878 914 3940 iu
935 3895 1082 3962 campum
1104 3873 1231 3937 arbori-

60 3973 125 4035 bus
146 3974 287 4039 dlversis
306 3987 339 4050 et
369 3980 495 4062 magnis
516 3979 693 4062 repletum,
731 3981 764 4042 in
787 3973 853 4065 quo*
872 3981 1013 4046 creditur
1033 3979 1148 4043 Helias
1169 3975 1230 4039 sub

59 4077 211 4161 junipero
232 4083 398 4162 quievisse
417 4093 450 4147 et
469 4085 683 4148 confortatum
700 4085 741 4148 ab
762 4086 878 4168 angelo
900 4087 1013 4168 luisse,
1034 4091 1073 4174 ut
1092 4082 1232 4147 habetur

60 4181 92 4246 3.
116 4183 200 4266 neg.
222 4185 310 4248 xlx.
333 4187 383 4250 lbi
402 4189 541 4250 stabant·
555 4166 748 4254 therebintbi
769 4190 871 4273 multi,
892 4193 926 4253 iu
947 4191 1001 4253 via
1022 4206 1100 4251 vero
1125 4185 1232 4249 stabat

62 4305 126 4350 una
145 4288 240 4351 arbor
261 4287 387 4374 densa,
402 4309 486 4388 qnos
510 4293 644 4357 florebat
665 4302 698 4357 et
719 4294 950 4358 suavissimum
979 4292 1110 4357 odorem
1134 4291 1231 4358 liores
