2926 5050
703 489 707 502 ·
729 461 753 523 6

157 649 265 732 quiete
285 647 320 710 in
341 646 430 709 cultu
441 639 583 724 Cereris,
598 641 720 706 Bacchi
741 649 774 705 et
794 641 945 706 Veneris.
967 641 1037 706 Sed
1057 639 1322 724 considerabant,

156 771 295 817 vacuum
315 768 392 814 esse
412 749 558 812 inertiam
578 749 707 830 sectari,
729 755 763 810 et
783 747 948 831 vitiosum,
968 745 1165 829 supradictis
1180 744 1323 808 animum

156 857 328 941 applicare.
372 852 497 916 Idcirco
516 853 673 916 rationem
702 851 912 915 consulentes
943 850 1071 914 ardenti
1094 847 1259 914 desiderio
1280 848 1322 914 ad

155 961 302 1026 militaris
327 957 496 1042 dignantis
516 959 650 1042 fastigia
670 975 709 1020 se
729 955 961 1038 extenderunt,
990 973 1055 1018 uon
1090 953 1323 1037 cujuscumque

155 1064 307 1146 militiae,
327 1062 388 1126 sed
416 1063 583 1128 nobilioris
604 1072 638 1126 et
657 1061 916 1142 excellentioris,
954 1061 1092 1142 quaein
1117 1061 1181 1126 lioc
1205 1057 1325 1122 mundo

157 1167 281 1252 acquiri
300 1176 416 1251 potest.
457 1167 502 1232 Et
522 1169 606 1232 haec
640 1175 692 1230 est
723 1165 836 1229 militia
864 1167 1063 1229 unctissimi
1094 1163 1247 1229 dominici
1267 1181 1324 1228 sc-

157 1274 300 1358 pulchri,
332 1275 475 1336 omnium
504 1273 690 1336 militiarum
717 1272 837 1352 optima
867 1279 901 1332 et
929 1267 1139 1332 nobilissima.
1190 1269 1233 1332 Et
1262 1269 1325 1332 hcc

158 1387 267 1463 potest
288 1377 399 1441 multis
426 1377 606 1440 rationibus
638 1375 885 1458 [demonstran]
909 1375 1078 1458 quaejam
1100 1377 1210 1439 stetim
1241 1375 1325 1439 sub·

156 1483 320 1566 jiciuntur.

241 1583 367 1666 Primo,
388 1583 465 1665 qnia
486 1580 601 1647 militia
618 1581 676 1645 ille
703 1591 756 1643 est
793 1581 952 1662 divinior,
975 1589 1087 1664 utpote
1106 1583 1140 1646 in
1160 1591 1237 1647 amu
1255 1584 1327 1646 vir·

164 1689 244 1752 tutis
274 1686 388 1749 latriae
410 1695 561 1770 eccepto:
597 1687 754 1770 accipitur
785 1686 870 1749 enim
893 1687 1042 1769 genubus
1071 1687 1167 1750 flexis
1195 1689 1229 1750 in
1251 1697 1327 1750 actu

163 1793 384 1876 venerationis
417 1791 523 1855 sancti
553 1789 735 1874 sepulchri,
762 1807 828 1852 uec
858 1791 1023 1856 iuvenitur
1050 1791 1168 1854 nubilis
1198 1791 1326 1874 aliquis,

160 1900 215 1981 qui
237 1896 341 1978 dicat,
372 1913 411 1958 se
441 1904 571 1978 propter
596 1896 740 1958 militiam
764 1893 982 1978 principaliter
1002 1896 1035 1956 iu
1056 1895 1240 1960 Jerusalem
1260 1915 1324 1958 vc-

161 2004 247 2084 uirc,
269 2001 328 2066 sed
350 1997 567 2083 principaliter
598 2011 728 2083 propter
748 1999 991 2062 venerationem
1023 1999 1167 2063 locorum
1198 1999 1327 2062 redem-

160 2105 260 2170 tionis
280 2113 420 2188 nostrae,
435 2107 491 2189 qui
511 2113 604 2167 actus
621 2105 662 2168 ad
678 2105 814 2179 latriam,
835 2101 978 2166 divinam
997 2103 1159 2185 virtutem,
1178 2107 1325 2186 pertinet.

159 2209 281 2276 Dicunt
303 2212 406 2294 enim,
439 2215 474 2274 et
495 2209 724 2293 frequentare
750 2207 906 2271 militibus
937 2205 1064 2290 audivi,
1091 2207 1177 2291 quod
1204 2211 1235 2272 si
1255 2209 1329 2272 loca

160 2327 275 2382 salicta
298 2317 332 2380 iu
352 2316 536 2380 Jerusalem
569 2335 633 2378 uon
667 2323 795 2396 ment,
829 2330 1021 2394 numquam,
1052 2315 1153 2376 ctiam
1184 2317 1214 2378 si
1241 2313 1328 2376 mille
1379 2325 1382 2330 ·

160 2422 291 2485 militias
309 2422 455 2502 accipere
476 2421 521 2485 ibi
542 2426 694 2502 possent,
716 2437 805 2482 marc
823 2417 1016 2499 transirent3
1036 2417 1097 2482 scd
1118 2417 1192 2481 loca
1212 2426 1327 2482 sauma

160 2523 237 2588 illos
259 2531 407 2604 movent,
427 2521 500 2584 ideo
521 2523 660 2585 divinior
681 2532 732 2584 est
753 2523 835 2584 haec
856 2520 984 2605 militia,
1007 2539 1102 2604 quam
1121 2522 1213 2584 aliae

246 2628 286 2688 11.
309 2627 403 2689 llaec
423 2624 538 2688 militia
558 2633 611 2686 cst
632 2629 791 2710 sanctior,
813 2627 890 2710 quia
909 2626 943 2688 in
963 2627 1116 2689 numicri
1136 2627 1209 2690 loco
1229 2627 1329 2692 totins

165 2729 275 2794 mundi
315 2729 498 2811 confertur,
528 2729 590 2794 hcc
621 2731 656 2792 in
696 2728 768 2794 loco
802 2731 1047 2794 resurrectionis
1077 2731 1207 2796 Domini
1244 2733 1328 2796 Jesn

164 2831 297 2898 Christi.

247 2937 304 3000 lli.
326 2933 443 2999 Militia
464 2935 546 3000 haec
567 2945 618 3000 eat
638 2936 848 3021 spiritualior,
866 2938 943 3020 quia
969 2959 1034 3002 non
1073 2940 1239 3002 confertur
1266 2940 1330 3003 nisi

165 3042 311 3108 contritis
341 3045 376 3103 et
408 3042 570 3108 confessis
603 3052 636 3106 et
657 3041 873 3106 eucharistiae
904 3051 1108 3108 sacramento
1143 3044 1274 3108 munitis
1295 3046 1329 3106 iu

164 3146 236 3210 loco
257 3145 414 3230 spirituali
435 3169 453 3212 a
473 3144 785 3234 personassSdA)
806 3147 967 3231 spirituali
985 3156 1018 3210 et
1036 3151 1186 3212 aFratre
1206 3147 1328 3212 humili

251 3251 308 3316 1v.
334 3251 396 3318 Est
425 3256 615 3336 virtuosior,
646 3257 723 3338 quia
755 3254 867 3318 militia
896 3253 980 3316 haec
1006 3271 1072 3316 non
1101 3261 1153 3316 est
1184 3252 1332 3316 admixta

164 3355 264 3422 vitiis.
307 3356 401 3422 Aliae
423 3361 508 3424 euim
529 3359 661 3424 militiae
679 3359 801 3422 habent
821 3358 1084 3438 aemulationem,
1113 3358 1210 3438 iram,
1240 3357 1335 3420 invi-

166 3460 261 3546 diam,
282 3460 465 3543 superbiam
488 3473 522 3528 et
538 3463 631 3547 plura
649 3462 714 3524 alia
734 3461 813 3524 vitia
834 3480 982 3545 annexa3
1003 3464 1087 3528 haec
1103 3471 1210 3524 autem
1223 3477 1330 3542 quart-

165 3573 231 3630 tum
255 3570 307 3628 est
329 3565 363 3628 in
384 3580 438 3644 sc,
459 3567 529 3625 tota
551 3573 602 3626 est
623 3566 781 3628 virtuosa.

248 3669 291 3734 V.
314 3671 407 3732 Haec
429 3665 543 3732 militia
560 3675 613 3732 est
633 3659 811 3740 decentior.
853 3669 960 3735 Valde
980 3673 1099 3756 quippe
1118 3669 1203 3732 bene
1223 3667 1330 3749 dccet,

166 3783 203 3838 ut
224 3771 448 3854 christianus,
490 3770 581 3834 miles
620 3789 696 3838 csse
712 3773 860 3864 voleus,
892 3777 926 3844 iu
955 3776 1012 3841 illo
1042 3793 1158 3857 cumpo
1186 3773 1329 3838 militiam

167 3878 324 3960 accipiat,
356 3878 390 3940 iu
417 3894 482 3962 quo
509 3895 568 3942 rox
600 3893 681 3942 suus
709 3886 824 3942 contra
854 3882 1114 3964 potentissimum
1136 3877 1326 3962 praevaluit.

165 3979 247 4043 Ilico
270 3989 375 4044 antem
398 3997 508 4064 regem
535 3990 679 4046 nostrum
712 3980 894 4068 Christum,
926 3993 960 4048 et
980 4001 1130 4064 campum
1165 3979 1332 4063 Golgatlra

166 4081 289 4165 locum,
311 4083 345 4146 in
371 4101 434 4166 quo
457 4081 616 4150 diabolum
637 4088 820 4169 prostravit.

250 4185 308 4250 Vl.
332 4185 449 4252 Militia
470 4187 551 4254 hacc
580 4191 685 4256 eructi
717 4191 880 4275 sepulchri
911 4192 1020 4275 purior
1039 4201 1090 4255 cst
1116 4199 1149 4254 et
1169 4187 1331 4268 mundior,

166 4301 199 4354 et
225 4291 443 4376 innocentior,
464 4292 552 4358 uutto
573 4291 658 4360 enim
675 4294 815 4360 humano
845 4295 1006 4378 surgutru
1035 4296 1221 4378 inquinatur
1248 4293 1333 4356 sicut

166 4394 266 4478 aliae,
288 4411 372 4479 quae
392 4403 427 4460 nt
456 4398 666 4464 communiter
686 4407 763 4464 suut
791 4395 1086 4480 immundissimae,
1109 4399 1185 4482 quia
1202 4397 1331 4462 derrtun

168 4497 296 4579 quando
317 4497 452 4582 grandis
474 4501 576 4566 instet
596 4501 764 4582 swguinis
786 4498 904 4565 cllnsio
924 4498 1064 4595 humani.
1107 4501 1151 4564 lit
1173 4499 1259 4584 quod
1280 4501 1334 4565 tris
