2948 4876
204 429 302 492 etiam
330 425 449 489 civitas
479 433 594 488 sanem
621 423 735 488 decem
766 425 861 488 annus
882 426 915 489 in
946 423 1145 491 desolatione
1176 429 1213 486 et
1235 424 1407 504 miseria,

204 530 264 600 sed
285 529 459 596 Heraclius
485 549 557 592 eam
589 529 778 593 reformavit
818 539 851 611 et
872 528 1185 614 Constantinopolim
1219 529 1337 594 rediit
1371 539 1406 590 ct

204 638 355 701 vitiosam
377 636 478 698 vitam
501 633 620 697 ducere
640 635 755 716 coepit.

287 741 336 802 Eo
358 747 503 821 tempore
522 739 767 820 hlachometus,
789 737 935 802 diaholus
955 739 1152 820 incarnatus,
1175 739 1402 821 primogeni-

204 843 452 926 tennemonn,
479 843 566 908 iilius
595 843 721 926 Belial,
747 845 892 906 nuntius⁴
908 843 1068 926 Satanae,
1101 843 1260 924 deceptor
1287 845 1400 924 crhis,

204 951 353 1015 mnmsto
385 947 511 1031 mundi,
543 946 728 1012 destructor
758 948 920 1010 ecclesiae
950 949 1012 1010 liei
1019 993 1030 1032 ,
1070 949 1231 1030 propheta
1261 947 1399 1022 falsus,

204 1073 398 1141 praecursor
418 1051 611 1116 Antichristi
640 1060 674 1115 et
694 1053 938 1135 Antichristus,
968 1053 1241 1136 complementum
1262 1053 1398 1115 haere-

204 1163 307 1242 sium,
341 1165 511 1239 corruptor
543 1157 724 1220 divinarum
757 1157 884 1240 legum,
918 1165 1108 1240 persecutor
1147 1154 1305 1218 fidelium
1357 1175 1397 1218 ac

205 1267 306 1329 totius
339 1263 493 1325 falsitatis
521 1261 715 1344 prodigium,
747 1264 914 1324 vesaniam
944 1281 1040 1326 snam
1070 1268 1239 1326 ostentare
1263 1265 1394 1343 coepit,

204 1377 242 1433 ut
262 1365 477 1448 compleretur
496 1363 712 1428 lamentabilis
734 1367 902 1448 prophetia
924 1365 965 1428 de
986 1385 1040 1449 eo,
1063 1365 1201 1449 Apocal.
1225 1365 1283 1434 ta
1309 1385 1394 1447 pro-

205 1475 367 1552 nuntiata,
390 1471 467 1551 quia
487 1469 560 1551 ipse
580 1477 649 1530 erat
680 1471 785 1532 hestia
815 1471 872 1534 illa
903 1470 1064 1534 horribilis
1095 1479 1128 1532 et
1157 1469 1391 1549 detestabilis,

205 1595 300 1661 qnam
321 1574 490 1640 Johannes
511 1572 593 1636 vidit
615 1575 795 1640 ascendere
831 1575 873 1640 de
894 1585 980 1638 terra
1012 1576 1188 1639 habentem
1212 1573 1284 1637 duc
1308 1563 1390 1637 cor·

204 1698 271 1744 uua
292 1688 353 1742 etc.
402 1676 490 1741 Vide
521 1679 755 1760 expositionem
789 1682 823 1744 in
856 1679 976 1744 Chrcn.
1026 1680 1183 1742 Antonini
1222 1678 1324 1742 Part.
1340 1755 1342 1760 ι
1360 1681 1385 1742 1.

205 1787 269 1854 nn.
299 1785 358 1849 vr.
392 1801 463 1864 cap.
494 1783 523 1846 r.
547 1777 581 1867 §-
615 1783 663 1848 ιο.
715 1785 775 1847 nn
812 1787 898 1848 mara
938 1785 1043 1849 aestu
1082 1782 1261 1846 euteria:
1303 1801 1386 1845 sae
1435 1759 1436 1776 ¹

94 1916 99 1924 ·
205 1893 317 1956 niente
339 1887 458 1952 multae
485 1887 683 1951 christianae
715 1893 866 1974 regu'ones
887 1901 920 1953 et
949 1907 1050 1972 regna
1070 1891 1104 1951 in
1126 1895 1251 1970 partem
1286 1905 1382 1950 suam

142 1986 146 1994 ¹
206 1995 375 2060 cadchant.
419 1989 515 2069 Quod
535 1993 652 2055 videns
684 1995 857 2069 Heraclius
895 1997 1016 2076 timuit,
1049 2013 1091 2056 ne
1119 1993 1296 2073 ingressus
1317 1994 1381 2054 Je-

206 2103 400 2186 rosolymam
428 2097 583 2180 templum
619 2099 769 2162 dominici
803 2099 966 2182 sepulchri
998 2099 1180 2161 destrueret
1225 2105 1259 2159 et
1288 2099 1379 2160 cruci

206 2214 341 2269 sanctae
372 2203 632 2266 irreverentiam.
647 2204 831 2286 exhiheret3
861 2205 1030 2286 praevenit
1057 2203 1308 2268 Machometum
1347 2211 1377 2263 et

205 2309 278 2372 tulit
300 2317 446 2370 sanctam
468 2325 598 2370 crucem
621 2315 653 2368 et
674 2327 824 2392 quaeque
839 2319 954 2371 sancta
980 2319 1012 2371 et
1033 2309 1174 2391 pretiosa
1195 2305 1239 2368 de
1253 2307 1375 2388 templo

206 2412 437 2494 trartstulitque
457 2430 496 2474 ea
529 2411 843 2495 Constantinopolim
850 2458 861 2496 ‚
888 2415 964 2496 qnia
991 2411 1184 2495 desperabat
1213 2429 1253 2474 se
1274 2429 1374 2492 posse

206 2517 360 2578 resistere
392 2515 607 2577 Machameto.
648 2516 709 2582 llla
737 2508 951 2581 'transiman'o
984 2526 1118 2581 sanctae
1148 2516 1258 2579 crucis
1285 2517 1373 2579 facta

207 2621 267 2682 tuit
286 2637 370 2682 anno
392 2604 523 2680 Domini
541 2619 616 2682 623.

284 2723 414 2786 Mortuo
436 2723 615 2805 posthaec
639 2725 844 2788 Machameto
866 2726 979 2789 tertius
1001 2724 1073 2807 ejus
1103 2741 1278 2788 successor
1297 2728 1370 2790 lla-

205 2847 292 2912 mor,
331 2827 419 2892 iilius
451 2827 594 2912 (liuhap,
634 2831 798 2892 civitatem
832 2831 1015 2894 Jerusalem
1059 2831 1145 2913 cepit
1176 2849 1261 2893 anno
1298 2832 1369 2894 Do-

206 2935 284 2998 mini
310 2933 388 3005 634.
422 2936 508 2998 etin
530 2952 570 2994 ee
597 2935 731 2996 civitate
761 2935 943 2998 aedificavit
985 2937 1150 3018 ingentem
1183 2936 1367 2998 musonem

205 3059 263 3122 pro
288 3039 479 3105 sarracenis
501 3047 532 3102 et
553 3039 812 3116 Machometistis
834 3040 867 3102 in
889 3040 971 3122 loco,
996 3041 1052 3102 uhi
1063 3047 1197 3102 steterat
1216 3039 1366 3122 templum

205 3143 405 3226 Salomonis,
442 3145 482 3207 de
511 3163 575 3226 quo
607 3143 674 3206 dixi
706 3161 805 3226 snpra
837 3145 891 3208 iol.
920 3145 993 3208 256.
1036 3143 1122 3206 Nam
1154 3145 1189 3206 in
1218 3145 1366 3225 captione

203 3246 293 3308 urhis
314 3247 501 3309 intendebat
528 3248 680 3331 templum
703 3249 808 3310 saneti
828 3248 992 3332 sepulchri
1013 3249 1228 3312 mammarium
1261 3247 1366 3312 iacere

204 3348 303 3429 idque
333 3366 391 3430 pro
414 3341 665 3416 sarracenorum
687 3351 776 3414 cultu
806 3362 916 3435 aptare
923 3398 934 3436 ,
956 3353 1016 3416 aed
1038 3354 1112 3418 dum
1141 3352 1294 3434 templum
1313 3354 1364 3416 in·

203 3451 526 3534 pretereuntium
549 3457 686 3538 quadam
708 3457 833 3520 virtute
854 3458 1043 3540 perterritus
1065 3457 1189 3522 destitit
1210 3475 1229 3519 a
1248 3477 1362 3540 propc-

203 3555 281 3636 sitc,
303 3553 412 3636 (26⁵7
424 3557 476 3636 Δ)
509 3568 543 3622 et
573 3562 653 3625 ratis
675 3563 815 3644 benigne
835 3581 875 3626 se
897 3564 939 3626 ad
960 3562 1163 3630 Christianos
1184 3563 1310 3646 hahuit,
1329 3573 1361 3626 et

202 3659 265 3723 hoc
295 3669 425 3742 propter
454 3662 636 3746 Sempronii
672 3669 818 3751 episcopi
851 3669 1108 3732 Christianorum
1130 3669 1297 3751 pietatem,
1329 3677 1359 3730 et

202 3773 370 3828 mansueto
393 3765 464 3849 ejus
484 3770 620 3832 consilio
640 3771 790 3834 utebatur
813 3773 847 3834 in
872 3773 985 3856 templi
1004 3773 1080 3836 novi
1114 3775 1354 3836 constructione.

200 3867 253 3931 Ex
273 3867 324 3930 his
346 3861 451 3954 patet,
484 3873 569 3955 quod
593 3875 746 3956 templum
780 3875 932 3939 dominici
962 3877 1126 3958 sepulchri
1158 3877 1306 3940 trecentis
1327 3887 1356 3940 et

201 3977 339 4056 quatuor
359 3976 454 4038 annia
474 3979 565 4041 stetit
587 3989 662 4042 arne
683 3981 852 4063 templum,
874 3959 962 4063 qnod
985 3980 1355 4046 nominantSalomonis.

200 4077 354 4142 Permisit
376 4095 455 4162 ergo
478 4083 601 4144 Hamor
622 4083 890 4175 illeChristianos
912 4083 946 4148 in
971 4103 1031 4148 suo
1053 4085 1175 4167 temple
1200 4086 1270 4149 lieo
1290 4103 1356 4150 ser·

199 4183 280 4266 ntra,
295 4191 328 4247 et
339 4179 540 4250 Sarracenos
561 4188 670 4270 coegit
691 4173 732 4252 in¹
747 4189 810 4252 alio
830 4189 949 4271 templo
962 4187 1203 4254 Machometnm
1224 4189 1353 4254 laudare.

198 4283 350 4354 Nondum
365 4292 449 4356 enim
465 4299 534 4358 erat
555 4295 694 4377 populns
711 4294 842 4376 gentilis
852 4293 1052 4360 Machometi
1069 4285 1184 4374 ritihus
1203 4303 1353 4379 amem,
