2954 4914
742 259 805 326 tat

194 447 366 532 religiosis.
391 441 428 507 Si
450 443 557 527 placet
578 439 712 524 pulchra
732 439 773 504 de
794 437 970 522 praeclaris
985 439 1153 522 gentilium
1176 440 1379 506 mulieribus

196 553 321 636 legere,
340 548 405 614 vid.
449 549 635 630 Hieronym.
667 547 700 609 in
732 545 871 628 epistula
892 543 933 608 ad
957 545 1162 630 Gsrnntiam,
1194 565 1280 630 qnae
1303 549 1378 610 ha..

195 652 703 722 hetanol.11.tth.s't'raet.
727 649 757 712 ⁷.
781 649 836 712 lul.
861 650 933 714 tat.
975 646 1080 712 Sexta
1101 649 1169 734 die,
1203 671 1290 736 quae
1313 661 1375 717 est

197 759 488 844 transfigurationis
497 758 637 840 Domini,
664 759 698 820 in
720 773 834 820 aurora
856 753 1066 816 convenimus
1087 756 1120 817 iu
1143 757 1374 841 monteSyon,

196 866 302 930 media
323 874 430 928 autem
458 881 534 948 pars
556 864 689 926 fratrom
710 860 829 922 montis
848 857 940 941 Sycn
962 857 1176 924 asconderunt
1196 863 1373 930 nobiseum

198 971 233 1036 in
253 977 396 1037 montem
417 967 538 1032 Oliveti
552 977 585 1030 et
606 965 778 1030 ecclesiam
801 965 1003 1028 ascensionis
1025 963 1166 1049 Domini,
1187 985 1261 1030 cnm
1279 968 1373 1032 cali-

197 1079 290 1142 eihns
319 1084 353 1139 et
374 1071 587 1158 paramentis,
609 1078 643 1132 et
664 1069 706 1133 ihi
729 1068 907 1131 solenniter
938 1069 1074 1132 Missam
1098 1069 1301 1136 cantavimus
1325 1073 1372 1136 de

197 1181 482 1264 transfiguratione
502 1174 642 1256 Domini,
665 1193 705 1237 ae
720 1175 749 1238 si
772 1173 947 1236 fuissemus
968 1173 1036 1250 (iu)
1057 1175 1193 1239 'l'hahoa
1216 1176 1371 1240 Aderant

196 1296 302 1351 autem
314 1281 432 1348 Officio
454 1289 564 1343 nostro
587 1275 679 1342 multi
689 1277 866 1342 Christiani
883 1279 1067 1363 orientales,
1085 1279 1158 1358 (D)
1179 1283 1256 1363 quia
1277 1281 1368 1346 diem

195 1387 486 1470 transfigurationis
495 1385 627 1448 Domini
650 1387 735 1448 iuter
750 1385 908 1446 maximas
930 1384 1141 1447 solennitates
1156 1394 1365 1448 venerantur.

196 1493 290 1559 Unde
311 1491 405 1574 qnasi
427 1473 539 1553 omnes
568 1489 727 1552 ecelesias
755 1505 835 1550 suas
865 1496 1060 1552 consecrant
1081 1489 1115 1552 in
1149 1490 1302 1553 honorem
1327 1487 1386 1554 S.·

196 1599 355 1682 Sophiae,
376 1598 396 1659 i.
420 1615 448 1658 e.
472 1591 759 1677 transfigurationis
782 1591 920 1654 Domini.
963 1593 1006 1656 Et
1037 1594 1122 1656 siout
1143 1610 1204 1656 nos
1228 1592 1365 1676 depingi

198 1703 335 1769 issimus
355 1702 389 1764 iu
411 1697 562 1762 eeclesiis
584 1695 925 1778 nostrisCrueiflxum,
945 1705 981 1759 et·
1000 1706 1175 1762 extremum
1195 1697 1365 1780 judicium,

197 1809 247 1870 sic
265 1807 299 1868 in
322 1804 470 1868 ecclesiis
489 1803 689 1868 orientalium
707 1801 892 1884 principalis
915 1801 1040 1884 pictura
1060 1812 1113 1866 est
1124 1801 1364 1883 transfiguratio

197 1912 327 1976 Domini
345 1928 419 1973 carm
429 1909 548 1991 Moyse
570 1918 602 1971 et
612 1907 718 1990 Halia,
741 1913 775 1968 et
795 1906 897 1968 trihus
918 1907 1073 1988 apostolis
1093 1907 1228 1970 interra
1244 1907 1364 1989 jacen-

196 2017 300 2081 tibus'
332 2015 452 2078 ltinttte
484 2013 599 2077 Missis
627 2011 832 2076 circuivimus
858 2011 962 2092 ipsam
991 2009 1177 2096 ecelesiam,
1209 2017 1243 2073 et
1263 2027 1364 2092 supra

196 2125 300 2207 ipsam
321 2127 441 2206 quanto
468 2128 651 2202 poteramus
671 2116 877 2198 ascendimus
899 2114 940 2178 ad
961 2115 1299 2200 circumspiciendum
1321 2115 1364 2178 de

198 2249 239 2292 ea
262 2229 348 2292 enim
370 2232 422 2288 est
443 2232 613 2306 respectus
633 2225 666 2284 in
688 2239 776 2286 mare
797 2228 954 2282 mortuum
984 2227 1016 2280 et
1036 2219 1133 2300 longe
1153 2219 1283 2302 lateque
1304 2239 1363 2301 per

199 2341 317 2394 terram
354 2335 509 2390 sanctam.
544 2313 643 2389 Porro
671 2326 705 2386 in
726 2327 799 2408 ipsa
821 2323 961 2388 ecclesis
981 2329 1069 2386 stant
1091 2323 1259 2386 columnae
1274 2323 1362 2386 tuar-

199 2448 329 2498 moreae
350 2431 480 2511 politae,
500 2431 583 2492 inter
605 2445 686 2512 quas
708 2437 761 2492 est
782 2447 860 2505 utra,
883 2447 978 2511 quam
999 2428 1171 2492 orientales
1184 2426 1360 2491 Christiani

198 2537 338 2604 brachiis
365 2533 701 2615 circumplexahantur
721 2553 794 2598 cum
816 2537 901 2615 risu,
925 2537 957 2595 s't
990 2551 1103 2597 cunnos
1124 2523 1309 2615 tentabant,
1331 2536 1361 2596 si

198 2643 309 2725 digitis
330 2641 425 2703 nnius
447 2655 561 2700 manus
583 2639 770 2721 contingere
791 2646 925 2721 possent
942 2635 1061 2720 digitos
1083 2655 1196 2701 marrus
1218 2639 1360 2707 alterius.

197 2748 273 2812 Nisi
295 2744 379 2809 enim
401 2745 495 2808 homo
517 2744 633 2808 haheat
654 2745 817 2827 longiores
839 2740 977 2824 digitos,
1009 2761 1073 2806 non
1095 2751 1202 2825 potest
1232 2760 1358 2806 manum

197 2871 295 2918 manu
327 2848 548 2942 amplexando
576 2857 728 2932 tangere,
760 2855 873 2931 putant
913 2854 1020 2910 autem
1053 2847 1100 2910 illi
1141 2849 1360 2930 superstitiosi
1422 2825 1427 2844 ⁹

199 2957 390 3041 orientales,
410 2955 496 3038 qnod
517 2948 589 3039 ille,
612 2954 720 3040 quiid
742 2955 852 3017 iacere
872 2961 995 3035 potest,
1027 2953 1071 3016 sit
1092 2952 1196 3034 magis
1215 2952 1360 3014 fortuna-

197 3074 267 3150 tus,
301 3073 334 3128 et
355 3060 440 3147 quod
461 3061 504 3126 sit
534 3062 663 3144 signnm
685 3059 851 3143 enjusdam
882 3058 992 3140 magui
1022 3057 1106 3120 honi.
1148 3056 1212 3120 Diu
1232 3058 1307 3119 steti
1326 3057 1358 3120 in

198 3171 269 3234 loeo
306 3177 340 3231 et
373 3187 481 3231 eorum
513 3165 702 3248 phantasias
733 3161 947 3228 consideravi.
990 3163 1072 3226 Post
1097 3179 1154 3226 eos
1177 3163 1272 3224 etiam
1288 3179 1358 3227 „nos

197 3273 419 3338 occidentales
436 3269 577 3352 jocando
597 3270 750 3350 lusimus,
783 3275 1006 3337 mensurantes
1027 3267 1223 3348 columnam,
1255 3274 1287 3328 et
1308 3265 1357 3328 di-

198 3383 287 3440 recte
307 3375 396 3456 potui
418 3375 638 3436 extremitates
669 3371 847 3452 longiorum
872 3369 1006 3434 duorum
1028 3369 1196 3454 digitorum
1223 3369 1357 3452 conjun-

196 3497 286 3562 gere,
310 3497 381 3540 cum
404 3476 479 3540 iorti
497 3486 604 3538 tamen
626 3459 795 3556 complexu
815 3484 846 3538 et
865 3493 1027 3557 pressura.
1070 3476 1122 3540 De
1142 3477 1198 3539 illa
1220 3476 1356 3539 ecclesis

199 3581 274 3646 vide
296 3581 349 3644 iol.
375 3582 436 3644 tts
459 3579 501 3642 Α.

278 3686 358 3749 Post
379 3685 460 3748 haec
479 3685 669 3768 gyravimus
684 3692 822 3746 montem
839 3693 989 3750 sanctum
1005 3694 1036 3748 et
1058 3685 1130 3748 loca
1154 3686 1225 3767 eius
1246 3691 1356 3747 sancta

197 3791 420 3871 visitavimus,
452 3798 485 3854 et
513 3791 653 3872 ingressi
682 3787 792 3852 urhem
821 3809 880 3871 per
911 3799 1033 3872 portam
1066 3789 1101 3853 S.
1136 3789 1294 3872 Stephani
1316 3786 1355 3850 sd

197 3893 325 3956 domum
347 3893 442 3958 Pilati
464 3893 713 3976 deosculandam
744 3897 952 3964 accessimus.
997 3895 1080 3957 Dum
1102 3903 1209 3960 sutem
1231 3891 1353 3956 intelle-

196 3997 379 4081 xissemus,
399 4005 568 4080 patronum
590 3996 703 4062 domus
728 4019 792 4064 non
813 4017 888 4064 esse
908 4003 943 4063 iu
964 4000 1115 4082 civitate,
1147 4000 1354 4082 pulsavimus,

196 4109 229 4164 et
247 4102 424 4165 intromissi
441 4120 499 4184 per
514 4100 585 4184 ejus
604 4101 688 4168 illies
704 4105 810 4168 locum
831 4106 976 4186 martyrii
999 4103 1123 4168 Christi
1142 4103 1354 4168 visitavimus.
1457 4099 1458 4110 ’

197 4205 234 4271 Si
255 4209 340 4271 enim
361 4223 518 4290 praesens
543 4205 637 4270 horno
659 4207 792 4291 suisset,
813 4226 1015 4292 nequaquam
1038 4225 1098 4272 uos
1119 4207 1353 4286 intromisisset,

197 4319 229 4373 et
250 4308 291 4374 ad
312 4311 376 4376 hoe
406 4331 467 4376 neo
488 4327 664 4395 presence
692 4313 794 4394 pretio
817 4309 924 4374 iudaei
946 4320 1082 4393 poterat.
1125 4313 1230 4376 Piliae
1251 4322 1352 4374 tamen
