2896 4872
48 401 100 455 et
137 389 405 474 'templariorum
438 387 545 452 virtus
576 388 705 458 enituit.
747 389 786 452 ln
825 405 865 452 eo
906 390 1004 454 etism
1040 385 1263 452 momontum

52 495 215 579 proelio
236 503 350 558 omnes
371 491 496 562 nobiles
517 500 550 554 et
577 491 641 554 viri
662 491 762 554 fortes
780 490 978 575 cocidcnmt,
999 492 1116 558 demtis
1135 493 1262 577 paucis,

53 602 136 684 qui
167 601 254 683 capti
276 608 352 664 sunt
376 612 453 662 cnm·
470 615 548 677 rega
564 602 599 657 et
616 595 774 678 magistro
797 595 915 677 templi.
961 597 1048 660 Dicit
1067 598 1262 664 Vincentius
1359 603 1362 610 ’

58 707 106 767 in
123 704 233 787 Speo.
246 705 367 768 Hister.
379 704 418 766 11.
429 702 474 767 30
485 699 523 764 C.
535 701 597 782 43,
620 700 704 783 quod
717 701 757 762 ab
774 716 815 762 eo
827 698 882 762 alie
900 702 1106 782 'captivitatis
1126 711 1263 768 sanctae

60 811 200 873 crucis
231 809 385 891 infantes,
407 809 464 890 qni
484 812 601 888 posteo
622 807 690 869 nati
712 812 799 886 sunt,
818 821 883 866 non
900 804 1130 870 nisiwvellli
1145 805 1262 874 alentes

63 916 242 996 habeant,
275 932 349 977 cum
378 922 474 975 antea
497 911 542 976 30
573 909 628 973 vel
658 909 703 974 33
735 909 856 975 bebere
886 907 1044 972 solebant.
1087 908 1262 978 saladinus

6 1081 7 1096 ,
64 1027 202 1082 autem
223 1028 298 1101 post
322 1018 490 1081 victoriam
512 1015 671 1078 fortunam
690 1032 783 1076 suam
814 1019 950 1076 secutus
979 1013 1135 1078 victorem
1164 1033 1264 1080 exer-

66 1127 191 1187 citum
224 1123 266 1187 ad
299 1118 536 1204 expugnandas
567 1117 823 1182 Christianorum
856 1117 955 1210 urbes
993 1126 1092 1201 atquo
1127 1120 1265 1186 castolla

6 1275 7 1312 ,
67 1228 232 1292 adduxit
250 1235 283 1290 et
317 1227 476 1290 maritima
507 1224 579 1288 toea
600 1225 771 1313 occupavit
798 1233 834 1314 et
863 1223 966 1304 primo
992 1224 1133 1288 omnium
1154 1225 1265 1290 Ptole-

70 1333 253 1415 maidem3
277 1330 394 1396 deiude
419 1331 571 1412 Berytnm
596 1338 630 1390 et
652 1327 853 1405 omnia¹alia
884 1327 958 1390 loca
977 1329 1193 1393 munitissima
1221 1329 1264 1394 ad

6 1485 8 1522 ,
74 1439 288 1502 deditionem
311 1436 481 1519 compulit,
511 1451 573 1496 nec
604 1433 743 1516 aliquam
782 1434 951 1529 gravayit,
984 1451 1069 1518 quae
1099 1435 1161 1498 sub
1191 1434 1264 1518 ejus
1364 1445 1367 1452 ’

73 1544 215 1606 ditione
236 1551 269 1606 et
291 1543 408 1606 tributo
430 1558 561 1602 manere
583 1538 762 1621 voluisset,
784 1555 845 1600 nec
865 1538 925 1600 init
939 1540 994 1603 ‚ab
1018 1540 1133 1603 Accon
1158 1521 1265 1623 usque

6 1667 31 1722 p*
76 1649 128 1711 ad
153 1648 353 1711 Ascalonem
375 1647 484 1729 atiquo
504 1643 633 1726 civitas,
656 1661 740 1739 puae
763 1660 844 1706 ansa
866 1643 984 1710 fument
1015 1646 1178 1727 resistere,
1207 1653 1286 1708 ut-·

76 1761 167 1836 pote
191 1750 232 1814 de
253 1754 324 1816 suis
346 1751 572 1816 defensoribus
598 1746 783 1810 destitutae.
825 1743 1038 1813 Ascalonitae
1064 1759 1192 1830 autem,
1223 1769 1264 1814 eo

79 1856 180 1939 quod
214 1855 496 1939 inexpugnabilem
538 1851 713 1920 credebant
747 1870 856 1914 eorum
880 1853 1079 1936 civitatem,
1110 1855 1263 1938 impetum

80 1961 239 2022 Sataoini
261 1960 429 2043 paulisper
460 1956 666 2026 retardantes
705 1957 817 2018 urbem
850 1956 896 2019 illi
929 1958 1056 2020 tradere
1081 1951 1263 2042 noluerunt,

6 2045 7 2074 ³
82 2073 308 2145 asserentes,
365 2062 453 2125 nulla
495 2061 620 2126 ratione
673 2077 711 2122 se
747 2062 911 2126 civitatem
961 2063 1128 2146 resignare
1175 2063 1264 2127 velie

84 2169 199 2232 donec
234 2171 355 2232 scirent
391 2187 449 2249 pro
490 2173 602 2247 certo,
646 2165 676 2226 si
716 2164 983 2248 Jerosolyrnitani
1025 2170 1116 2230 cives
1151 2186 1263 2233 eorum

6 2249 7 2266 ἵ
84 2277 203 2337 urbam
232 2275 282 2336 sic
309 2273 521 2354 resignarent.
565 2267 639 2347 Quo
673 2268 779 2331 auoim
801 2270 975 2333 Saiadinns
1005 2274 1139 2335 civitate
1173 2273 1264 2336 obsi·

85 2378 189 2440 dione
225 2379 348 2442 vallata
379 2378 492 2440 diebus
513 2377 546 2439 Χ
578 2374 741 2438 continuis
762 2377 1028 2459 aggressionibus
1049 2379 1262 2461 impugnavit,

85 2482 150 2544 sed
172 2483 251 2546 nihil
273 2483 528 2564 efficerepotnit,
548 2487 616 2541 erat
638 2479 723 2540 onim
740 2479 885 2544 Ascalon
903 2484 1022 2548 civitas
1033 2483 1259 2563 munitissime,

86 2596 186 2670 qnam
208 2583 398 2650 (iotbiridns
414 2589 536 2676 primns
558 2603 617 2648 rex
636 2583 819 2648 Jerusalem
841 2589 938 2670 oepit,
959 2588 1046 2650 siout
1066 2587 1188 2650 dicturo
1208 2595 1261 2650 est

89 2690 229 2767 fomis.
273 2690 378 2773 (iujos
386 2693 540 2754 memoria
559 2690 695 2754 habetur
717 2690 751 2752 in
772 2692 1007 2775 antiquissimis
1019 2709 1136 2780 saepae
1151 2695 1262 2776 scrip-

89 2806 185 2860 tuns
205 2795 305 2878 libris,
327 2804 362 2858 nt
383 2804 483 2877 patet.

96 3024 284 3120 Quomodo
308 3033 416 3128 capta
440 3021 499 3101 cst
526 3026 735 3102 Jerusalem
763 3027 892 3103 civitas
918 3029 962 3108 ab
990 3027 1196 3105 infidelibus
1220 3036 1260 3104 et
1343 2997 1351 3009 ,

523 3145 653 3245 quibus
677 3147 826 3223 meritis·
895 3151 899 3158 '
960 3245 962 3252 y

175 3330 349 3394 Salarlinns
381 3337 488 3392 autem
519 3329 655 3407 videns,
685 3330 771 3415 qnod
798 3329 929 3394 domare
957 3332 1153 3396 Ascalonem
1192 3350 1258 3396 nou

97 3445 203 3521 posset
240 3437 303 3499 nisi
343 3443 441 3518 cepte
475 3434 683 3519 Jercsclyroa
719 3437 855 3500 civitate
888 3445 1019 3522 necta,
1056 3437 1257 3501 obsidionem
1286 3418 1289 3424 ¹

97 3541 264 3630 Asmlonis
285 3541 384 3605 solvit
404 3551 437 3609 et
458 3559 531 3604 cum
554 3541 640 3604 omni
662 3550 820 3624 apparatu
850 3541 966 3605 bellico
993 3543 1026 3604 in
1055 3542 1258 3608 multitudino

100 3648 186 3728 gauri
206 3648 358 3712 montana
377 3646 524 3710 ascendit
544 3644 711 3728 Judaeae,
744 3653 781 3709 ut
808 3645 992 3710 Jerusalem
1023 3648 1057 3710 in
1087 3648 1136 3710 eis
1161 3649 1256 3710 sitam

100 3753 234 3816 exercitu
261 3751 400 3817 rellaret
432 3763 465 3814 et
496 3760 638 3834 caperet.
691 3751 944 3833 Jerosolyrnitae
974 3760 1080 3814 antem
1110 3754 1202 3814 cives
1225 3759 1258 3814 et
1288 3750 1290 3754 ’

101 3855 208 3937 qut-abe
225 3857 344 3921 vicimo
366 3856 449 3919 locis
466 3855 609 3940 undique
630 3856 770 3919 hostium
797 3865 883 3919 metu
917 3857 994 3920 illuc
1024 3857 1257 3936 corrflnxerant,

102 3957 200 4064 aulon
226 3970 338 4045 straga
357 3977 487 4024 snorum
509 3969 542 4024 et
561 3960 714 4024 vivificae
745 3962 852 4024 crocis
880 3963 1056 4050 amissione
1100 3970 1133 4024 et
1168 3961 1257 4042 regls

104 4063 239 4145 captiosis
275 4074 308 4127 et
334 4063 481 4130 &hotot
514 4066 822 4149 appropinquatione
858 4069 944 4130 omni
983 4085 1022 4130 se
1053 4063 1257 4148 supplicandi

105 4184 217 4249 genere¹
244 4168 461 4232 humiliabant.
500 4170 691 4253 Agebantur
722 4172 764 4234 ab
796 4173 944 4237 omnibns
966 4170 1162 4236 Christianis
1192 4170 1257 4234 ibi·

106 4270 168 4336 (len
189 4271 259 4352 (B)
288 4272 505 4338 babitantibus
535 4273 714 4340 solenniter
744 4273 876 4340 litaniae
906 4286 939 4342 et
967 4276 1191 4342 omisssiones
1219 4281 1253 4337 et
