2948 4876
734 230 800 292 stt

187 443 190 450 ι
258 409 442 472 urarrststio
461 399 569 472 autem
590 407 647 470 illa
668 409 800 491 imperii
815 427 842 472 a
854 407 992 474 Graecis
1016 411 1048 474 in
1060 413 1246 474 Germanos
1275 411 1393 474 saeta

177 522 228 578 ast
260 533 343 576 anno
374 514 503 576 Domini
533 511 605 575 776.
654 512 828 596 Reguaute
858 523 965 576 autem
1000 515 1120 580 Carol'o
1151 516 1273 580 audita
1315 517 1391 578 fuit

72 655 81 669 ·
174 619 391 702 Jerosolymis
413 619 500 680 fame
521 618 654 682 virtutis
676 616 765 701 ejus,
798 618 884 679 unde
914 622 1094 702 patriarcha
1132 621 1389 703 Jerosolymi-

176 733 274 788 tanus
295 744 353 807 pro
374 721 601 785 benedictione
631 723 665 784 in
687 723 816 804 siguum
839 723 1054 807 subjectionis
1075 726 1105 788 ei
1127 726 1216 788 misit
1243 724 1386 788 claves

176 829 340 913 sepulchri
363 828 516 892 dominici
545 836 578 889 et
605 827 668 890 loci
690 825 864 889 Calvariae
903 839 936 891 et
967 839 1129 912 portarum
1151 830 1320 892 civitatis
1348 839 1385 890 et

178 937 294 999 montis
333 951 407 996 cum
437 927 579 1014 vexilloJ
617 939 654 994 ut
685 931 784 994 habet
818 929 958 996 chronic.
991 933 1113 998 Autou.
1145 934 1184 1002 Ρ.
1211 935 1263 1000 Π.
1302 934 1379 995 Tit.

177 1033 439 1126 Modssz

260 1144 336 1208 Nou
359 1143 457 1226 louge
488 1143 666 1224 posthaec
698 1141 942 1207 insurrexerunt
963 1144 1082 1224 pagani
1113 1149 1225 1204 contra
1254 1143 1379 1223 patri-

178 1250 309 1313 archam
338 1247 646 1330 Jerosolymitauum
680 1245 873 1309 iohannem
902 1265 1041 1329 eumque
1071 1245 1279 1324 decivitate
1304 1265 1376 1308 ex-

178 1353 329 1436 pulerunt
368 1370 456 1424 oum,
478 1353 547 1414 suis
580 1351 724 1434 clericis,
757 1352 821 1434 qui,
845 1350 1007 1442 emigrans
1047 1348 1375 1436 Constantinopolin
1440 1389 1441 1392 κ

145 1527 150 1534 ,
178 1453 526 1540 venitpimperatorem
549 1455 930 1538 constantinopolitanum
952 1434 1124 1546 invocarit'
1139 1473 1198 1536 pro
1221 1440 1374 1516 auxilioss

68 1623 73 1630 ,
180 1561 328 1644 Cumque
350 1553 526 1648 imperator¹
543 1561 705 1628 sollicitus
726 1545 814 1622 esset
837 1559 878 1621 de
899 1561 960 1622 hae
982 1579 1036 1641 re,
1059 1562 1142 1622 visio
1166 1561 1369 1642 insomnis
1392 1569 1395 1576 ’
1440 1596 1441 1614 ι

179 1666 243 1732 sibi
270 1664 438 1748 apparuit,
470 1684 646 1747 perquam
668 1667 845 1753 instructus
867 1665 943 1746 init,
974 1665 1061 1747 quod
1081 1685 1145 1744 non
1167 1665 1259 1746 ipse,
1301 1661 1372 1724 sed

160 1755 162 1762 ¹
180 1757 322 1841 Carolus
350 1769 504 1850 Magnus⁴
520 1769 714 1832 liberaturus
747 1758 850 1842 esset.
869 1769 1070 1852 Jerusalem,
1098 1773 1138 1849 'et
1157 1755 1365 1829 dominicum

181 1873 384 1956 sepulchrum
397 1872 467 1951 (B)
479 1867 673 1938 Christianis
686 1877 904 1952 restituturus.
914 1875 1089 1954 Imperator
1100 1891 1176 1956 ergo
1184 1857 1361 1934 Constan-

185 1980 273 2040 tinus
302 1980 390 2041 misit
422 1998 481 2060 per
512 1980 617 2040 sancti
648 1979 817 2062 sepulchi.
847 1977 985 2040 clericos
1015 1978 1127 2041 claves
1159 1984 1193 2039 et
1227 1977 1360 2039 litteras

182 2083 301 2146 Carolo
322 2085 445 2166 Magno
472 2065 652 2166 'augustias
674 2085 825 2147 dominici
857 2083 1073 2164 sepulchriot
1096 2079 1357 2146 Christianorum

134 2243 138 2250 .
182 2191 404 2270 continentesj
427 2207 511 2271 quas
540 2197 576 2250 ut
607 2188 702 2271 legit,
725 2189 930 2250 lachrimatus
952 2197 1015 2256 est.
1050 2189 1130 2250 Mox
1152 2195 1261 2250 autem
1284 2185 1358 2248 col-

183 2292 266 2353 lecto
297 2292 413 2373 grandi
444 2294 588 2354 exercitu
610 2293 856 2357 Teutouioorum
888 2300 920 2354 et
945 2293 1146 2372 Francorum
1169 2309 1259 2352 mare
1280 2309 1355 2352 eum

183 2394 366 2458 transduxit
398 2405 431 2457 et
459 2400 624 2460 civitatem
646 2407 791 2460 sanctam
826 2396 868 2458 de
890 2397 1038 2458 manibus
1057 2398 1201 2478 gentium
1236 2395 1356 2476 eripuit

184 2507 217 2559 et
253 2497 446 2563 dominicum
480 2503 687 2583 sepulchrum
728 2501 922 2564 Christianis
958 2501 1136 2582 resignavit
1173 2509 1206 2561 et
1237 2517 1352 2581 paoem

183 2605 267 2664 iuter
288 2599 490 2664 Christianos
512 2613 545 2665 et
566 2623 711 2687 paganos
734 2606 812 2667 fecit
833 2614 984 2685 tautam‚'
1004 2613 1156 2688 quautam
1177 2621 1350 2683 numquam

183 2707 321 2788 legimus
353 2708 516 2771 hahuisse.
559 2710 634 2772 Nou
666 2711 751 2774 entim
782 2727 928 2792 paganos
960 2709 1098 2792 occidit,
1132 2727 1194 2771 nec
1229 2727 1286 2771 eos
1308 2707 1350 2769 de

182 2812 365 2875 Jerusalem
392 2813 530 2896 expulit,
559 2814 618 2876 sed
641 2815 739 2876 certis
760 2817 864 2897 pactis
887 2831 960 2882 cum
990 2811 1184 2877 Christianis
1213 2831 1349 2876 concor·
1440 2813 1441 2846 l

184 2915 282 2978 davit.
327 2917 454 2980 Dicitur
475 2927 581 2980 autern
604 2928 693 2981 tanta
715 2939 779 3001 pax
800 2904 960 2986 intereos
990 2919 1092 2980 fuisse
1114 2917 1346 2994 multisonus,

183 3028 219 3083 ut
240 3024 269 3082 si
286 3022 386 3086 alicui
404 3025 509 3086 vianti
530 3027 567 3094 iu,
583 3025 638 3094 via
665 3025 770 3085 bestia
804 3024 996 3105 defecisset,
1028 3023 1185 3105 depositis
1213 3023 1345 3084 sarcinis

184 3125 355 3189 interram
384 3129 475 3190 missi
507 3128 548 3190 ad
570 3128 680 3190 villam
702 3129 879 3211 proximam
911 3147 970 3209 pro
993 3128 1057 3189 alia
1075 3129 1192 3189 ‘bestia
1228 3127 1344 3190 nullum

184 3226 334 3292 damnum
357 3250 418 3292 neo
440 3231 583 3312 rapidam
622 3249 682 3294 uec
704 3233 823 3300 lurtum
861 3230 996 3294 relictae
1030 3249 1083 3292 res
1115 3250 1233 3313 passae
1264 3232 1342 3294 fuis-

184 3339 258 3393 sent
280 3341 341 3394 etc.
385 3333 471 3394 Pace
502 3353 579 3415 ergo
606 3339 655 3399 sic
676 3337 809 3401 „refecta
842 3345 874 3398 et
906 3335 1047 3398 ecclesis
1077 3335 1341 3419 ierosolymitana

184 3434 333 3498 ordinata
358 3435 596 3502 illustrissimus
619 3439 758 3504 Carolus
779 3439 822 3503 ad
846 3457 907 3504 sua
928 3439 1117 3522 regrediens
1147 3440 1237 3504 venit
1257 3437 1340 3501 Con·

183 3525 429 3623 stantinopolin,
452 3544 506 3606 uhi
528 3555 560 3606 et
582 3546 753 3628 magnifice
774 3553 948 3627 susceptus
968 3545 1039 3606 fuit.
1075 3581 1078 3586 ι

267 3645 304 3706 Iu
323 3648 496 3727 praemium
520 3660 624 3712 autem
649 3651 794 3714 laborum
814 3650 997 3713 obtuleruut
1020 3651 1051 3710 ei
1073 3667 1206 3714 munera
1226 3650 1338 3732 pretio-

182 3748 332 3831 sissima,
354 3745 484 3835 aurum,
504 3761 672 3836 srgeutum
702 3762 736 3816 et
759 3753 882 3836 lapides
919 3754 1079 3835 pretiosos
1119 3764 1152 3817 et
1172 3755 1235 3818 alia
1265 3771 1336 3816 cou-

182 3853 392 3937 cupiscibilia,
414 3875 498 3939 quae
518 3859 625 3921 omnia
646 3860 778 3940 respuit,
797 3857 923 3938 diceus,
946 3875 1021 3920 esse
1044 3859 1212 3937 indecens,
1232 3873 1335 3922 mouns

182 3958 330 4040 accipere
371 3980 428 4043 pro
462 3963 586 4044 labore,
623 3980 717 4042 quem
753 3980 810 4044 pro
845 3961 947 4025 solius
984 3962 1046 4024 Dei
1075 3965 1126 4026 sui
1156 3971 1334 4046 susceperat

182 4081 300 4152 amore.
337 4064 518 4146 Adjuratus
551 4071 660 4126 autem
691 4065 821 4148 aliquod
844 4085 961 4129 munus
982 4067 1146 4152 accipere,
1173 4067 1335 4151 postulavit

181 4167 243 4230 sibi
265 4167 333 4232 dari
368 4169 530 4251 reliquias.
580 4167 674 4231 Unde
695 4172 817 4253 apertis
849 4171 954 4234 thecis
976 4170 1134 4237 dederunt
1153 4173 1215 4236 sibi
1237 4172 1333 4253 spinas

182 4269 223 4332 de
244 4290 363 4338 corona
384 4272 530 4357 Domini,
561 4272 687 4338 clavum
718 4293 815 4339 unum
843 4287 979 4340 sanetae
1010 4279 1117 4342 curuis
1162 4283 1194 4340 et
1222 4282 1329 4359 partem
