2896 4872
716 255 781 320 Ἡ

519 435 691 520 Septimus
709 455 768 502 rex
797 437 990 504 Jerusalem

250 623 415 689 Almarioo
436 624 497 696 Vl.
520 642 599 708 rege
619 625 821 693 batianum
833 623 1049 707 ierosolymis
1071 621 1241 686 defuncto
1291 638 1384 684 suc-

168 735 271 800 cessit
301 731 349 795 illi
380 732 415 794 in
448 747 550 814 regno
570 722 750 808 Baldninus
782 730 855 812 ejus
888 726 1027 794 nominis
1057 735 1214 810 quartus,
1253 726 1382 808 ipsius

167 839 264 902 tilius.
306 837 385 900 Erat
412 844 520 898 autem
558 851 713 899 annorum
747 836 838 919 xm,
871 843 1014 916 tempore
1041 850 1104 915 qno
1137 825 1248 914 pater
1296 832 1378 914 ejus
1420 911 1421 914 Ἴ

167 945 247 1010 obiit
273 951 306 1007 et
330 940 486 1004 sexennis
520 940 670 1021 regnavit
689 940 723 1002 in
745 940 939 1024 Jerusalem.
981 919 1046 1000 llic
1072 937 1220 1001 vivente
1252 947 1374 1020 patre,

168 1031 353 1114 comesset
371 1062 526 1108 annorum
552 1061 682 1125 novem,
703 1043 927 1130 deprehensus
944 1052 997 1106 est
1020 1043 1055 1128 in
1085 1043 1249 1104 morbum
1269 1114 1273 1118 ¹
1295 1042 1370 1103 ele-

167 1152 352 1236 phantionm
373 1148 558 1212 incurrisse.
604 1145 742 1224 Quidam
765 1151 850 1213 enim
873 1150 1026 1229 scribunt,
1047 1166 1120 1210 enm
1143 1147 1187 1208 ab
1208 1147 1368 1209 infantia

120 1297 123 1302 -
167 1257 258 1341 lepra
284 1257 387 1318 tuisse
417 1253 591 1348 iniectum
618 1261 651 1314 et
672 1253 755 1316 ttoet·
777 1261 934 1337 gravatus
964 1253 1210 1324 infirmitatibus
1250 1261 1363 1333 esset,

168 1380 303 1444 regnum
336 1368 443 1421 tamen
474 1357 756 1420 constantissime
779 1377 819 1423 ac
850 1355 1101 1442 prudentissime
1131 1358 1361 1439 gubernavit.

170 1465 258 1534 Nam
280 1461 468 1550 Saladinum
492 1461 701 1526 fortissimum
722 1481 761 1525 ac
782 1463 973 1538 industrium
990 1463 1095 1524 virum
1117 1461 1259 1538 dnobus
1294 1462 1361 1524 de-

92 1603 95 1614 ·
132 1597 137 1606 ·
167 1569 247 1632 vicit
280 1547 426 1650 arcellis,
468 1583 533 1629 nno
568 1563 685 1630 saltem
729 1567 815 1649 apud
849 1567 1068 1648 Ascalonem,
1109 1566 1216 1644 altero
1263 1566 1358 1649 apud

166 1671 390 1762 Tyberiadetn.
434 1668 1157 1756 Dequibnsproeliislonga'habeturhistoria
1173 1680 1355 1739 contexta.

250 1799 351 1861 l'orro
367 1814 451 1860 anno
465 1797 595 1863 Domini
608 1795 699 1860 1178.
729 1797 903 1862 saladinus
919 1816 992 1860 curn
1011 1798 1081 1861 suis
1096 1797 1202 1879 copiis
1222 1799 1351 1860 iterum

168 1919 302 1986 regnum
322 1901 632 1985 ierosolymitanum
660 1901 831 1983 ingressus
862 1912 930 1984 est,
959 1903 1045 1986 quod
1070 1909 1249 1984 postquam
1277 1903 1348 1983 regi

135 2075 140 2086 ,
168 2009 316 2093 innotuit,
337 2010 407 2074 suis
430 2005 619 2076 eortvoeatis
641 2014 754 2068 contra
775 2007 920 2070 inimicos
942 2007 1019 2070 tidei
1030 2007 1200 2090 procesit,
1222 2009 1261 2088 in
1282 2025 1347 2088 quo
1411 2024 1417 2087 Ι

169 2111 349 2199 congressu
380 2110 470 2176 multi
506 2109 547 2172 de
582 2110 703 2180 nostris
734 2109 843 2193 gladio
879 2120 1089 2192 corrnerunt,
1121 2121 1154 2173 et
1185 2110 1345 2175 dominus

167 2218 275 2303 Addo,
293 2221 448 2302 magister
469 2214 590 2297 templi,
613 2223 728 2297 captus
750 2215 811 2277 fnit
834 2225 865 2278 et
886 2218 921 2278 in
941 2233 1073 2279 earcere
1088 2217 1166 2279 obiit
1187 2223 1226 2277 et
1247 2215 1343 2278 multi

169 2322 224 2384 alii
253 2322 340 2403 capti
369 2311 514 2400 tu'crunt,
556 2337 614 2380 rex
644 2338 723 2383 vero
757 2338 829 2382 cnm
861 2321 974 2402 paucis
1007 2323 1065 2383 vix
1090 2322 1208 2384 evasit.
1264 2321 1342 2382 Hac

168 2425 306 2488 victoria
327 2424 431 2487 elatus
445 2422 621 2485 saladinus
643 2423 767 2486 infinita
788 2421 906 2487 damna
930 2444 969 2487 eo
990 2444 1074 2486 anno
1095 2443 1195 2506 regno
1218 2423 1335 2488 intulit.

170 2525 311 2590 Tandem
332 2534 439 2590 autem
460 2527 654 2609 quibusdam
678 2528 953 2592 intercedentibus
971 2531 1056 2592 inter
1076 2527 1281 2591 Christianos
1303 2535 1337 2589 ct

170 2629 359 2694 saladinum
380 2638 514 2710 treugae
536 2630 642 2692 iactae
667 2631 805 2695 suntad
826 2634 999 2695 biennium.
1040 2633 1115 2696 Rex
1135 2633 1337 2715 ergodern-

171 2735 273 2800 salem
296 2734 473 2798 Baldninns
495 2735 718 2826 invalescente
738 2737 920 2801 infirmitate
941 2757 1075 2801 uxorem
1096 2737 1215 2799 ducere
1235 2735 1337 2799 noluit

171 2847 204 2904 ct
228 2856 289 2901 neo
314 2838 398 2903 lilios
420 2859 481 2902 nee
502 2841 586 2903 filias
607 2841 730 2923 habuit,
753 2823 905 2904 sedduas
926 2861 1067 2926 sorores,
1089 2860 1221 2925 quarum
1232 2843 1334 2902 maior

114 3021 117 3028 Ι
172 2953 252 3009 netu
285 2946 460 3008 vocabatur
481 2944 608 3028 Sibylla
615 2991 625 3027 ,
657 2964 752 3027 qnam
788 2947 908 3010 tacitus
940 2950 1032 3030 regni
1060 2945 1231 3011 haeredem
1258 2946 1334 3008 feeit

173 3067 310 3132 eamque
332 3047 526 3113 Gwilhelmo
553 3059 767 3134 cognomento
789 3051 1008 3134 hongaspat'a,
1043 3052 1108 3114 tilio
1141 3051 1330 3115 marchionis

173 3154 296 3218 Meritis
323 3155 448 3237 ferrati,
481 3174 613 3220 uxorem
646 3153 743 3218 dedit.
786 3157 850 3218 Hic
872 3155 1094 3220 'Guilbclmus
1111 3157 1205 3239 jussu
1245 3153 1329 3236 regis

170 3258 322 3320 Balduini
352 3260 450 3321 multa
479 3269 590 3323 contra
626 3258 777 3322 infideles
812 3260 948 3323 viriliter
967 3264 1091 3343 1gessit
1121 3268 1251 3343 eratque
1279 3259 1326 3320 vir

173 3361 402 3444 nobilissimus,
424 3362 515 3448 adeo,
539 3359 624 3447 quod
646 3367 679 3425 in
701 3364 869 3428 nobilitate
885 3383 993 3447 parem
1009 3385 1073 3428 nori
1086 3365 1208 3434 habuit.
1246 3363 1324 3426 Nan

172 3473 273 3528 mater
295 3453 381 3546 regis
402 3467 611 3549 Francorum,
643 3470 792 3554 Philippi,
814 3488 967 3552 germana
995 3470 1098 3552 ipsius
1132 3471 1203 3551 fuit,
1233 3477 1324 3531 mater

171 3587 250 3632 vero
269 3569 374 3667 ipsius
393 3570 466 3652 (B)
480 3569 666 3637 Gwillrelmi
690 3592 782 3638 soror
803 3574 863 3638 fuit
883 3575 1002 3640 domini
1020 3576 1223 3658 imperatoris
1242 3572 1324 3636 Con-

167 3671 257 3753 radi,
293 3670 352 3734 sed
384 3683 456 3756 post
494 3682 562 3740 tres
597 3696 728 3742 menses
758 3681 971 3743 consummati
1005 3681 1196 3744 matrimonii
1226 3678 1321 3742 dictus
1420 3701 1421 3716 ³

172 3774 390 3842 Gwilltelmus·
420 3779 572 3864 decessit,
605 3773 706 3846 uxore
741 3792 939 3866 praegnante
970 3783 1120 3866 dimissa,
1148 3802 1230 3866 quae
1254 3783 1341 3846 dnn·

171 3891 297 3966 tenpus
314 3891 425 3965 partus
446 3884 588 3968 advenit,
620 3887 720 3976 lilium
753 3887 869 3970 edidit,
891 3907 985 3970 quem
1007 3889 1199 3952 Balduinum
1227 3887 1319 3952 noni-

170 3983 271 4057 navlt.
313 3979 482 4051 Dominam
503 3998 610 4052 autem
632 3979 805 4076 Sibyllam,
835 3991 1037 4054 iamdictam
1066 4010 1209 4056 sororem
1227 4010 1315 4074 sucu,

170 4111 229 4157 rex
262 4091 391 4156 tradidit
436 4093 534 4156 nobili
573 4094 713 4178 juveni,
764 4093 907 4159 Gnidoni
940 4097 1148 4178 nntgnauo,
1198 4098 1315 4179 parvulo

170 4196 247 4280 lilio,
265 4198 374 4280 nepoti
395 4215 465 4279 suc,
489 4197 705 4282 consulturus,
727 4217 822 4282 quem
841 4200 904 4284 ipsi
916 4197 1056 4264 Gnidoni
1077 4199 1311 4283 aellaymnndo,
1420 4204 1421 4230 ¹

172 4303 282 4385 coniti
293 4299 555 4386 'tripolitanam
573 4303 705 4368 tutelam
716 4303 804 4368 dedit
826 4305 888 4368 hac
906 4305 991 4388 lege,
1012 4314 1047 4368 nt
1066 4303 1143 4370 dnm
1154 4303 1311 4370 Balduinor
