2896 4872
245 469 254 480 '
288 473 391 538 l'aeta
412 477 587 536 astantem
607 471 689 533 bseo
706 471 851 534 eivitnis
867 477 1003 534 senone
1021 470 1140 534 deditio
1161 472 1219 536 die
1241 471 1406 536 seeundo

205 579 376 660 (latebris,
409 577 466 659 qni
486 584 558 638 erat
577 573 723 637 doeimns
755 584 890 658 quartos
910 574 1106 661 obsidionis,
1127 595 1219 638 anno
1255 577 1402 639 Domini

204 683 300 752 ll87.
332 683 413 746 teria
431 689 542 763 serta,
577 697 664 743 anno
694 679 890 764 emm,
928 688 1098 764 postquam
1121 681 1401 744 carmus-oron

204 788 324 851 luerat.
764 838 776 857 f

286 889 553 954 Praeeonirnturn
575 893 627 950 est
647 901 725 968 ergo
749 904 809 968 per
829 887 952 972 urbem,
972 894 1010 950 ut
1031 887 1229 971 ommni
1250 889 1296 948 iar
1321 887 1401 949 urbe

206 1005 299 1062 erant
309 992 497 1073 Christiani,
519 999 593 1073 post
608 998 683 1080 ,tres
703 988 776 1052 dios
797 1011 840 1054 ex
860 996 940 1055 urbe
968 993 1143 1074 migrarent
1163 992 1224 1053 vel
1251 1009 1303 1054 se
1327 1011 1400 1054 son

206 1103 300 1166 rituti
329 1097 476 1162 Saladiui
516 1095 635 1177 pagani
672 1093 886 1179 subjieerent,
925 1096 1009 1180 quod
1048 1097 1115 1179 jam
1160 1095 1296 1158 dndmn
1344 1114 1398 1177 per
1426 1087 1427 1166 l

205 1191 327 1290 l’spam
356 1205 416 1266 init
454 1199 660 1283 gravissimis
691 1204 841 1262 eensuris
862 1202 1047 1284 inhibitum,
1081 1220 1124 1262 ue
1141 1203 1178 1264 in
1198 1201 1268 1262 teli
1295 1218 1397 1264 eausa
1426 1197 1427 1224 ³

206 1309 412 1373 Christianus
442 1323 573 1367 manere
592 1314 828 1387 praesumeret,
850 1309 907 1395 qni
929 1314 1034 1368 autem
1061 1315 1222 1388 maneret,
1255 1324 1395 1368 exeom-

206 1414 405 1494 munioatus,
428 1410 720 1472 anathematismus
762 1417 797 1472 et
827 1412 956 1493 penitus
987 1409 1027 1470 ab
1049 1409 1192 1471 eoelesia
1214 1411 1394 1471 abscissos

205 1525 305 1580 emet.
359 1514 411 1576 Ad
441 1515 526 1578 bano
558 1515 725 1596 lugubrem
757 1533 871 1576 vooem
910 1516 1080 1597 praeconis
1115 1524 1233 1576 tantus
1270 1513 1392 1576 elamor
1426 1519 1427 1522 ’

205 1620 426 1703 plangentium
459 1628 549 1697 ortus
570 1627 621 1681 est
642 1619 675 1679 in
697 1618 897 1703 Jerusalem,
918 1627 1081 1702 utusque
1106 1617 1148 1678 ad
1170 1618 1293 1700 aliqua
1316 1617 1388 1678 rnil-

207 1726 298 1790 liaria
318 1723 482 1787 audiretur
502 1724 688 1786 lamentatio
707 1721 978 1786 cinnimorum.
1012 1723 1138 1788 llieitnr
1158 1724 1283 1804 etiam,
1306 1720 1387 1805 quod

208 1833 280 1914 lpse
301 1825 475 1892 Saladinus
497 1836 529 1890 et
551 1830 602 1889 sui
634 1825 783 1888 erudeles
811 1829 974 1911 prinsipes
1001 1826 1133 1890 emolliti
1153 1836 1189 1888 et
1216 1827 1385 1909 perterriti

207 1935 381 2017 ejulatibus
403 1943 435 1995 et
456 1933 606 1994 lamentis
628 1929 884 1994 Christianorum
917 1934 1063 1995 humana
1088 1929 1328 2011 compassione
1348 1927 1384 1989 ad
1426 1969 1427 1994 ι

123 2040 126 2062 ¹
205 2042 316 2104 lletum
343 2039 420 2101 moti
441 2037 559 2099 luerint
586 2044 619 2097 et
639 2033 725 2117 quod
747 2036 835 2098 omni
855 2039 978 2117 petenti
996 2037 1191 2118 promissam
1209 2037 1382 2116 pecuniam

207 2141 377 2210 remiserit.
420 2141 591 2220 Praecepit
623 2142 757 2222 insuper
791 2139 968 2203 Saladinos
989 2142 1059 2202 sois
1091 2139 1315 2220 exereitibns,
1345 2155 1381 2198 ne

206 2251 280 2332 quis
300 2249 412 2310 urbem
434 2247 567 2308 intraret
596 2254 672 2307 ante
694 2245 778 2308 diem
800 2254 955 2307 statutum
975 2246 1082 2307 exitus
1106 2243 1377 2306 Christianorum.

207 2353 309 2434 Igitur
326 2351 383 2413 die
403 2358 523 2411 statuta
534 2347 712 2412 Christiani
732 2367 804 2412 euru
827 2351 983 2412 universa
1006 2347 1199 2432 sopetnotitt
1222 2357 1378 2410 exeuntes

209 2454 403 2517 intolerabili
435 2453 588 2516 elamore·
605 2462 638 2516 et
670 2454 809 2516 lamento
838 2453 963 2516 eoelum
1001 2455 1167 2537 replebant
1194 2462 1230 2513 et
1261 2461 1375 2514 terram

207 2558 395 2639 turbabant,
417 2541 558 2620 eunotos'
581 2567 690 2620 autem
711 2560 891 2640 praecessit
912 2558 1085 2620 Heraclius
1110 2557 1300 2640 patriaroba
1318 2557 1375 2618 Jo-

208 2661 459 2743 rosolymitanus
481 2679 553 2724 eum
577 2681 684 2746 eruee,
705 2681 778 2726 eum
800 2663 886 2734 elero
908 2671 941 2724 et
962 2662 1129 2724 monachia
1159 2671 1194 2722 et
1212 2661 1374 2743 religiosis

206 2767 374 2850 utriusque
395 2784 513 2848 sexus,
533 2784 607 2830 eum
628 2769 818 2850 virginibus,
840 2785 924 2850 quae
946 2766 1120 2829 mnelosse
1146 2765 1295 2845 fueraut,
1325 2765 1374 2847 qoi

206 2865 320 2935 omnes
340 2889 458 2955 magno
480 2870 567 2934 laeto
586 2874 715 2954 agmine
730 2873 945 2954 patriarcham
962 2869 1184 2954 sequebantur
1209 2877 1372 2950 portantes
1426 2879 1427 2884 ’

207 2975 423 3061 imagines'et
445 2993 569 3057 eruees,
592 2978 744 3060 reliquiar
767 2986 799 3039 et
821 2976 1062 3056 monstrantias,
1081 2992 1168 3056 quae
1188 2975 1372 3034 eononloata

205 3081 347 3146 tuismnt
368 3083 409 3144 ab
441 3079 634 3142 infidelibus.
677 3081 758 3143 Post
778 3082 839 3145 hos
860 3081 1082 3164 sequebantur
1102 3077 1228 3141 nobiles
1250 3087 1283 3140 et
1303 3072 1370 3140 bel-

206 3185 336 3268 latores,
360 3184 511 3258 demissis
534 3186 704 3267 capitibus,
723 3186 901 3249 verecundi
922 3194 956 3246 et
975 3171 1099 3266 tristes,
1116 3193 1149 3246 et
1169 3201 1369 3265 eonsequen-

205 3300 257 3352 ter
277 3291 397 3370 vulgos
417 3289 592 3372 promiscui
624 3307 742 3370 sexus,
777 3309 850 3354 eum
878 3291 1078 3372 impatientia
1111 3297 1276 3372 portantes
1294 3305 1367 3370 par·

208 3392 304 3454 vulos
330 3409 426 3474 suos,
445 3395 501 3475 qui
522 3411 595 3456 eum
616 3395 794 3476 pecudibus
816 3395 981 3477 ejulabant
1001 3401 1037 3456 et
1055 3394 1188 3456 flebant.
1426 3371 1427 3380 ἵ

290 3495 398 3558 Divisi
432 3504 510 3560 sunt
540 3507 648 3561 autem
680 3499 856 3563 Christiani
891 3508 967 3562 ante
1009 3500 1193 3578 civitatem,
1232 3505 1266 3558 et
1295 3515 1366 3578 pars
1426 3507 1427 3536 ³

206 3597 453 3683 Alexandriam,
476 3618 554 3683 pars
572 3603 710 3686 Tyrum,
737 3613 770 3666 et
800 3622 876 3686 pars
897 3604 1103 3666 Antiochiam
1132 3604 1315 3683 emigravit,
1336 3611 1365 3664 et

206 3701 247 3765 ad
269 3703 351 3767 alios
375 3709 478 3781 ¹maris
508 3717 621 3787 portus
650 3708 889 3771 descenderunt
919 3709 991 3788 isti,
1025 3707 1068 3770 ad
1097 3707 1179 3770 alios
1198 3707 1262 3788 illi,
1295 3707 1365 3788 quia

206 3806 334 3890 quidam
363 3820 453 3873 oront
475 3809 592 3894 Sieuli,
628 3819 663 3874 et
696 3813 743 3875 illi
771 3814 925 3895 petebant
948 3811 1204 3873 Aleriandrinum
1236 3820 1363 3892 portum,

204 3913 259 3976 alii
277 3914 351 3978 ltall
371 3923 406 3976 et
424 3915 625 3998 Thentorriei,
647 3925 679 3978 et
703 3915 749 3979 illi
761 3917 881 4000 'lyram
903 3917 1055 3998 petebant
1074 3915 1129 3978 vel
1150 3915 1313 3998 Tripolim,
1334 3925 1362 3977 et

203 4018 247 4082 ad
267 4015 354 4082 hune
374 4019 602 4101 'tripolitanum
624 4030 750 4102 portum
771 4023 873 4104 major
892 4039 969 4104 pars
989 4020 1173 4102 deseendit,
1202 4021 1261 4086 sed
1284 4021 1360 4104 quod

204 4123 422 4206 migrantibus
453 4123 539 4205 apud
573 4125 728 4206 'l'ripolim
753 4129 955 4210 eontigerit,
992 4128 1050 4202 vix
1079 4128 1152 4189 sine
1178 4125 1313 4188 laeriruis
1331 4134 1361 4186 et

202 4227 290 4291 nullo
314 4226 410 4290 modo
432 4228 503 4289 sine
526 4230 751 4311 compassione
773 4234 915 4294 enarrari
936 4241 1054 4314 potest.
1100 4230 1182 4294 Cum
1205 4234 1285 4295 enirn
1306 4252 1360 4296 ex·

203 4331 290 4409 polsi
310 4331 493 4394 Jerusalem
523 4333 633 4394 tristes
654 4337 967 4420 appropinquassent
998 4336 1122 4400 civitati
1144 4337 1358 4421 Tripolitanae,
