2926 5050
237 695 362 775 umor,
393 690 478 776 quod
500 690 541 754 dc
561 692 623 755 hoe
645 693 715 756 loco
737 687 828 756 Elias
850 695 884 755 ln
916 710 1013 756 curm
1033 691 1129 774 igneo
1153 700 1273 776 raptus
1308 691 1402 754 sitin

236 799 377 880 eoelum
398 796 458 860 sed
477 796 539 858 boc
560 815 625 860 uon
652 801 733 859 berto
754 797 929 861 concordat
950 800 982 865 d.
997 797 1080 880 neg.
1102 799 1133 862 2·
1169 797 1311 880 Raptus
1332 799 1403 857 enim
1457 818 1458 840 t

47 983 52 994 .
165 919 171 938 ⁸
237 905 298 970 att
318 913 408 968 trans
428 899 613 965 Jordauam.
658 902 744 964 lluic
772 903 934 966 ecclesiae
962 902 1024 966 luit
1056 901 1220 986 quondam
1252 919 1405 964 annexum

236 1007 484 1087 monasterium,
519 1007 551 1067 iu
584 1023 648 1087 quo
671 1005 706 1068 S.
729 1007 868 1070 Zozima
900 1009 1002 1070 abbas
1036 1015 1185 1091 praeerat
1208 1007 1326 1068 multis
1347 1023 1407 1066 rno-

236 1113 368 1192 aaubis,
388 1120 421 1175 at
441 1109 536 1192 juxta
558 1113 788 1175 monasterium
812 1122 880 1175 erat
902 1112 1063 1194 hospitale
1083 1131 1141 1194 pro
1162 1111 1362 1194 peregrinis,
1381 1109 1407 1169 in

237 1235 301 1302 quo
323 1217 439 1279 mansit
462 1215 564 1295 prima
584 1229 680 1279 nocto
701 1217 806 1278 Maria
828 1217 1033 1300 Egyptiaca,
1056 1213 1183 1298 quaudo
1207 1216 1253 1278 de
1276 1215 1408 1277 Jemsa-
1460 1222 1461 1230 ’

238 1323 300 1386 lem
322 1319 507 1401 descendit,
541 1327 577 1381 ut
607 1323 641 1381 iu
663 1320 827 1384 desertum
850 1329 941 1384 trans
973 1319 1146 1383 dordonam
1168 1326 1338 1403 pergeret.
1378 1317 1408 1376 ln

237 1429 322 1492 hauc
344 1424 517 1488 eeclesiam
537 1427 628 1487 venit
649 1425 683 1487 S.
705 1426 810 1491 blaria
829 1426 1014 1509 Egyptiece
1037 1408 1148 1508 quinta
1170 1423 1256 1487 feria
1278 1425 1315 1484 iu
1346 1419 1409 1501 epi-

239 1533 335 1613 phan.
378 1529 509 1592 Domini
530 1529 572 1592 da
595 1529 743 1613 deserto,
764 1537 798 1594 et
818 1531 851 1592 iu
875 1549 914 1592 ea
936 1529 1150 1591 eucharistiae
1171 1534 1407 1592 sacramentum

240 1636 375 1702 abeam
403 1631 540 1696 Zozinra
568 1637 710 1718 accepit,
749 1646 782 1698 ct
813 1646 877 1698 tem
910 1617 1070 1698 veniendo
1092 1631 1164 1714 (B)
1193 1635 1237 1696 de
1272 1633 1408 1706 deserto,

241 1755 336 1822 quam
366 1735 528 1802 redeunda
549 1741 583 1802 in
614 1739 775 1802 desertum
807 1741 956 1802 transivit
987 1737 1163 1802 Jordanem
1195 1741 1290 1818 sicco
1322 1733 1404 1819 pede·

240 1841 325 1906 Olim
349 1842 446 1904 tiebat
467 1861 618 1925 magnum
641 1845 759 1907 festum
778 1847 810 1906 iu
833 1846 895 1908 hac
915 1844 1057 1907 ecclesia
1078 1847 1110 1907 iu
1133 1841 1184 1907 die
1207 1842 1407 1928 epiphaniae,

240 1945 368 2031 quando
390 1945 495 2010 adhuc
517 1959 607 2013 erant
627 1969 725 2014 auree
746 1959 900 2032 tempora.
942 1950 1027 2012 Nam
1058 1949 1240 2034 patriarcha
1262 1951 1406 2011 hieroso-

240 2052 413 2136 lymitanus
433 2060 465 2114 at
488 2055 661 2138 episcopus
682 2057 971 2118 bethlehemitanae
994 2072 1067 2117 eum
1090 2054 1274 2135 abbatibus,
1299 2065 1407 2144 mona-

240 2157 322 2238 etth,
337 2155 424 2218 clero
445 2163 479 2218 et
499 2160 617 2241 populo
638 2159 876 2224 descendebant
898 2160 972 2242 huc,
988 2167 1022 2222 et
1035 2159 1151 2221 omero
1172 2159 1225 2221 hic
1247 2154 1406 2220 celebrato

240 2279 352 2326 omnes
372 2262 468 2324 simul
489 2282 562 2326 cum
588 2267 717 2329 vexillis
740 2266 805 2352 [et]
829 2264 978 2327 crucibus
1011 2263 1252 2326 descendebant
1276 2258 1318 2322 ad
1335 2257 1406 2318 Jor-

240 2365 365 2449 danem,
389 2365 652 2447 ctjuxtatlumen
670 2381 817 2434 sanctum
830 2365 1020 2452 psallebant.
1064 2368 1178 2431 Abbas
1199 2385 1280 2429 vero
1298 2376 1404 2424 morta·
1461 2385 1462 2392 ¹

239 2473 329 2537 sterii
350 2469 385 2532 S.
406 2470 566 2538 Jobannis
588 2495 728 2560 crucem,
755 2492 850 2559 quam
873 2473 1037 2555 portabat,
1074 2475 1106 2536 in
1129 2490 1244 2555 aquam
1267 2465 1403 2541 intinxit,

241 2593 307 2658 qua
325 2575 460 2636 intincta
492 2597 604 2642 omues
625 2581 759 2664 infirmi,
793 2581 847 2662 qui
870 2577 1021 2657 aderant,
1053 2577 1228 2640 indumen
1259 2593 1300 2637 se
1320 2575 1404 2656 ipset

242 2677 431 2758 injiciebant
468 2689 501 2742 et
523 2685 730 2746 sanabantur.
774 2683 854 2746 Sani
883 2701 962 2745 vero
984 2699 1022 2744 se
1055 2680 1174 2742 devote
1202 2678 1404 2761 baptizabant

244 2793 276 2845 et
298 2781 493 2846 robustiores
522 2782 744 2850 reddebantur.
787 2789 879 2850 llaec
914 2794 1019 2849 entem
1051 2785 1204 2848 miracula
1235 2784 1404 2848 creduntur

242 2886 288 2949 ibi
309 2885 410 2965 lacta,
431 2901 496 2947 uon
519 2893 583 2948 tam
608 2898 739 2973 propter
759 2896 966 2956 sanctitatem
988 2889 1138 2970 fluminis,
1160 2889 1254 2972 quam
1279 2893 1404 2975 propter

244 2988 480 3056 observantiam
503 2991 686 3077 religionis,
706 3005 770 3059 tam
791 2999 824 3058 in
853 2996 1074 3060 communibus
1086 2993 1293 3077 Christianis,
1313 3005 1403 3076 quam

243 3098 277 3160 in
298 3093 465 3160 monachis
494 3106 527 3159 et
566 3101 739 3186 religiosis.
803 3099 931 3162 Officiis
963 3101 1063 3163 finitis
1094 3099 1212 3182 singuli
1245 3097 1403 3160 redierunt

229 3201 284 3276 ¹ad
306 3201 443 3286 propria.
514 3205 680 3270 Adhaeret
713 3207 788 3269 huic
819 3205 948 3268 deserto
994 3205 1079 3266 beati
1111 3204 1280 3287 Jerouymi
1313 3206 1403 3264 vasta

242 3307 392 3391 solitudo,
413 3315 446 3368 et
473 3321 588 3391 postea
610 3296 698 3376 mare
727 3319 906 3393 mortuum,
939 3319 971 3372 et
999 3325 1098 3393 supra
1125 3307 1159 3370 id
1181 3317 1308 3371 montes
1338 3305 1403 3366 En-

242 3411 357 3494 gaddi,
386 3410 428 3472 dc
459 3415 576 3494 quibus
606 3417 754 3480 omuibus
786 3417 874 3478 venit
905 3413 1074 3479 dicendum
1096 3416 1156 3478 suh
1180 3413 1231 3476 die
1250 3413 1309 3477 Xl.
1335 3411 1403 3472 Au·

242 3515 342 3597 gusti,
365 3511 419 3576 fol.
442 3511 514 3580 242.

325 3844 385 3918 De
411 3848 539 3916 sancto
563 3841 645 3922 toco
671 3843 850 3944 catgatae
881 3859 919 3924 et
945 3849 992 3925 de
1019 3855 1102 3950 ejus
1130 3848 1316 3946 dignitate.

326 4045 409 4109 Cum
421 4063 498 4130 ergo
514 4049 597 4110 bene
609 4047 784 4112 fuissemus
797 4050 978 4134 refrigerati
987 4053 1020 4114 in
1032 4051 1172 4115 ecclesia
1184 4050 1218 4114 S.
1233 4049 1400 4132 Johaunis,

243 4151 358 4214 itemm
379 4151 490 4212 asinos
512 4151 741 4217 adscendimus
763 4166 888 4219 etcum
910 4157 1100 4220 festinantia
1124 4159 1342 4239 processimus
1373 4159 1403 4214 et

242 4256 277 4319 in
288 4254 393 4317 locum
405 4255 542 4320 collibus
553 4259 698 4322 arenosis
708 4259 869 4323 elevatum
883 4262 1043 4341 venimus,
1063 4278 1122 4342 per
1138 4261 1279 4326 medium
1300 4269 1401 4324 autem

244 4358 377 4424 duorum
406 4361 650 4426 monticulorum
678 4365 734 4426 via
761 4367 852 4448 regia
880 4375 958 4429 erat.
995 4366 1048 4426 De
1076 4365 1194 4446 quibus
1224 4364 1402 4430 monticulis

244 4463 372 4545 quidam
385 4465 462 4526 mibl
485 4464 575 4545 dixit,
597 4467 683 4546 quod
693 4483 777 4528 unns
792 4477 881 4529 esset
895 4467 1134 4548 Garizim,alter
1150 4467 1267 4550 Hebal,
1280 4476 1401 4532 montes

245 4563 477 4627 benedictionis
500 4573 534 4627 at
557 4567 857 4646 meledictionis,de
878 4569 996 4650 quibus
1013 4568 1403 4653 habeturDeutcronAEi,
