3030 4864
177 448 211 502 et
238 439 393 522 frangens
413 439 521 520 potius
541 436 642 500 verba
657 421 754 519 quern
773 435 988 520 praeloquens
1008 435 1092 500 inter
1109 437 1271 500 horrentia
1293 447 1349 500 ora

176 531 257 607 satis
278 541 429 605 blandum
451 542 612 623 quaesivit
633 541 810 625 eloquium,
834 551 961 605 etcum
995 541 1109 604 dextra
1131 557 1247 603 manus
1268 560 1348 621 pro-

176 649 325 709 tensione
345 645 487 727 eupitum
508 644 629 710 iudicat
649 647 728 730 iter,
757 657 790 712 et
811 648 860 709 sic
881 664 939 728 per
961 653 1108 727 patentes
1130 661 1262 728 campos
1285 664 1349 706 vo·

177 750 298 824 litando
328 751 551 814 transmittens
584 769 623 814 se
653 755 686 813 in
709 751 817 834 fugam
840 769 882 813 ex
913 750 1017 814 oculis
1047 751 1192 814 mirantis
1226 750 1348 830 evenit,

176 863 377 936 stupensque
408 854 573 920 Antonius
595 865 627 920 et
649 856 690 920 de
711 877 761 935 eo,
794 856 883 940 quod
905 854 1041 935 viderat,
1061 871 1175 916 seeum
1208 853 1348 916 volvens

161 959 311 1046 ,ulterius
332 959 614 1042 progrediebatnr3
646 979 706 1024 nee
727 979 834 1042 mera,
868 963 952 1043 luter
978 957 1349 1020 saxosameonvallera

176 1063 264 1126 haud
284 1064 440 1146 grandem
458 1064 684 1142 homunculum
708 1064 798 1128 videt
820 1064 956 1146 aduncis
978 1064 1121 1152 naribus,
1145 1063 1250 1144 ironte
1272 1079 1348 1124 cor-

176 1169 273 1232 nibus
291 1178 452 1250 asperata,
465 1168 559 1250 cnjus
580 1178 722 1233 extrema
748 1187 825 1251 pars
847 1171 990 1252 corporis
1009 1170 1043 1231 in
1065 1185 1231 1250 caprarum
1247 1165 1348 1248 pedes

177 1272 354 1336 desinebat.
398 1271 452 1334 Ad
473 1273 535 1336 hec
555 1272 779 1355 spectaculum
810 1273 975 1336 Antonius
1006 1282 1135 1336 scutum
1157 1269 1248 1334 lidei.
1264 1271 1348 1332 erri-

177 1377 246 1460 puit
273 1381 307 1438 et
340 1385 548 1437 memoratum
569 1376 687 1440 animal
709 1375 886 1457 palmarum
909 1377 1033 1438 fruetus
1058 1375 1162 1438 eidem
1184 1375 1226 1437 ad
1247 1375 1347 1438 viati-

177 1497 250 1544 cum
290 1479 384 1563 qnasi
423 1480 514 1559 pacis
546 1480 677 1542 obsides
731 1478 917 1549 offerebat.=
951 1479 1024 1557 Quo
1057 1482 1188 1562 cognito
1227 1479 1348 1562 pressit
1456 1515 1460 1522 ·

176 1577 299 1666 gradus
317 1581 478 1674 Antonius
499 1589 544 1661 et,
566 1571 713 1663 quisnam
735 1591 836 1664 esset,
857 1584 1061 1665 interrogans
1073 1584 1136 1646 hoc
1154 1577 1348 1665 responsum

179 1688 220 1749 ah
243 1705 281 1749 eo
303 1685 391 1749 tulit:
421 1684 564 1748 mortalis
587 1705 649 1770 ego
670 1705 743 1750 sum
771 1694 805 1749 et
827 1705 911 1750 nnus
933 1706 976 1750 ex
996 1686 1118 1755 accolis
1140 1688 1347 1771 eremique·

177 1791 269 1854 vario
295 1790 407 1852 delusa
429 1809 537 1854 errore
558 1793 722 1875 gentilitas
743 1793 809 1876 (h)
832 1793 947 1857 lennes
968 1801 1001 1855 et
1034 1799 1165 1872 satyros
1178 1795 1219 1854 „et
1251 1787 1347 1849 incu-

178 1896 238 1956 hos
257 1895 350 1975 colit3
383 1895 546 1978 legatione
576 1897 693 1980 fungor
720 1899 831 1980 gregis
862 1915 969 1961 meae:
998 1912 1186 1982 precamur,
1220 1899 1256 1954 ut
1286 1901 1346 1973 pro

178 1998 271 2060 uehis
291 2015 490 2063 communem
502 1999 672 2063 Dominum
697 2001 891 2084 depreceris,
913 2021 1008 2085 quem
1029 2019 1087 2083 pro
1107 1997 1214 2062 salute
1234 1992 1347 2060 muudi

178 2103 253 2166 olim
274 2105 406 2167 venisse
427 2106 646 2188 cognovimus.
669 2107 763 2168 llaec
784 2107 889 2170 bestia
913 2108 1065 2190 loquente
1085 2104 1247 2168 Antonius
1268 2117 1348 2185 prae

176 2208 297 2290 gaudio
326 2210 474 2272 lacrimas
506 2210 587 2272 fudit
619 2209 801 2294 haculoque
832 2222 950 2274 terram
978 2211 1162 2293 percutiens
1184 2210 1246 2269 ait:
1281 2223 1346 2269 vae

178 2313 238 2374 tibi
265 2312 479 2396 Alexandria,
501 2333 585 2397 quae
605 2334 663 2397 pro
693 2316 765 2379 Deo
790 2324 939 2398 portenta
960 2293 1145 2394 veneraris,
1176 2310 1254 2394 quid
1275 2309 1348 2372 die·

177 2426 250 2479 tura
271 2436 308 2480 es
327 2417 452 2481 hestiae
466 2417 630 2482 Christum
653 2415 822 2502 loquenti?
844 2418 1014 2504 Necdum
1036 2420 1138 2479 verba
1158 2414 1347 2494 compleve-

178 2531 227 2584 rat
249 2530 283 2583 et
305 2522 398 2605 quasi
421 2525 597 2606 pennigero
618 2525 727 2587 velatu
747 2512 910 2606 petuleum
932 2520 1053 2608 animal
1072 2519 1206 2600 aufugit.
1253 2513 1346 2592 Quo-

178 2625 252 2688 dam
287 2634 432 2708 tempora
464 2628 645 2691 istiusmodi
677 2630 772 2691 ltomo
803 2645 888 2688 uuus
919 2623 1094 2709 perductus
1125 2631 1174 2684 est
1196 2619 1346 2682 Alexan-

178 2728 279 2793 driam
305 2740 337 2793 et
367 2749 516 2813 magnum
539 2733 658 2816 populo
690 2730 910 2814 spectaculum
932 2728 1077 2812 praebuit
1098 2734 1131 2788 et
1154 2734 1279 2808 postea,
1301 2741 1344 2784 ne

178 2834 320 2897 cadaver
348 2837 496 2899 exanime
525 2837 632 2900 calore
665 2838 747 2900 solis
778 2845 811 2899 et
839 2836 974 2898 aestatis
1007 2831 1241 2914 dissiparetur,
1275 2827 1347 2890 sale

174 2940 321 3002 inlusum
341 2940 383 3003 ad
403 2940 606 3003 Antiochiam
628 2942 810 3024 imperatori
832 2939 1007 3005 videndum
1030 2927 1164 2999 allatum
1184 2942 1245 3002 est.
1275 2935 1346 2995 Hos

177 3063 240 3127 ego
261 3063 322 3108 uec
350 3045 453 3108 Fauui
475 3064 536 3126 nec
566 3045 699 3108 Saturni
720 3046 803 3109 lilios
824 3046 972 3126 credam,
1002 3042 1077 3104 dum
1107 3040 1267 3103 hominesx
1281 3038 1345 3118 isti,

177 3150 225 3212 illi
246 3150 496 3214 vere-animalia
518 3151 612 3214 bruta
633 3151 711 3216 sint.¹
752 3150 820 3213 Sed
837 3148 995 3234 possibile
1016 3153 1082 3227 est,
1105 3145 1192 3207 cirea
1214 3142 1346 3204 Saturni

178 3263 325 3336 tempora
352 3253 404 3314 vel
439 3254 542 3316 Fanni
565 3273 606 3316 ex
637 3256 686 3317 eis
716 3265 805 3317 ortus
841 3264 893 3318 est
926 3271 1015 3315 error
1036 3259 1069 3312 et
1095 3249 1136 3312 da
1164 3248 1212 3309 eis
1243 3247 1346 3328 primo

177 3359 320 3420 recitatio
341 3359 424 3418 iuter
443 3356 648 3420 mulierculas
669 3360 781 3421 haberi
803 3359 917 3440 coepit.

179 3517 181 3526 ,
258 3463 394 3525 Decimo
432 3471 546 3542 quarto
582 3460 722 3527 solitudo
749 3464 803 3526 vel
832 3462 994 3526 desertum
1017 3463 1070 3521 est
1097 3446 1346 3520 locus'daemo-

175 3584 268 3648 num,
302 3565 537 3662 undeJlfoblae
564 3565 654 3630 Vlll.
685 3568 819 3650 legitur,
848 3565 934 3652 quod
963 3561 1179 3646 archangelus
1199 3553 1347 3638 Bephael

173 3672 323 3754 religavit
344 3670 544 3734 Asmadeum
564 3673 597 3736 in
629 3671 793 3736 desertum
812 3672 988 3754 superioris
1011 3668 1169 3749 'Aegypti
1212 3663 1254 3725 lli
1276 3660 1346 3722 Do-

176 3775 282 3839 minus
303 3774 419 3838 ductus
442 3776 549 3838 estin
571 3774 753 3857 desertum,
781 3785 816 3839 ut
839 3775 985 3838 diabolus
1007 3791 1080 3836 eum
1102 3772 1145 3833 ibi
1175 3767 1345 3831 inveniret.

257 3881 396 3961 Propter
417 3898 478 3943 sex
510 3888 685 3963 sequentes
708 3879 827 3943 deserti
849 3879 1054 3943 conditiones
1081 3874 1243 3937 intrahunt
1271 3868 1345 3932 alirn

173 3983 320 4051 homines
339 3993 453 4046 sancte
475 3986 589 4047 vivere
610 3987 792 4066 cupientes.
833 3983 928 4047 Unde
947 3983 982 4044 in
1007 3979 1120 4062 regula
1138 3977 1226 4040 beati
1247 3976 1347 4038 Jeru-

173 4090 263 4172 uymi
286 4087 366 4170 Cap.
386 4088 445 4156 tx.
467 4087 576 4152 laudat
598 4088 797 4172 Jeronymus
819 4088 1003 4167 desertum,
1025 4084 1155 4147 dicens:
1172 4079 1207 4158 ν0
1230 4080 1347 4143 deser-

173 4200 242 4256 turn
264 4193 375 4256 decem
395 4192 528 4256 floribus
550 4211 709 4272 vernans,
731 4213 751 4255 o
773 4189 930 4274 solitudo,
952 4193 987 4254 in
1009 4207 1073 4273 qna
1094 4187 1140 4250 illi
1167 4193 1347 4250 naseuntur

174 4295 316 4378 lapides,
334 4297 375 4360 de
395 4297 512 4382 quihus
533 4300 612 4362 urhs
633 4299 730 4366 beata
750 4297 958 4372 construitur,
980 4315 1000 4360 o
1032 4311 1160 4358 eremus
1182 4292 1347 4356 familiaris
