3016 4872
135 439 304 522 migrante
326 441 443 513 omnies
462 434 534 518 ejus
555 433 705 496 monachi
726 423 945 514 migraverunt
967 448 1040 494 oum
1070 447 1109 494 eo
1136 439 1169 493 et
1188 431 1223 496 in
1243 447 1308 502 ιιιιιι

136 549 343 610 monumento
365 539 463 608 locati
482 546 572 620 suut,
595 535 681 620 quod
703 554 809 619 usque
828 535 925 598 hodie
945 535 1063 598 ibidem
1083 545 1285 601 monstratur.

220 646 298 708 Nou
318 646 416 726 louge
443 663 465 708 a
489 642 561 708 looo
589 642 730 706 vidimus
756 641 922 724 superiora
948 639 1096 704 aedilicio
1124 643 1309 706 monasterii

137 752 170 817 S
196 749 328 814 Sabboe
361 749 498 830 abbatis,
516 748 557 812 de
580 766 645 832 quo
665 763 764 830 supro
784 743 883 828 longa
898 745 985 808 laeta
1005 755 1057 808 est
1076 749 1195 810 mentio
1216 746 1254 818 Ρ.
1278 749 1308 812 1.

136 855 207 920 not.
230 855 306 920 234.
322 854 363 917 Α

221 981 267 1042 nt
293 981 345 1042 his
374 981 456 1045 visis
484 978 526 1041 de
556 985 664 1040 monte
684 974 912 1038 descendimus
947 980 981 1037 et
1006 975 1040 1037 in
1070 976 1237 1040 Bethleem
1266 977 1309 1042 ad

138 1102 295 1168 vesperas
316 1086 441 1146 reversi
461 1099 583 1146 sumus.
625 1081 820 1163 Reperimus
847 1085 955 1142 autem
978 1080 1144 1144 dominnm
1159 1083 1309 1146 vaccar-¹·

140 1190 260 1271 diuum,
282 1191 348 1270 (b)
369 1195 533 1270 potentem
555 1185 768 1249 Sarracennm
791 1185 832 1247 de
853 1184 1046 1270 Jerusalem,
1068 1205 1141 1249 oum
1160 1189 1230 1250 suis
1256 1188 1309 1250 la·-

138 1293 234 1358 mnlis
253 1296 309 1376 ibi,
324 1295 378 1376 qui
391 1295 547 1356 accersito
562 1290 850 1354 'l'rutschelmauno
867 1299 977 1354 nostro
998 1311 1071 1354 oum
1092 1291 1172 1355 dure
1189 1295 1308 1375 arguit,

139 1398 226 1483 quod
248 1417 308 1462 nos
328 1398 382 1462 illo
405 1398 459 1466 die
479 1398 523 1459 ibi
555 1415 686 1458 manere
713 1395 858 1477 permisit
886 1398 980 1479 eique
1001 1399 1181 1480 praecepit,
1210 1406 1247 1460 ut
1274 1399 1309 1460 iu

140 1505 315 1566 crastinum
336 1521 463 1584 summo
485 1519 581 1566 mane
602 1518 663 1564 noa
682 1499 855 1564 deduceret
875 1519 935 1583 per
948 1503 1037 1566 viam
1057 1511 1210 1566 nostram.

475 1778 661 1854 Recessus
687 1777 734 1853 de
760 1777 964 1895 Bethleem..

225 2001 363 2064 XXVll.
387 2001 440 2066 die
466 2006 575 2066 statim
603 2010 770 2067 transacta
800 2003 907 2066 media
936 1961 1032 2066 nocte
1065 2005 1154 2068 venit
1176 2005 1311 2070 Calinus

142 2125 281 2189 magnus
302 2107 343 2169 ad
364 2107 581 2171 habitaculum
604 2108 846 2191 peregrinorum
872 2124 999 2193 nosque
1019 2110 1175 2172 excitavit
1195 2111 1237 2173 ad
1255 2129 1311 2174 re·
1423 2127 1427 2136 ’

142 2230 284 2280 cessum.
324 2211 461 2291 Festine
482 2233 559 2296 ergo
581 2215 779 2276 surreximus
816 2221 848 2274 et
877 2213 1019 2296 ingressi
1049 2233 1182 2296 specum
1205 2215 1311 2278 domi-

143 2318 237 2379 nicae
258 2318 440 2380 nativitatis
462 2318 583 2382 Officia
604 2329 715 2382 nostra
743 2318 882 2382 diximus
909 2323 944 2378 et
972 2319 1095 2382 Missas
1115 2320 1253 2402 legimus
1278 2321 1313 2384 in

142 2422 196 2484 illo
219 2421 430 2486 devotissimo
453 2421 535 2503 loco,
558 2441 578 2484 a
599 2443 662 2507 quo
684 2425 883 2488 invitissimo
903 2427 1113 2508 recessimus,
1136 2426 1229 2488 rrobis
1250 2444 1312 2488 au-

143 2535 208 2588 tem
236 2527 269 2589 in
298 2525 515 2606 celebratione
546 2528 721 2592 Missurum
742 2527 954 2590 existentibus
987 2527 1155 2594 descendit
1177 2529 1313 2593 Calinus

144 2630 348 2710 Sarracenus
360 2639 393 2691 et
411 2649 527 2713 magno
543 2631 683 2706 clamore
704 2632 746 2694 ad
768 2651 931 2695 recessum
945 2651 1006 2696 nos
1026 2633 1214 2698 stimulavit.
1244 2634 1313 2698 Cea

145 2738 255 2800 leriter
286 2754 364 2817 ergo
394 2754 454 2798 nos
478 2735 701 2817 expedivimus
721 2746 753 2799 et
775 2738 901 2818 egressi
921 2739 1153 2820 supellectilem
1171 2749 1313 2802 nostram

145 2842 356 2924 exposuimus
375 2840 600 2923 imponendam
623 2841 755 2904 camelis
770 2849 802 2902 et
824 2842 1002 2923 incepimus
1029 2863 1164 2906 onerare
1177 2844 1311 2924 bestias,

74 2991 77 2998 -
144 2955 178 3009 et
196 2939 279 3030 quia'
304 2944 391 3006 illius
412 2947 518 3028 operis
540 2944 646 3008 adhuc
671 2964 764 3007 usum
797 2952 830 3006 et
852 2946 1114 3010 consuetudinem
1148 2956 1181 3008 et
1211 2955 1315 3010 artem

144 3071 210 3114 non
239 3051 426 3132 babuimus,
449 3067 510 3112 uec
541 3050 782 3134 camelariorum
811 3067 933 3130 mores,
953 3051 1049 3132 signa
1069 3059 1102 3112 et
1133 3051 1313 3116 locutiones
1393 3035 1395 3040 ¹

145 3143 276 3218 minime
296 3153 522 3237 intelleximus,
531 3171 598 3240 ¹neo
619 3154 683 3236 ipsi
693 3170 753 3214 nos
774 3152 1007 3235 intelligebant,
1024 3154 1098 3218 ideo
1119 3175 1178 3238 por
1191 3156 1314 3238 aliquot

146 3259 217 3322 dies
241 3276 312 3320 oum
334 3260 460 3342 mugnis
486 3259 597 3342 litigiis
620 3267 652 3322 et
674 3257 918 3323 difficultatibus
947 3259 1057 3322 multis
1079 3243 1178 3323 onera
1197 3261 1313 3330 bestiis

146 3362 365 3444 imposuimus.
408 3363 488 3425 lude
520 3373 627 3426 autem
655 3363 813 3425 oriebatur
835 3351 1024 3448 difficultas,
1054 3367 1130 3450 quia
1150 3366 1315 3430 camelarii

147 3467 343 3549 recipiebant
363 3467 583 3530 indifferenter
604 3467 793 3532 decumulo
808 3485 913 3530 rerum
931 3453 1022 3532 ¹uunc
1034 3473 1096 3534 hoc
1120 3490 1206 3535 nunc
1223 3471 1313 3555 illud,

146 3579 182 3636 ut
207 3573 353 3656 aequalia
374 3590 473 3636 onera
493 3573 627 3634 camelis
649 3573 807 3655 facerent,
825 3580 859 3634 et
880 3574 942 3637 hoc
962 3578 1056 3658 ruobis
1079 3577 1314 3641 inconvenieus

146 3677 217 3760 luit,
232 3677 308 3761 quia
322 3676 419 3740 divisi
433 3695 561 3740 eramus
579 3679 612 3742 iu
631 3688 698 3740 tres
710 3688 834 3761 partes,
843 3686 875 3739 et
895 3677 1019 3744 divisas
1033 3701 1087 3746 res
1099 3684 1267 3748 habuimus
1281 3690 1316 3744 et

146 3801 210 3845 non
228 3800 424 3865 communes,
437 3780 497 3844 sed
512 3783 626 3845 cameli
644 3792 733 3845 erunt
747 3784 840 3847 uobis
853 3785 1051 3864 communes,
1063 3793 1096 3844 et
1107 3784 1168 3847 hoc
1183 3803 1247 3846 non
1261 3785 1315 3844 in·
1360 3781 1369 3794 '

146 3887 334 3968 telligebaut
348 3885 530 3970 Sarraocni,
547 3887 606 3952 sed
618 3890 781 3972 putabant,
803 3889 910 3952 omnia
923 3905 999 3950 esse
1020 3889 1201 3951 communia
1213 3893 1247 3949 et
1261 3889 1315 3950 ἰιι-1
1354 3929 1357 3939 =

147 3989 288 4054 discrete
312 3993 519 4075 imponebant
540 4012 647 4076 onera,
669 3994 726 4075 ita,
747 3993 833 4075 quod
855 4012 939 4057 unus
960 3993 1102 4056 camelus
1123 3992 1316 4076 quaudoque

145 4096 289 4178 portavit
302 4115 354 4158 res
370 4099 461 4161 trium
474 4100 667 4161 societatum
679 4106 711 4160 et
724 4116 785 4161 sex
799 4097 853 4160 vel
869 4103 943 4160 octo
956 4098 1214 4179 peregrinorum
1235 4104 1268 4157 et
1281 4096 1323 4156 in'

145 4199 348 4282 depositione
367 4205 498 4266 oncrum
511 4202 609 4272 tiebat
623 4202 781 4284 conlusio,
795 4201 885 4266 labor
903 4207 939 4264 et
955 4200 1133 4284 discursus,
1146 4200 1220 4262 dum
1241 4201 1315 4283 qui-

146 4303 224 4368 libet
250 4300 426 4388 cogebatur
446 4324 537 4378 snam
562 4306 795 4391 supellectilem
816 4307 849 4370 iu
876 4308 980 4370 tribus
994 4306 1051 4394 'vel
1072 4315 1208 4389 quatuor
1235 4307 1316 4372 locis
1398 4339 1402 4346 ·

1073 4405 1109 4464 22
