2954 4914
700 203 814 302 'tro

201 417 371 498 (DUM)
405 417 456 480 sic
487 419 618 500 circuit,
653 433 814 499 quaerens
846 415 984 498 exitum,
1018 416 1181 498 accipiant
1211 415 1317 481 sudes
1346 427 1390 481 ct

147 547 151 556 ·
198 542 295 608 acus,
332 531 367 586 et
385 541 466 584 eum
484 529 644 604 ,pungunt
662 507 718 594 fet,
740 519 781 583 ad
810 521 890 582 imm
922 519 1145 588 vehementem
1173 531 1385 604 provocant3

198 631 275 697 dum
297 629 404 692 autem
425 628 580 692 incensus
601 625 796 707 inflatusque
818 623 932 707 tuerit,
955 643 1051 696 omne
1071 640 1252 704 venenum,
1290 619 1384 683 alias

198 750 396 820 percorpus
423 729 591 815 diffusum,
613 733 647 795 in
668 739 820 812 caputet
852 729 987 792 caudam
1018 711 1172 809 recurrit,
1202 736 1237 790 et
1272 735 1382 788 acuto

197 837 301 904 cultro
321 837 375 900 vel
398 836 519 899 rasorio
541 836 608 898 ictu
628 853 693 896 nno
714 843 887 918 utrumque
908 833 1128 916 abscinditur,
1152 841 1185 896 ct
1207 832 1237 894 si
1262 829 1381 892 solum

196 961 261 1010 uua
280 960 356 1028 pars
373 925 432 1004 'nel
454 948 551 1022 capnt
571 939 633 1002 vel'
647 927 751 1001 canda
771 925 937 1021 amputata
958 939 1074 1021 luant,
1106 936 1212 1000 media
1243 934 1380 998 inutilis

196 1050 267 1122 erit.
290 1043 395 1120 Docta
405 1053 455 1107 ost
469 1044 551 1123 haec
565 1045 668 1106 hestia
682 1053 816 1105 naturae
826 1042 985 1106 industria
995 1045 1138 1108 rotinere
1156 1059 1287 1105 venena
1297 1058 1387 1120 sua,-

196 1151 369 1218 etnonnisi
380 1157 449 1211 arte
460 1165 577 1230 magna
591 1155 716 1229 oportet
729 1165 799 1208 eam
808 1148 1042 1212 circumveniri.
1060 1147 1124 1210 Pro
1135 1164 1252 1228 magno
1259 1154 1377 1207 antem

111 1276 115 1282 ·
169 1291 175 1302 ·
196 1261 300 1344 pretio
315 1271 444 1320 venena
460 1249 516 1314 illa
536 1251 729 1333 venduntur,
743 1268 841 1333 super
864 1235 980 1314 aarum
996 1262 1030 1314 et
1047 1252 1173 1335 lapides
1189 1250 1375 1334 ¹pretiosos.

195 1362 289 1422 Haec
310 1355 374 1428 duo
396 1354 574 1436 singularia
592 1353 693 1431 ¹hahet
715 1355 865 1419 dominus
897 1355 1143 1419 Soldanns.rex
1164 1353 1314 1438 Aegypti
1337 1353 1374 1418 in

195 1462 267 1526 suis
285 1459 450 1522 thesauris
472 1458 653 1542 recondita,
676 1463 759 1544 quae
780 1462 956 1545 gignuntur
977 1461 1011 1522 in
1029 1446 1125 1522 ¹terra
1146 1476 1216 1541 sua,
1238 1457 1373 1520 scilicet

137 1597 138 1602 1
197 1566 360 1630 balsamus
402 1570 435 1624 et
463 1571 557 1645 tyrus
585 1567 731 1646 serpens.
775 1566 872 1648 ldeo,
904 1567 989 1630 sicut
1011 1583 1075 1628 non
1112 1563 1372 1626 intromittuntur

195 1669 358 1755 peregrini
379 1668 413 1730 in
434 1667 561 1730 hortum
591 1669 743 1753 balsami,
777 1673 841 1736 nisi
873 1689 946 1734 cum
976 1671 1124 1734 maximis
1153 1670 1308 1750 cautelis,
1333 1677 1370 1730 ut

195 1782 285 1860 patet
312 1772 366 1836 fol.
388 1771 441 1837 65.
466 1771 503 1832 Ρ.
527 1774 585 1854 ΙΙ.,
616 1775 665 1858 sic
691 1759 753 1838 nec
790 1776 924 1857 evagari
953 1775 1031 1838 licet
1052 1773 1093 1842 ad
1116 1769 1213 1836 maris
1246 1774 1370 1836 mortui

140 1943 144 1950 ,
196 1878 304 1942 littora
340 1885 474 1960 propter¹
511 1884 619 1960 tyrum
668 1888 701 1941 et
738 1889 868 1962 propter
919 1880 1033 1962 gluten
1062 1869 1246 1962 judaicum,
1278 1876 1368 1960 quod

196 1981 419 2050 etiamsolum
441 1982 486 2047 ibi
508 1991 558 2046 est
578 1985 748 2064 reperibile
763 1985 858 2066 J'nxta
879 1986 979 2048 littus.

266 2085 387 2165 Quinta
405 2089 487 2150 ratio
514 2087 715 2152 difficultatis
737 2099 788 2151 est
815 2090 920 2153 foetor
941 2100 974 2153 et
996 2109 1098 2172 vapor
1117 2087 1222 2150 malus
1247 2084 1288 2147 de
1308 2083 1366 2146 illo

196 2193 279 2256 mari
300 2205 521 2274 consurgens,
550 2211 614 2276 qno
634 2195 729 2258 homo
751 2214 815 2258 non
841 2203 993 2258 assuetus
1012 2175 1151 2258 faciliter
1171 2192 1312 2255 inlicitur
1332 2198 1366 2252 ot

194 2297 377 2362 infirmatur
398 2305 432 2359 et
454 2299 597 2360 moritur.
666 2281 670 2288 ’
698 2313 701 2320 “
840 2307 843 2314 ’
1030 2291 1033 2298 ’
1217 2303 1230 2312 ”

159 2428 161 2433 ·
278 2399 381 2463 Sexta
402 2401 486 2482 ratio
504 2402 564 2464 e'st.
607 2401 766 2466 Dicebant
796 2405 880 2467 enim
892 2449 903 2487 ,
935 2401 1014 2467 nihil
1036 2401 1160 2484 pulchri
1192 2399 1236 2464 ibi
1275 2403 1363 2482 ossa,

195 2521 257 2570 nec
300 2503 474 2600 quidquam
525 2503 717 2568 delectabile
760 2518 908 2572 essemus
950 2509 1076 2589 visuri,
1124 2505 1196 2571 sed.
1225 2505 1365 2568 habituri

193 2626 329 2694 manem
356 2608 517 2689 laborem,
550 2627 713 2692 expensas
746 2610 876 2679 inutiles
902 2623 935 2676 et
964 2615 1095 2676 timores
1127 2610 1257 2673 multos.
1299 2607 1376 2670 llis·

195 2723 228 2776 et
262 2713 335 2776 aliis
374 2711 618 2779 difficultatibus
654 2716 773 2778 auditis
803 2718 932 2800 quidam
965 2717 1128 2801 peregrini
1160 2720 1363 2776 retrocesse-

195 2828 286 2901 runt,
309 2817 453 2882 dicentes
475 2835 514 2902 se
534 2839 598 2882 nou
620 2819 716 2902 velle,
739 2823 866 2885 etiamsi
888 2829 938 2886 eis
958 2826 1097 2906 pretium
1121 2819 1260 2899 daretur,
1282 2815 1363 2878 des-

194 2925 341 2992 cendere.
375 2925 443 2992 Alii
474 2941 553 2987 vero
580 2925 632 2987 his
655 2926 945 2990 nonobstantibus
976 2927 1140 2990 instabant
1159 2942 1216 3012 pro
1238 2919 1360 2984 deduc-

194 3032 296 3115 tione,
319 3038 352 3096 et
372 3031 554 3112 itaiternm
578 3029 674 3094 divisi
695 3029 817 3108 fuimns
839 3033 880 3094 in·
894 3032 974 3095 duas
998 3039 1129 3113 partes,
1157 3029 1241 3091 siout
1260 3044 1360 3107 supe-

192 3139 259 3201 rius
281 3137 415 3219 contigit
436 3135 477 3198 de
498 3137 758 3217 peregrinatione
770 3134 937 3199 Galilaeae
958 3144 992 3198 et
1011 3134 1192 3214 Nazareth,
1218 3139 1253 3194 nt
1273 3138 1359 3212 patet

193 3241 248 3304 lol.
269 3243 335 3304 222
359 3238 400 3300 A.
423 3238 533 3318 Major
555 3246 661 3302 tamen
682 3258 760 3322 pars
781 3242 1023 3324 peregrinorum
1045 3240 1200 3322 petebant
1216 3255 1254 3300 se
1276 3233 1358 3316 duci,

192 3360 254 3406 neo
274 3343 434 3405 desistere
453 3337 616 3423 volebant,
638 3345 764 3408 etiamsi
784 3345 947 3410 dominum
960 3344 1119 3429 Naydon,
1150 3342 1356 3426 praelectum,

115 3442 124 3462 “’
191 3457 304 3530 petere
331 3464 389 3529 pro
419 3442 551 3520 licentia
572 3455 606 3514 et
634 3449 728 3513 salvo
758 3451 918 3515 conductu
947 3449 1110 3514 deberent.
1155 3448 1219 3510 llis
1240 3444 1356 3509 auditis

192 3551 435 3633 Sabathytanoo
457 3546 570 3612 eodem
593 3549 646 3614 die
666 3557 751 3618 misit
773 3557 815 3620 ad
829 3557 960 3639 Ameth,
983 3555 1183 3638 praelectum
1205 3553 1238 3614 in
1258 3549 1357 3613 heth-

190 3656 313 3738 lehem,
334 3656 485 3718 Maurum
507 3655 687 3723 animosum
712 3670 745 3724 et
765 3661 904 3746 fidelem,
926 3663 1072 3747 quierat
1094 3657 1258 3721 Arabibns
1278 3671 1356 3717 con-

190 3757 376 3824 foederatus
405 3777 466 3822 nac
498 3775 555 3824 eos
577 3764 754 3847 metuebat,
783 3765 979 3850 adhortans,
1011 3773 1049 3829 nt
1078 3763 1135 3828 illa
1162 3770 1257 3825 nocte
1285 3777 1354 3822 cum

189 3865 273 3930 XIV
294 3867 389 3930 mulis
408 3874 463 3929 aut
481 3865 582 3931 asinis
603 3868 731 3930 veniret
763 3869 805 3932 de
825 3871 1015 3950 Bethlehem
1035 3872 1069 3935 in
1103 3866 1289 3932 Jerusalem
1315 3861 1355 3926 od

189 3978 329 4034 montem
361 3971 469 4055 Syou,
502 3979 537 4035 et
567 3973 757 4056 peregrinos
788 3975 921 4040 duceret
950 3979 990 4041 ad
1018 3995 1107 4040 mare
1139 3978 1299 4036 mortuum
1323 3975 1354 4032 at

188 4074 358 4142 reduceret
388 4094 446 4160 pro
480 4078 583 4158 pretio
621 4079 684 4140 sibi
714 4081 895 4149 statuendo.
936 4082 1009 4146 Nos
1030 4100 1109 4146 uero
1142 4075 1353 4160 disposuimus

188 4181 293 4246 cibum
315 4201 353 4246 ac
381 4187 495 4268 potum
522 4199 581 4265 pro
611 4179 736 4248 duobus
763 4183 879 4250 diebus
913 4198 946 4252 et
973 4206 1039 4251 una
1068 4195 1165 4250 nocte
1189 4181 1352 4246 nobiscnm

187 4285 344 4354 ducendis
361 4305 420 4373 per
440 4284 527 4350 uam
548 4285 644 4350 illam.
