2962 5022
692 389 696 396 '
768 389 833 454 tot

216 575 343 643 duobus
361 568 518 656 lapidibus
531 565 574 632 de
593 576 736 633 tumente
754 565 880 631 fortiter
900 565 1020 631 collisit
1039 566 1233 659 adinvicem
1261 569 1374 654 ignem·

215 697 295 765 que‘
312 690 494 760 provocans
529 674 606 755 igue
643 670 795 770 incendit,
824 677 859 732 et
891 669 1037 735 collectis
1071 672 1247 736 sarmentis
1283 675 1375 756 iguem

216 778 527 864 meguum‘t'ecimus
557 785 591 839 et
610 777 858 840 circumstantes
878 775 1022 836 membra
1043 775 1192 838 sommus
1225 774 1376 861 Cogitavi,

216 882 304 967 quod
325 882 435 945 Arabs
456 881 511 944 ille
531 887 631 943 erlem
654 879 742 941 illam
763 876 921 940 educendi
942 879 1048 960 iguem
1072 879 1113 940 do
1137 878 1287 942 silicibus
1301 879 1377 942 ‘didi-
1431 919 1432 922 =

216 987 297 1052 ecrit
324 1004 345 1049 a
371 984 574 1066 Prometheo,
603 983 669 1046 lilio
697 981 835 1063 bepetbi
864 998 906 1042 es
926 981 1010 1043 Asia
1037 991 1070 1044 et
1103 983 1249 1065 uyrupbn
1283 995 1375 1062 metra,

218 1093 273 1176 qui
295 1109 377 1155 sevo
392 1107 470 1170 suo,
491 1095 529 1150 ut
549 1095 664 1171 poetae
696 1084 859 1165 referunt,
879 1092 949 1147 erat
973 1086 1026 1147 vir
1054 1084 1327 1167 prudentissimus
1352 1097 1375 1148 et
1433 1131 1434 1181 ,

214 1205 343 1280 praeter
363 1195 443 1276 boc,
472 1189 557 1275 quod
591 1188 633 1252 de
653 1188 723 1252 luto
743 1189 929 1272 figmentum
951 1187 1090 1252 hominis
1111 1191 1288 1253 formatum
1310 1194 1373 1275 igue

216 1300 258 1363 de
278 1297 369 1363 coelo
391 1295 496 1359 furato
519 1295 682 1375 animavit,
700 1295 823 1375 primus
845 1292 886 1355 de
906 1291 1053 1355 silicibus
1074 1293 1183 1375 ignem
1205 1313 1376 1376 prouocau-

216 1403 292 1466 dum
314 1418 390 1464 osse
411 1399 528 1462 docuit.
570 1397 655 1460 Nam
678 1406 745 1459 tum
768 1398 949 1480 ignoratum
980 1397 1050 1480 fuit,
1077 1397 1184 1480 iguem
1207 1398 1312 1462 latere
1330 1399 1375 1461 sub
1432 1373 1434 1528 ⁴

219 1505 347 1589 frigidis
368 1502 522 1566 silicibus.
551 1501 651 1564 Porro
678 1500 785 1564 Vulco
807 1500 922 1563 dicitur
939 1501 1060 1582 primus
1074 1501 1183 1583 iguem
1203 1501 1376 1584 inuenisse3
1432 1529 1434 1586 q

219 1627 295 1673 cnm
326 1606 410 1669 euim
431 1604 567 1668 fulmine
587 1605 681 1667 arbor
701 1604 858 1687 quaedam
878 1605 1015 1666 incensa
1036 1603 1161 1686 luisset,
1183 1624 1229 1668 ex
1252 1626 1292 1670 eo
1311 1608 1378 1670 elire
1433 1624 1434 1704 q

217 1713 351 1776 arbores
373 1725 562 1790 succepsae,
585 1709 692 1771 omnis
714 1708 911 1791 conflagrata
935 1716 1012 1770 snut
1030 1710 1126 1790 ligus.
1153 1708 1265 1772 Vulco
1286 1720 1378 1774 auten
1432 1711 1434 1780 l

216 1816 326 1882 calore
348 1813 526 1876 delectatus
553 1809 724 1874 deficiente
750 1815 826 1896 igue
847 1812 1012 1874 materiam
1034 1811 1167 1895 adjecit,
1190 1829 1379 1880 conservum

217 1921 343 2005 ignem,
366 1935 459 2002 quem
481 1916 665 1981 bominibus
693 1915 869 1978 osteudens
890 1925 1050 1997 tamquam
1078 1932 1157 1977 use
1173 1928 1337 2000 repertum
1354 1921 1379 1980 iu

215 2033 317 2090 totum
339 2041 397 2107 per
416 2023 479 2085 boc
499 2019 685 2104 promeruit,
710 2028 745 2082 ut
766 2039 824 2082 rex
844 2019 989 2102 Aegypti
1010 2019 1204 2084 constitutus
1225 2024 1280 2085 sit.
1432 1996 1434 2060 l

187 2186 195 2194 .
297 2125 381 2191 Cum
408 2143 486 2210 ergo
512 2124 678 2189 refocillati
705 2121 813 2186 calore
846 2139 1014 2206 essemus,
1041 2125 1172 2190 titiones
1201 2129 1379 2210 accepimus
1433 2171 1434 2186 r

214 2233 336 2317 ignitos
353 2239 387 2294 et
409 2231 626 2316 processimus
647 2244 776 2291 sursum
809 2227 851 2290 iu·
871 2225 927 2289 illa
949 2227 1131 2311 crepidine,
1151 2230 1185 2290 iu
1206 2248 1275 2311 qna
1308 2226 1381 2296 non·
1433 2277 1434 2311 ,

216 2354 387 2418 numquam
409 2344 501 2398 erant
522 2335 625 2398 saltus
653 2342 685 2395 et
707 2340 867 2414 petrarum
885 2332 1042 2413 parietes,
1066 2352 1124 2416 per
1151 2351 1237 2415 quos
1258 2335 1380 2399 Arabes
1433 2347 1434 2381 l

215 2438 318 2522 primo
337 2437 537 2501 scandebant
558 2446 591 2500 et
612 2435 690 2516 iude
704 2453 836 2498 sursum
857 2454 956 2502 uuum
976 2437 1179 2520 peregrinum
1194 2447 1273 2519 post
1295 2441 1383 2504 aliun
1433 2433 1434 2504 l

219 2541 398 2602 iuuenem.
451 2539 603 2624 cognovi
633 2529 827 2624 aliquorum
859 2523 916 2602 tuo
959 2558 1069 2622 mune,
1104 2559 1197 2624 qum
1237 2544 1386 2606 minum
1433 2519 1434 2578 l

217 2642 325 2723 Deus3
342 2641 410 2704 beri
430 2663 511 2726 prae
532 2645 692 2708 caloribus
713 2645 773 2708 vix
792 2649 978 2726 poteramus
997 2645 1120 2726 spirere
1140 2653 1173 2707 et
1193 2646 1296 2710 bodie
1317 2667 1386 2732 prae

211 2745 390 2834 ¹frigoribus
410 2746 467 2808 vix
488 2735 671 2828 poteramus
693 2750 813 2816 rivere,
858 2744 985 2825 Quanto
1006 2749 1091 2810 cuim
1113 2747 1211 2812 altius
1234 2754 1386 2816 ascendi-

218 2866 308 2932 mus,
341 2835 430 2912 teuto
462 2850 626 2914 intensius
663 2852 767 2934 frigus
798 2853 969 2914 sensimus.
1027 2855 1155 2915 luteres
1189 2855 1233 2916 ad
1265 2857 1386 2919 fontem

218 2951 376 3038 quendam
391 2953 549 3037 venimus,
559 2953 655 3035 juxta
666 2975 760 3038 quem
774 2957 887 3019 iterum
902 2957 1010 3038 iguem
1025 2957 1242 3042 accendimus,
1255 2960 1340 3037 (48
1348 2964 1388 3042 ο)

115 3055 120 3064 ’
217 3067 251 3121 et
271 3059 335 3122 iam
357 3057 398 3122 de
419 3060 506 3140 ignis
527 3059 635 3122 calore
656 3059 864 3142 laetebamur,
878 3063 961 3123 sicut
983 3062 1052 3134 heri
1073 3064 1117 3124 ibi
1138 3062 1180 3125 de
1201 3079 1313 3146 equae
1335 3065 1390 3128 fri·

217 3181 296 3246 gore
327 3163 557 3226 recreabemur.
603 3160 783 3225 Calelectis
811 3166 906 3227 nobis
933 3165 1047 3228 iterum
1078 3170 1307 3249 processimus
1338 3188 1391 3252 per

217 3266 349 3330 arduum
367 3267 483 3330 saltum
506 3265 732 3330 adscendeudo
747 3266 788 3329 ad
809 3267 940 3351 longum
962 3272 1112 3352 spatium.
1140 3273 1177 3334 ln
1199 3273 1267 3336 alto
1284 3285 1390 3338 auten

216 3374 366 3435 venimus
387 3371 428 3433 ad
456 3372 551 3434 unius
580 3389 717 3453 maguae
747 3373 836 3454 rupis
871 3375 1024 3454 parictem
1056 3384 1088 3436 et
1117 3374 1158 3437 de
1188 3375 1391 3441 sublimitate

216 3473 303 3538 illius
324 3477 456 3557 perietis
478 3474 660 3538 destillabat
690 3493 775 3558 aqua
800 3476 887 3538 clara
909 3485 941 3538 et
962 3477 1061 3561 boue,
1083 3479 1175 3542 uobis
1204 3489 1322 3544 tamen
1346 3483 1392 3543 ia·
1433 3453 1434 3496 ἲ

217 3577 368 3659 stidiosa,
400 3580 475 3660 quia
507 3578 612 3642 adhuc
644 3596 738 3642 mane
769 3589 838 3642 erat
875 3589 907 3643 et
941 3581 1060 3663 frigore
1088 3602 1153 3646 nou
1182 3582 1393 3649 mediocriter

217 3680 443 3745 laboravimus.
499 3682 693 3748 Destillabet
731 3692 838 3746 autem
876 3701 961 3766 aque
992 3684 1047 3747 illa
1084 3686 1118 3748 in
1148 3692 1394 3754 concavitatem

220 3785 380 3868 quandam
411 3785 499 3867 rupis
532 3794 565 3846 et
587 3787 680 3869 qnasi
713 3786 872 3869 quandam
903 3789 1059 3871 piscinam
1093 3790 1243 3853 iaciebat·
1291 3794 1395 3857 Juxtr

214 3889 302 3952 illam
345 3879 502 3973 piscinam
543 3891 658 3953 iterum
698 3891 806 3973 iguem
847 3892 1053 3957 accendimus
1093 3903 1126 3957 ct
1172 3913 1234 3958 uos
1284 3899 1397 3961 calore

214 3995 404 4078 refecimus3
435 4001 559 4058 tautum
591 3995 675 4057 euim
708 3994 810 4076 frigus
843 3995 918 4078 luit,
950 4005 995 4079 ut,
1028 3999 1058 4060 si
1088 4000 1195 4081 iguem
1227 4017 1303 4062 uon
1336 4001 1400 4064 lua·

214 4097 416 4180 buissemus,
446 4097 678 4160 defecissemus
711 4117 788 4179 pree
817 4098 936 4181 algore.
987 4103 1026 4164 ln
1058 4103 1197 4165 ulteriori
1227 4121 1402 4185 processu

213 4203 361 4264 venimus
392 4201 555 4266 adscendo
587 4201 628 4264 de
660 4201 740 4266 locis
767 4203 907 4284 petrosis
940 4207 973 4268 in
1006 4209 1145 4285 clivum,
1176 4207 1402 4290 praecipitem

213 4301 340 4377 quidem
371 4304 429 4364 sed
459 4301 605 4387 planum,
634 4304 665 4368 id
699 4315 769 4387 est,
797 4306 869 4369 sinc
900 4311 1032 4392 rupibus
1065 4322 1107 4376 et·
1127 4313 1201 4374 siue
1232 4312 1404 4390 subustis,

213 4403 246 4450 et
277 4407 345 4458 eret
376 4401 431 4462 ille
459 4407 565 4469 clivus
592 4409 818 4492 graminosus,
841 4413 934 4494 quasi
961 4424 1098 4497 pratum.
1140 4415 1246 4482 Nobis
1285 4418 1405 4500 itaque
