2842 4882
614 225 680 291 ⁴5⁹
699 257 702 265 ,

167 401 231 465 llis
268 403 353 468 visis
383 401 427 466 de
465 402 607 466 ecclesia
640 405 767 488 egrossi
803 419 916 480 snmus
959 414 991 470 et
1024 382 1243 472 cdcmmenta

19 547 21 584 J
73 513 181 568 nostra
215 508 471 572 reassumimus
485 516 520 570 et
541 506 584 570 ad
604 507 692 571 latus
717 507 864 590 capellae
883 507 1047 592 paulmurn
1068 509 1282 576 descendi-

19 655 20 692 ,
72 629 142 673 mus
167 610 207 672 ad
244 607 318 673 XV
330 611 449 693 passus
470 619 504 672 et
525 611 722 706 speluncam
733 609 775 672 de
796 613 1056 696 superpendeute
1075 625 1167 698 petra
1188 617 1243 679 in·

18 757 21 796 J
54 714 176 794 gressi
197 731 319 778 snmus.
341 715 379 775 ln
400 731 440 775 aa
463 720 570 776 autem
589 714 742 810 prostrati
764 715 926 778 orationes
957 717 1113 782 solvimus
1133 729 1166 782 at
1186 721 1262 783 in-

18 816 156 904 ,dulg
135 821 261 880 “antiss
274 817 334 898 (lp)
351 818 546 898 accepimus.
571 818 607 889 ln
636 803 699 879 hoc
711 835 812 899 specu
828 797 946 881 mansit
948 820 1094 904 liloyes,
1114 821 1245 908 quaudo

18 971 20 996 ‚
76 940 137 982 uon
158 922 269 984 habuit
305 921 464 983 Dominus
494 920 690 1002 colloquium
718 938 792 983 (arm
814 940 872 1005 eo,
904 929 936 982 ct
965 923 999 982 ln
1020 941 1060 985 co
1077 923 1241 1004 jejunavit

18 1025 113 1116 40
133 1025 246 1087 diebus
268 1033 301 1087 et
322 1023 365 1087 40
385 1011 544 1104 udctibns,
566 1033 601 1086 ut
621 1025 725 1107 legem
738 1025 872 1087 Domini
891 1034 1067 1098 mereretur
1083 1027 1240 1108 accipere.
1362 1076 1364 1089 .

17 1131 132 1222 Est
155 1137 260 1192 autern
289 1127 446 1211 spelunca
468 1128 535 1188 lata
566 1134 601 1192 at
622 1145 755 1210 magua,
778 1146 842 1192 non
862 1127 949 1192 adnd
972 1129 1082 1192 lumen
1105 1127 1182 1206 (dd
1195 1129 1240 1212 a)
1344 1165 1349 1173 ·

17 1179 208 1313 Ι1ιιι1ιιιιι,
230 1233 293 1294 uisi
313 1231 401 1315 quod
421 1250 480 1314 per
500 1231 606 1294 locum
627 1233 776 1296 introitus
798 1235 985 1316 spargitur.
1012 1233 1110 1294 Esset
1132 1240 1240 1296 sulen

17 1373 20 1432 ,
74 1337 154 1399 satis
182 1334 419 1399 commodosum
454 1335 669 1425 babitaculum
702 1355 760 1418 pro
786 1336 1036 1436 contemplativo
1070 1336 1237 1399 monacho.

75 1441 126 1500 Ex
147 1442 295 1521 opposito
314 1439 487 1522 speluncae
501 1415 551 1502 ast
573 1437 708 1502 altitudo
730 1438 930 1522 quaedam,
919 1459 954 1502 ιιι
974 1456 1039 1524 qua
1060 1439 1235 1506 reditroata

17 1601 19 1638 ζ
74 1553 122 1605 est
144 1561 208 1606 una
223 1543 384 1628 muschus,
406 1543 545 1608 ecclesia
563 1544 778 1628 sarracenica,
796 1542 890 1624 juxta
907 1561 1004 1627 quam
1021 1544 1132 1627 plures
1151 1538 1234 1604 Sar-

16 1707 19 1748 ,
74 1649 181 1708 raeeni
202 1647 368 1731 sedebant,
389 1650 445 1731 qui
463 1650 559 1710 etiarn
581 1646 624 1710 ad
651 1646 847 1711 visitandum
881 1648 987 1712 locum
1008 1656 1154 1712 sanctum
1177 1663 1243 1730 trs-¹

16 1811 18 1852 ,
74 1751 255 1814 candaraut.
284 1737 369 1814 Nam
380 1749 900 1834 Amnem-Aegyptiiffiarracani,
916 1749 1025 1831 Turci,
1047 1749 1089 1812 de
1107 1749 1237 1832 lougin-

70 1857 146 1936 quis
173 1855 284 1917 mundi
303 1855 449 1936 partibus
469 1853 510 1914 sd
530 1854 617 1916 lrnuc
637 1852 741 1915 locum
753 1853 999 1936 peregrinantur
1018 1855 1059 1920 olr
1079 1870 1235 1914 reveren-

75 1959 150 2018 tiarn
164 1958 303 2039 Moysis.
346 1956 474 2018 llemtis
484 1957 568 2017 anim
584 1953 721 2018 iudaeis
742 1955 783 2018 de
798 1957 945 2020 omuibus
960 1953 1070 2018 mundi
1090 1954 1236 2036 partibus

67 2061 131 2122 huc
152 2062 317 2124 confluunt
337 2059 484 2121 hominos
504 2057 546 2120 de
566 2059 651 2121 omui
673 2057 737 2122 ritu
761 2068 794 2122 ot
813 2068 922 2142 sectaJ
942 2057 1062 2123 Judaai
1082 2057 1145 2120 soli
1166 2074 1234 2120 nou

65 2172 201 2246 possunt
222 2161 408 2245 ascendere,
430 2170 463 2224 et
485 2161 515 2223 ai
532 2170 676 2244 possent,
697 2163 837 2244 gentiles
859 2179 917 2226 eos
932 2182 996 2226 non
1016 2160 1231 2244 admitterent,

64 2271 140 2330 imo
151 2267 326 2332 Christiani
348 2284 406 2329 eos
427 2283 537 2328 secum
559 2273 689 2329 orantes
710 2284 775 2330 non
796 2268 1003 2331 sustinerent.

147 2375 285 2454 lusuper
309 2369 480 2453 grandis
470 2389 505 2432 ιιι
527 2377 634 2444 monte
661 2377 713 2431 est
734 2371 893 2450 cisterna,
924 2369 1039 2432 bouum
1060 2370 1235 2432 continens

65 2494 180 2557 aquarn
199 2485 232 2539 et
249 2474 396 2559 frigidam
412 2483 509 2556 atque
531 2490 654 2553 sanam,
677 2471 717 2534 de
735 2490 829 2554 quam
852 2481 958 2534 tamen
979 2491 1097 2558 aquarn
1113 2473 1234 2538 habero

68 2600 132 2642 non
155 2581 326 2662 potuimus,
349 2579 434 2660 qnia,
454 2579 488 2640 iu
512 2595 575 2659 quo
596 2576 806 2659 hauriremus,
822 2594 886 2638 nou
907 2577 1093 2661 habuimus,
1117 2587 1148 2640 et
1170 2596 1234 2660 pu·
1297 2557 1302 2574 ’

67 2691 144 2745 teus
165 2683 261 2745 valde
292 2682 378 2744 altus
409 2681 505 2760 (est.)
547 2678 677 2759 Dicunt,
697 2679 782 2741 hanc
803 2682 976 2745 cisternam
998 2697 1073 2743 esse
1092 2681 1232 2762 Moysis,

64 2787 107 2848 tle
127 2803 191 2868 qua
211 2779 311 2865 bibit3
332 2783 418 2866 quod
442 2801 506 2845 non
531 2789 687 2844 consonat
707 2779 905 2864 Scripturas,
925 2801 1010 2864 quae
1029 2784 1133 2864 ipsum
1156 2781 1232 2844 dicit

65 2891 112 2952 ibi
129 2888 308 2970 ijnuasse.
335 2889 339 2896 '

150 2990 369 3053 circuivimus
393 2995 426 3048 ct
441 2983 656 3048 lustravimus
677 2989 777 3044 totum
801 2984 917 3046 montis
948 2986 1105 3049 verticem
1127 2993 1161 3046 ct
1179 2984 1233 3048 vi·

68 3096 176 3158 dimus
197 3091 340 3174 grandes
358 3091 466 3152 ruinas
488 3087 689 3168 antiquorum
710 3103 868 3148 murorum
888 3104 1082 3170 pergyrum,
1104 3096 1137 3150 et
1158 3105 1233 3150 ere-

66 3194 165 3275 ditur,
188 3190 306 3257 ibidem
330 3195 434 3257 lnisse
452 3187 694 3271 monasterium,
716 3188 800 3271 quotl
822 3189 949 3271 quidem
966 3199 1067 3254 toturn
1082 3190 1232 3255 destruo-

61 3307 128 3358 tum
154 3305 205 3358 est
224 3305 352 3379 praeter
367 3295 548 3376 ecclesiam,
567 3293 660 3374 juxta
679 3289 776 3377 quam
797 3309 925 3378 semper
944 3304 1075 3358 manent
1086 3295 1148 3360 duo
1162 3295 1231 3358 fra-

56 3408 128 3462 tres
151 3400 192 3463 do
214 3401 406 3464 monasterio
428 3399 465 3468 S.
493 3395 699 3466 catharinae.

144 3505 252 3569 llabet
273 3508 438 3569 monsiste
459 3503 520 3565 hoc
540 3499 713 3583 singulare,
736 3500 821 3584 quod
834 3502 990 3568 rotundus
1007 3521 1134 3570 sursum
1151 3523 1229 3588 pro·

57 3608 204 3674 terrditur
239 3629 301 3674 nec
323 3610 396 3674 aliis
417 3607 578 3672 montibus
599 3604 831 3688 condependet,
863 3625 925 3670 nac
954 3617 1059 3673 tamen
1082 3609 1230 3673 omnibus

57 3713 155 3775 altior
177 3722 238 3797 ast,
259 3717 318 3778 aad
335 3715 482 3778 omnibns
501 3709 696 3793 singularior
716 3719 749 3772 et
770 3727 911 3776 ascensu
934 3711 1102 3778 difficilior.
1145 3712 1229 3775 Sunt

58 3817 147 3877 enirn
179 3834 199 3876 a
225 3819 419 3881 monasterio
447 3817 480 3878 in
508 3815 580 3897 ejus
601 3831 704 3897 usquo
723 3816 939 3878 summitatem
957 3819 1085 3880 circiter
1105 3823 1230 3898 septam

59 3917 162 3978 millia
183 3919 351 4002 graduum,
373 3919 489 3982 demtis
510 3918 606 4000 locis,
636 3917 669 3979 iu
690 3918 807 4000 quibus
829 3919 927 3981 rectis
937 3921 1090 4002 passibus
1110 3933 1230 3978 ascen-

60 4014 152 4076 ditur
173 4028 205 4079 et
228 4035 292 4080 non
312 4042 371 4104 por
390 4023 521 4105 gradus.
564 4021 616 4082 lix
637 4018 691 4083 illo
713 4028 823 4082 moute
842 4030 895 4084 ost
915 4031 1085 4102 respectus
1104 4019 1146 4082 ad
1176 4037 1230 4082 ra-
1321 4015 1323 4020 ’
1402 4017 1403 4025 ’

57 4117 182 4198 giouas
210 4120 321 4199 procul
344 4123 534 4203 existentes,
555 4119 596 4182 sd
617 4139 699 4205 quas
721 4130 827 4183 rumen
848 4122 965 4186 clarior
985 4131 1156 4207 respectas
1176 4129 1229 4186 ost

54 4219 98 4280 do
122 4228 230 4281 monte
251 4221 286 4288 S.
311 4221 513 4305 Cathariuae,
533 4223 607 4288 ideo
627 4224 750 4329 ibidem·
758 4224 870 4306 loquar
885 4224 927 4286 de
946 4225 1013 4290 lllis
1034 4225 1227 4310 regionibus
