2926 5050
224 693 329 760 ugnus
362 675 468 760 attigit
500 683 561 738 eto.
611 673 738 738 lloiudo
773 677 991 741 οιιιιιιιίιιιιιιι
1035 677 1201 743 christum
1215 679 1334 745 hodie
1368 685 1401 744 iu

222 779 369 844 Jordaue
390 781 588 865 baptizatum
612 789 672 844 eto.
730 780 788 844 Sio
816 789 924 844 tamen
952 781 994 844 ad
1024 786 1177 847 verbum:
1197 783 1296 849 hodie
1335 804 1401 849 nou

226 885 449 968 cantavimus,
481 883 542 948 sed
564 884 636 948 loeo
658 883 730 968 eius
751 887 971 950 cantavimus:
1005 887 1166 952 hoo-loco
1194 891 1228 953 iu
1249 890 1401 953 Jordane

225 993 388 1074 baptizato
409 991 548 1054 Domino
570 997 635 1056 oto.
681 987 837 1053 Creditur
857 992 960 1073 enim,
983 992 1046 1054 hoo
1065 993 1099 1056 iu
1127 993 1199 1057 looo
1219 994 1400 1058 Dominum

221 1097 420 1179 baptizatum
432 1095 536 1160 luisse
550 1093 740 1158 adohanne.
786 1095 837 1158 Ad
856 1103 983 1158 orntum
995 1105 1101 1160 autom
1117 1107 1261 1162 nostrum
1279 1115 1399 1162 omues

222 1202 406 1287 peregrini,
437 1201 493 1284 qui
519 1199 717 1262 dormiebant
743 1199 777 1260 in
800 1198 1026 1280 arundinibus,
1060 1202 1193 1265 excitati
1208 1203 1347 1266 fuorunt
1368 1213 1400 1266 et

222 1316 430 1372 aoourrerunt
460 1304 502 1367 ad
523 1321 592 1366 uos.
634 1302 703 1366 Sed
725 1311 758 1364 et
777 1301 949 1367 Sarraoeni
970 1307 1106 1368 oxoitati
1133 1307 1263 1370 stabant
1293 1325 1400 1390 supra

221 1423 253 1476 et
276 1411 427 1476 deorsum
457 1405 524 1492 [ot]
559 1408 601 1471 ad
634 1424 694 1470 nos
716 1407 943 1490 respiciebant.
983 1409 1159 1492 Postquam
1184 1421 1291 1492 autem
1314 1431 1398 1476 oan-

219 1517 362 1578 tavimns
384 1531 434 1594 ea,
456 1531 546 1598 quaa.
559 1513 594 1575 in
612 1511 846 1596 processionali
866 1513 1067 1596 praescripta
1091 1523 1195 1598 eraut,
1215 1516 1248 1578 in
1270 1524 1396 1579 terram

225 1618 403 1683 oeoidimos
435 1625 468 1680 et
499 1633 625 1680 sauram
646 1616 810 1679 humidam
842 1617 972 1681 humum
1007 1617 1185 1681 deoseulati
1213 1637 1330 1683 sumus
1365 1630 1396 1682 et

222 1719 441 1807 indulgentias
469 1713 648 1805 plo'na‘riae·
663 1720 863 1786 remissionis
892 1723 1088 1805 aooepimus·
1114 1723 1208 1805 (ἦ).
1240 1725 1302 1786 llo
1330 1725 1395 1787 ali-

26 1825 30 1834 '
116 1865 118 1870 ·
221 1825 372 1912 quamdiu
392 1827 428 1888 in
462 1827 608 1890 oratione
627 1826 883 1908 permansimus,
915 1828 991 1909 quia
1022 1826 1183 1890 dominioa
1214 1827 1286 1891 dies
1311 1838 1393 1908 erat,

222 1949 285 1995 nee
305 1931 441 1994 blissam
462 1925 603 1994 audituri
624 1946 769 2016 eramus,
791 1949 856 1993 non
878 1949 920 1994 err
940 1930 1157 2014 negligentia,
1186 1931 1245 1994 sed
1264 1950 1314 1995 ex·
1329 1934 1394 1995 iru-

219 2035 446 2122 possibllitats,
467 2051 553 2116 quae
573 2035 669 2096 stiam
691 2042 826 2098 excusat
846 2053 867 2097 a
887 2043 1023 2118 peooato
1045 2035 1328 2118 transgressionis.

225 2203 285 2280 Ilo
317 2202 546 2280 balneatione
578 2197 849 2304 peregrinorum
871 2199 907 2274 in
933 2197 1117 2294 Jordane,
1141 2209 1179 2276 ot
1202 2197 1250 2306 de
1268 2161 1391 2290 ,imbus

544 2318 842 2424 prohibitionibus
874 2320 931 2396 eis
955 2319 1064 2396 datis.
1165 2367 1170 2376 -
1234 2359 1238 2366 ·
1284 2359 1288 2368 -

305 2469 427 2532 Finitis
456 2465 652 2528 orationibus
684 2461 891 2542 deposuimus
912 2465 1107 2525 vestimenta
1132 2470 1261 2542 nostra,
1291 2472 1332 2523 ut
1358 2463 1391 2524 lu

223 2592 318 2637 saoro
342 2571 472 2634 flumine
493 2569 685 2630 lavaremur.
718 2567 792 2629 Hoo
817 2584 889 2629 oum
911 2565 1074 2630 vidissent
1100 2567 1202 2629 nostri
1225 2565 1393 2650 ductores,

224 2676 423 2740 admiserunt
450 2671 579 2756 quidem
608 2671 778 2752 lotionem,
811 2669 870 2733 sed
890 2671 951 2734 tria
971 2671 1203 2755 prohibuerunt
1227 2672 1341 2734 uobis:
1366 2675 1390 2734 l.

221 2780 308 2865 quod
330 2779 439 2842 nullus
460 2774 593 2838 deberet
613 2781 818 2838 transnatare
838 2775 980 2839 adalind
997 2775 1104 2859 littus3
1126 2778 1166 2838 ll.
1180 2774 1266 2857 qnod
1278 2775 1391 2839 nullus

221 2879 282 2944 sub
295 2879 389 2963 aquis
399 2878 530 2942 deberet
541 2895 579 2941 ss
593 2879 802 2962 immerger03
814 2881 871 2948 ΙΙΙ.
881 2879 967 2962 quod
984 2879 1093 2943 nullus
1109 2879 1239 2942 deberet
1258 2896 1391 2943 sumere

223 2984 265 3049 de
292 3002 378 3069 aqua
409 2983 465 3047 illa
492 2985 525 3046 in
548 2983 682 3047 vasculo
704 2983 746 3046 ad
779 2983 971 3067 portandum
1002 2997 1113 3048 seeum
1146 3003 1205 3065 per
1234 3001 1325 3046 mare
1355 2985 1392 3047 in

217 3095 334 3154 terram
356 3105 460 3159 suam.
500 3089 597 3153 Ratio
619 3091 741 3174 primae
754 3088 977 3172 prohibitionis
993 3087 1065 3169 fuit,
1088 3089 1164 3171 qnia
1179 3089 1393 3151 communiter

220 3202 461 3260 transnatantes
476 3195 530 3260 vel
553 3195 669 3278 aliquis
691 3194 836 3278 deipsis
858 3192 1058 3276 periclitatur
1077 3202 1109 3254 et
1130 3210 1292 3275 nunquam
1316 3211 1392 3256 om-

217 3317 278 3362 nes
308 3307 551 3367 transnatantes
590 3301 727 3364 redeunt
759 3301 831 3361 sine
858 3297 966 3380 aliquo
996 3298 1246 3379 perturbatione.
1287 3295 1391 3360 Ratio

220 3403 385 3468 secundae
406 3414 469 3488 est,
491 3407 566 3488 quia
587 3405 708 3467 fundus
729 3402 883 3465 Jordanis
904 3409 956 3462 est
977 3401 1121 3484 limosus,
1145 3410 1177 3463 et
1194 3402 1392 3465 submittens
1432 3401 1435 3410 “

219 3523 258 3567 ιι
280 3515 391 3587 posset
412 3507 504 3588 indigi
526 3508 602 3570 limo
625 3515 658 3570 et
679 3507 798 3568 necari.
841 3507 884 3568 llt
901 3522 974 3569 oum
991 3504 1053 3567 hoo
1063 3523 1250 3569 venenosae
1260 3506 1392 3570 bestiae

218 3609 252 3669 in
283 3607 383 3670 iundo
416 3619 567 3693 serpunt,
600 3628 620 3672 a
647 3609 766 3692 quibus
791 3609 885 3672 homo
919 3617 1031 3691 posset
1058 3611 1190 3672 retineri
1224 3610 1277 3672 vel
1299 3610 1391 3673 laedi

218 3709 275 3774 vel
298 3705 426 3775 ueneno
448 3713 545 3777 infioi.
588 3711 686 3777 Ratio
715 3713 830 3775 tertiae
847 3713 1071 3797 prohibitionis
1092 3721 1160 3797 ost,
1194 3717 1269 3798 quia
1290 3715 1391 3778 navi-

217 3815 306 3899 gatio
328 3813 455 3880 illarum
477 3817 607 3880 navium
630 3818 831 3900 improspera
853 3827 914 3900 est,
935 3818 968 3879 in
992 3819 1108 3901 quibus
1130 3837 1215 3901 aqua
1232 3817 1389 3882 Jordanis

216 3919 450 4004 transducitur,
478 3927 515 3983 ut
543 3922 706 3984 marinarii
727 3941 828 4004 saepo
849 3922 973 4003 experti
1003 3932 1088 3984 sunt.
1110 3920 1215 4000 uuio
1237 3924 1388 3987 veritatis

213 4021 281 4102 jam
304 4021 393 4087 diota
412 4025 553 4088 habeant
574 4021 684 4103 (ruo
704 4027 757 4104 A)
779 4028 813 4088 in
834 4043 990 4108 prooesru
1011 4026 1144 4107 patebit.
1187 4028 1291 4110 Igitur
1310 4045 1386 4090 oum

216 4125 327 4188 nudati
346 4145 504 4214 essemus,
529 4131 648 4193 flumen
669 4139 817 4194 sanetum
838 4131 980 4212 ingressi
1001 4143 1125 4213 sumus,
1148 4139 1181 4193 ot
1199 4133 1234 4193 in
1255 4132 1386 4194 nomine

215 4230 344 4294 Domini
366 4250 481 4297 sacrae
501 4233 609 4298 undae
627 4251 687 4297 nos
711 4234 936 4298 immersimus.
980 4229 1093 4314 Aliqui
1126 4242 1232 4296 autom
1264 4233 1385 4298 milites

214 4335 294 4398 nihil
315 4336 357 4399 de
374 4339 522 4402 omnibus
543 4339 613 4402 suis
641 4338 846 4402 vestimentis
876 4334 1116 4419 deposuerunt,
1141 4337 1202 4400 sed
1235 4340 1320 4401 siorn
1348 4339 1384 4401 in

215 4441 331 4500 asinis
344 4439 519 4522 sedebant,
558 4444 604 4502 ita
625 4444 659 4500 ln
689 4445 805 4521 aquam
827 4456 865 4501 se
886 4439 1130 4518 immergebant,
1153 4439 1315 4519 dieentes,
1345 4459 1384 4504 ss

217 4555 345 4622 semper
376 4541 411 4602 in
438 4541 504 4604 illis
534 4543 741 4605 uestimentis
768 4540 873 4619 magis
903 4539 1085 4624 fortunatos
1114 4541 1248 4604 loturos.
1290 4543 1384 4608 Unde
