2896 4872
554 263 703 331 ult

164 453 267 517 Porro
288 469 374 514 anuo
395 448 525 514 nomint
558 437 751 515 ttcxttttt.
773 441 938 511 virtuosus
958 463 1034 530 rex,
1055 452 1102 510 ut·
1114 447 1254 532 Aem-

58 563 134 625 tiis
159 558 348 623 refunderet
364 573 422 638 pru
443 555 512 637 his,
542 571 628 636 quse
655 555 691 614 in
721 569 823 634 regnu
856 555 989 636 saepius
1014 553 1253 636 nummisemut,

61 685 157 730 cum
181 663 369 746 ingentibus
391 662 495 742 copiis
516 657 684 723 deseendit
706 659 741 721 in
760 656 958 741 Aegyptum,
989 660 1165 742 urbemque
1192 677 1255 722 au·

61 767 499 852 tiquissimam,llsranuam
520 767 661 847 nomine,
674 763 834 827 violenter
854 764 1023 827 obsessam
1044 767 1254 851 expugnavit,
1299 761 1304 767 '

11 937 13 964 ,
63 873 302 960 praedamque
322 872 476 935 militibus
497 869 615 938 divisit
660 869 732 940 Sita
764 875 819 933 est
839 870 921 933 beee
942 871 1059 932 eivitas
1083 871 1121 932 in
1146 869 1255 932 littore

65 981 183 1044 maris
210 997 276 1044 nun
297 979 395 1060 longe
418 976 466 1038 ab
487 976 570 1038 ostio
602 975 672 1039 Nili
698 982 734 1037 et
754 975 935 1058 antiquitus
967 973 1133 1038 tlieebatur
1154 975 1253 1038 uan-

11 1141 12 1168 ,
65 1088 144 1148 nis.
191 1086 229 1146 ln
250 1083 314 1146 bau
334 1082 467 1146 civitate
488 1099 561 1150 oum
582 1099 642 1144 rex
666 1081 856 1152 consisteret
899 1097 1018 1164 parans
1040 1096 1078 1141 se
1105 1078 1146 1142 ad
1167 1079 1253 1141 iute-

11 1173 12 1176 ¹
65 1191 168 1254 riora
188 1189 333 1271 Aegypti
353 1195 534 1270 penetrare,
555 1187 699 1270 graviter
719 1185 897 1248 infirmatus
918 1193 980 1248 est.
1005 1182 1116 1262 Quare
1133 1185 1253 1248 intliuto

11 1325 23 1392 ,·
66 1294 265 1378 legionibus
292 1292 397 1356 reditu
417 1291 534 1355 leotiea
552 1301 669 1354 ventus
690 1300 757 1374 est,
780 1292 834 1354 ubi
856 1291 966 1356 morbo
996 1291 1253 1372 superatus-mi·

69 1402 194 1485 gravit
214 1397 256 1460 ad
278 1397 472 1479 Dominum,
500 1395 577 1458 inde
598 1395 834 1479 Jerosulymam
870 1403 1050 1478 reportatus
1094 1394 1254 1458 dominius

11 1569 13 1590 ἵ
71 1509 117 1567 in
145 1503 246 1568 ramis
279 1500 457 1584 palmarum
496 1501 645 1583 sepultus
677 1510 728 1564 est
756 1499 850 1583 juxta
883 1500 1013 1564 fratrem
1047 1497 1252 1568 Gutbiriduru

73 1609 145 1671 sub
184 1605 357 1672 calvariae
388 1605 468 1668 'loce
517 1607 607 1688 regia
644 1605 893 1688 magnificentia.
946 1603 1110 1687 Regnavit
1145 1613 1253 1669 autem
1317 1613 1345 1670 (ι

11 1785 12 1808 χ
74 1712 209 1778 xviii.
229 1709 359 1794 (annis)
381 1712 415 1772 in
436 1711 637 1794 Jerusalem,
658 1689 720 1774 rreo
741 1719 816 1794 pust
837 1727 876 1772 se
897 1709 1026 1793 reliquit
1047 1711 1099 1772 sui
1118 1709 1252 1774 seminis

11 1815 12 1822 ’
77 1817 301 1902 superstitem.
1041 1825 1045 1834 ’

246 1985 252 1998 “
454 1980 583 2046 'l'ertius
605 1999 663 2043 rex
683 1981 875 2066 Jerusulem.

169 2135 251 2197 Post
282 2141 412 2196 mortem
441 2134 551 2218 itaque
581 2134 716 2196 seeundi
745 2137 833 2216 regis
862 2133 1063 2215 Jerusalem,
1095 2130 1254 2216 llaltluini,

11 2315 12 2326 ,
85 2231 190 2321 hujus·
215 2238 353 2306 nominis
384 2222 610 2322 l.,‘suucessit
643 2239 677 2301 in
707 2238 841 2322 ‘regnum
882 2238 1045 2302 seeundus
1066 2237 1256 2321 Baldninus,
1337 2235 1340 2251 '

83 2347 201 2409 tertius
228 2343 414 2409 Latinorum
437 2364 495 2408 rex
513 2363 556 2408 ex
583 2345 704 2408 nostris
724 2346 758 2406 in
788 2346 987 2427 Jerusalem,
1017 2361 1102 2406 anuo
1127 2339 1257 2422 Domini

83 2448 272 2514 MCXVlll.
294 2456 328 2511 et
351 2439 430 2513 Xlll
457 2452 551 2513 annis
581 2435 749 2533 regnavit,
786 2451 910 2533 fuitque
932 2451 1095 2514 amborum
1118 2466 1255 2530 praeue-

87 2556 231 2618 ‹lentium
252 2571 363 2636 regum
385 2556 662 2638 cunsanguineus,
699 2556 804 2618 dietus
825 2555 1006 2619 Balduinus
1040 2553 1081 2618 tle
1102 2555 1254 2637 burgum,

87 2661 217 2724 natione
237 2659 403 2742 Francus,
426 2658 468 2722 tle
498 2661 666 2742 pruvincia
697 2661 870 2744 llemensi,
902 2661 990 2724 lilius
1022 2663 1174 2744 lingonis
1196 2677 1255 2724 uo-
1284 2739 1291 2750 ,

89 2767 175 2827 mitis
196 2763 238 2826 (le
259 2763 421 2843 lteebest,
455 2773 589 2847 eratque
611 2766 714 2828 torma
735 2767 955 2848 conspicuus,
983 2783 1118 2848 corpore
1138 2783 1258 2849 proae-

90 2885 161 2948 rus,
183 2869 268 2932 iauie
288 2878 445 2952 venusta,
467 2869 591 2951 capillo·
606 2889 678 2933 reru
700 2879 732 2933 et
749 2871 857 2954 plano,
879 2871 970 2932 uanis
991 2873 1102 2947 mixto,
1125 2871 1255 2932 barbam

92 2973 214 3036 babens
236 2991 348 3036 raram
376 2973 543 3056 usquead
564 2983 681 3056 peetus
703 2973 886 3058 dimissam,
908 2974 950 3038 ad
980 2993 1074 3037 usum
1097 2991 1255 3035 armornm

91 3075 220 3158 habilis,
244 3078 292 3142 rei
314 3080 462 3142 militaris
488 3078 620 3158 multam
642 3079 767 3142 habens
791 3079 1023 3162 experientiam
1030 3125 1040 3162 ,
1067 3085 1138 3139 erat
1159 3095 1256 3160 prae-
1389 3077 1393 3089 '

91 3187 179 3245 terea
200 3182 353 3268 elemeus,
374 3184 547 3266 religiosus
566 3201 605 3246 ao
626 3185 742 3246 timens
764 3184 878 3266 Deum,
902 3192 933 3247 et
956 3183 1036 3247 adeo
1057 3185 1090 3246 in
1111 3183 1257 3246 oratione

88 3285 191 3371 jugis,
211 3297 247 3350 ut
267 3289 370 3352 oallus
398 3289 530 3353 haberet
556 3289 589 3350 in
612 3290 761 3352 manibus
783 3298 816 3350 et
835 3291 986 3372 genubus
1008 3305 1087 3372 prae
1107 3288 1263 3371 genutio-¹

91 3394 238 3457 sionibus
260 3410 299 3456 ae
320 3385 517 3456 allisionum
540 3393 729 3477 frequentia.
750 3395 813 3457 llis
835 3403 867 3458 et
889 3395 962 3462 aliis
980 3395 1073 3457 bonis
1086 3393 1257 3456 'uenditio-

91 3499 181 3568 uibus
193 3515 258 3562 nun
268 3499 472 3564 obstantibus
488 3498 596 3576 multis
606 3499 804 3581 principibus
815 3499 885 3582 ejus
897 3501 1102 3583 promotioin
1122 3515 1255 3580 regnum

94 3603 186 3666 valde
227 3602 401 3686 displicuit.
460 3600 569 3679 Quare
616 3605 763 3667 comitem
806 3605 1048 3687 llelaniensem,
1095 3603 1256 3667 domiuum

94 3708 311 3790 Eustaebium,
333 3708 463 3770 fratrem
476 3707 625 3770 Balduini
647 3710 740 3792 primi
761 3707 906 3772 defuncti
928 3709 1027 3792 regis,
1048 3728 1107 3792 per
1126 3709 1257 3772 nuntius

96 3812 241 3876 solennes
273 3813 509 3895 invitsverunt,
540 3821 575 3875 ut
596 3812 638 3876 ad
660 3831 811 3897 regnum,
843 3814 929 3896 quod
953 3815 1015 3879 sibi
1047 3813 1257 3878 haereditario

94 3915 161 3998 jure
182 3906 373 4001 debebatur,
400 3918 536 3981 ueniret.
581 3916 705 4001 sieque
737 3919 813 3983 lieet
840 3921 975 3983 invitum
1006 3929 1039 3982 et
1067 3920 1258 3984 renitentem

96 4019 251 4103 usquein
278 4021 431 4106 Apuliam
460 4030 643 4106 nexerunt,
675 4025 730 4086 ubi
758 4024 894 4088 audiens
926 4025 1139 4105 llustuobius,
1173 4018 1258 4105 quod

96 4123 196 4190 netto
217 4133 361 4209 tempore
390 4127 568 4192 Balduiuus
591 4127 632 4190 (le
663 4127 772 4212 Bnrgo
808 4149 866 4194 rex
898 4139 987 4194 esset
1015 4131 1061 4194 in'
1075 4126 1257 4197 Jerusalem

98 4230 273 4314 ordinatus,
311 4231 352 4295 ad
377 4234 506 4316 propria
528 4233 738 4303 'retrocedere
759 4234 935 4317 disposuit,
963 4244 996 4298 at
1025 4231 1257 4313 asserentibus,

98 4335 176 4422 quud
211 4343 326 4416 eontra
357 4335 412 4419 jus
443 4338 564 4402 laetum
602 4337 730 4422 iuerat,
764 4339 854 4408 nullo
891 4337 986 4403 modu
1023 4345 1112 4400 stare
1148 4353 1257 4420 posse,

995 4589 1012 4624 Ι
