2954 4914
624 299 749 395 tab

132 483 179 546 illi
210 482 255 550 ita
277 481 418 561 famelici
449 489 481 544 et
514 480 641 562 miseri,
676 467 762 562 quod
788 495 846 559 pro
874 495 960 562 panc
989 478 1129 540 inermes
1161 486 1302 542 armatos

131 587 290 650 invadunt
306 605 428 669 :seque
440 588 535 649 murti
557 579 731 666 exponunt.
1268 639 1272 644 .

218 693 339 757 Tertia.
361 691 521 754 Dicebant
542 709 601 772 per
620 673 727 752 littera
750 678 851 748 maris
867 685 955 753 illius
967 703 1044 750 esse
1065 687 1165 750 multa
1185 689 1302 757 nociva

134 805 168 859 et
189 815 356 860 venenosa
376 795 542 875 animalia,
570 792 690 876 pusilla
709 809 782 853 cum
805 791 947 872 magnis,
977 799 1014 852 ut
1033 790 1161 874 lecuras,
1196 811 1301 893 umes,

134 919 233 984 apres
262 911 295 965 et
316 907 485 982 serpentes
510 915 640 961 vermes
662 907 726 970 etc

219 1003 349 1090 Quarta.
391 1005 551 1067 Dicebant
586 1021 664 1064 esse
693 999 927 1084 prohibituma
957 1017 1035 1080 rege
1066 965 1223 1082 Soldauo,
1260 1021 1302 1064 ne

135 1111 191 1192 qui
212 1109 309 1172 alieni
331 1107 525 1172 ducerentur
545 1107 586 1170 ad
610 1108 796 1187 houmere,
818 1111 851 1165 et
871 1103 933 1165 boc
954 1112 1085 1186 propter
1108 1106 1303 1169 venenosis.

134 1215 250 1277 simum
273 1212 333 1276 'sed
353 1214 586 1276 nobilissimum
610 1221 716 1293 tyrum
741 1217 935 1290 serpentem,
966 1208 1112 1272 neforto
1131 1209 1204 1290 capi
1230 1227 1303 1272 eum

135 1322 340 1401 contingeret
356 1319 397 1380 ab
419 1318 533 1380 alienis
564 1325 597 1378 et
618 1315 659 1378 dc
680 1314 786 1396 patria
804 1312 907 1394 educi,
924 1313 979 1412 qui
996 1312 1109 1376 nullibi
1129 1315 1169 1390 in'
1184 1313 1303 1378 mundo
1329 1347 1334 1356 ·

135 1423 292 1504 reperitur
323 1423 387 1486 uisi
419 1426 453 1486 in
481 1423 641 1485 littoribus
673 1421 771 1482 maris
802 1420 935 1500 mortui5
969 1417 1088 1484 idcirco
1110 1420 1170 1482 sub
1198 1438 1304 1502 poena

135 1527 253 1609 capitis
283 1506 451 1609 probibuit
479 1527 643 1592 soldanus
672 1523 788 1593 incolis
817 1531 1000 1606 terrae,-ne
1021 1533 1193 1606 serpentes
1227 1524 1302 1588 illos

136 1641 251 1713 captos
272 1631 370 1694 alicui
390 1633 548 1713 vendant,
569 1632 630 1694 sed
651 1629 715 1692 sibi
733 1645 792 1690 ecs
814 1629 848 1689 in
868 1627 1056 1710 Aegyptum
1075 1637 1301 1712 transportant.

135 1736 209 1798 Hoc
255 1743 365 1798 tamen
404 1753 564 1820 pauperes
602 1754 708 1818 saepe
736 1731 1014 1814 transgrediuntur
1056 1742 1089 1796 et
1118 1735 1304 1798 christianis
1370 1779 1375 1786 -

134 1841 365 1903 mercatoribus
388 1858 445 1902 eos
468 1840 630 1921 vendunt,
664 1837 785 1901 tamin
807 1835 970 1900 Damasco
991 1844 1025 1900 et
1044 1838 1317 1924 Barutc,1quam‘

135 1943 170 2006 in
203 1943 406 2006 Alexandria
437 1952 469 2006 et
491 1944 632 2027 Chayro.
677 1940 858 2004 Conficitur
890 1943 975 2007 enim
996 1941 1037 2003 de
1057 1942 1120 2005 boc
1151 1951 1304 2026 serpente

137 2047 401 2112 efficacissimum
434 2054 469 2109 et
500 2047 767 2128 pretiosissimum
796 2045 977 2126 tyriacum,
1012 2063 1073 2108 uec
1103 2054 1156 2110 est
1190 2067 1302 2111 verum

136 2153 315 2234 tyriacum,
354 2153 418 2214 nisi
438 2151 491 2213 de
523 2141 586 2214 boc
616 2159 767 2232 serpente
795 2157 951 2230 sumtum,
983 2167 1088 2232 aquo
1124 2160 1156 2212 et
1187 2171 1313 2214 nomen.

137 2258 279 2319 sortitur
324 2256 411 2318 'l'alis
435 2261 542 2317 autem
565 2255 687 2318 formae
710 2254 830 2318 dicitur
851 2269 926 2313 esse
957 2255 1185 2336 serpensille:
1229 2255 1304 2321 lon-

135 2360 248 2445 gitudo
284 2359 367 2463 ejus
383 2371 433 2423 est
461 2347 503 2422 ad
533 2360 629 2422 ulnae
657 2354 878 2439 medietatem,
920 2357 1106 2440 grossitudo
1130 2377 1217 2421 vero
1249 2360 1305 2424 vel

136 2465 324 2550 magnitude
345 2476 381 2529 ut
391 2467 464 2553 viri
495 2466 619 2556 pollex,
651 2466 740 2529 color
761 2465 831 2527 eius
861 2447 989 2527 luteus
997 2463 1128 2546 aliquali
1150 2464 1305 2528 rubedine

137 2573 273 2653 mixtus,
303 2579 335 2634 et
358 2571 547 2644 naturaliter
574 2588 703 2653 semper
732 2570 876 2632 nascitur
904 2576 939 2630 et
968 2577 1077 2632 manet
1107 2587 1244 2666 coccus,
1272 2580 1305 2634 et

136 2693 265 2758 semper
283 2677 388 2740 saevit
415 2673 629 2747 velocissime¹
635 2694 771 2758 serpens
788 2693 860 2738 cum
880 2674 974 2760 sibilo
994 2673 1158 2742 iracundo.
1183 2673 1306 2738 Contra

137 2778 210 2864 ejus
232 2799 391 2843 venenum
414 2780 536 2842 nullum
557 2781 701 2853 noscitur
722 2779 912 2860 remedium,
926 2786 969 2841 et
990 2781 1052 2842 nisi
1073 2781 1107 2842 in
1128 2781 1304 2842 continenti

137 2891 322 2976 amputetur
356 2882 534 2946 membrum
575 2883 646 2964 ejus
682 2903 809 2946 veneno
839 2884 1066 2964 intoxicatum,
1097 2902 1173 2945 mcx
1204 2893 1304 2948 toturn

138 3004 262 3068 cerpus
277 2985 474 3066 incenditur,
496 2985 627 3048 indatur
648 2996 681 3049 et
707 2995 866 3067 crepatur.
911 2983 1069 3047 Omnibus
1090 2988 1231 3048 bestiis'
1223 2990 1305 3050 rnsi
1354 3017 1357 3021 ·

139 3089 262 3171 diatur,
295 3089 381 3152 unde
408 3106 646 3170 nonnumquam
678 3087 820 3170 grandes
851 3087 978 3150 belluae
1004 3089 1099 3172 juxta
1125 3091 1188 3154 hcc
1217 3110 1306 3157 mara

138 3203 285 3257 mortuae
328 3195 530 3275 reperiuntur
571 3201 627 3256 ex'
653 3192 888 3254 intoxicaticne
927 3191 1000 3282 tyri.
1040 3191 1147 3276 ‚llum
1190 3195 1307 3257 irasci·
1334 3246 1338 3251 .

61 3327 68 3332 ·
138 3309 207 3382 tur,
255 3299 383 3381 igneam
417 3297 568 3380 linguam
609 3296 741 3378 emittit,
787 3313 883 3378 quam
922 3296 1131 3362 velocissime
1166 3299 1306 3364 circum·

138 3403 284 3487 ducitur,
319 3420 437 3485 corpus
466 3401 537 3484 ejus
565 3420 608 3464 ex
639 3404 688 3464 ira
708 3409 744 3463 ut
781 3402 900 3464 terrum
930 3400 1116 3488 candescit,
1145 3393 1178 3466 ct
1209 3417 1306 3490 caput

137 3508 219 3570 alias
234 3526 370 3590 parvum
397 3508 487 3571 inflat
510 3524 708 3572 excrescens
735 3507 821 3569 ultra
841 3508 1052 3590 quantitatem
1084 3513 1247 3595 corperis,
1273 3521 1307 3576 et

138 3612 237 3674 babet
269 3614 303 3675 in
333 3612 419 3676 facie
452 3613 536 3695 pilos
575 3621 624 3692 ut·
643 3599 729 3704 aper.
783 3611 820 3674 Si
853 3632 970 3696 equum
983 3597 1165 3698 intoxicat,
1197 3633 1307 3680 sessor

137 3716 209 3799 ejus
228 3716 325 3780 simul
345 3736 419 3781 cum
443 3737 481 3781 ec
501 3717 642 3781 inlicitur
662 3726 696 3779 et
718 3718 858 3797 moritur.
890 3721 935 3780 Et
955 3719 1018 3780 uici
1039 3728 1173 3784 naturae
1194 3731 1306 3785 auctor

120 3821 302 3904 'privasset
337 3821 506 3887 bestiolam
541 3823 628 3885 illam
656 3819 844 3906 luminibus,
877 3841 972 3886 nemo
1003 3835 1115 3905 posset
1137 3825 1178 3888 de
1207 3843 1307 3910 prope

138 3926 312 4010 accedere,
344 3945 406 3990 nec
434 3927 505 4009 capi
530 3913 654 4009 quovis
685 3927 942 4011 modcvualeret,
974 3931 1049 4010 quia
1079 3928 1308 3993 callidissimus

136 4047 274 4112 serpens
296 4041 369 4094 est„
399 4032 498 4094 Hunc
519 4041 704 4114 serpentem
724 4016 847 4097 medici
864 4041 896 4093 et
921 4035 1117 4114 appotacarii
1138 4034 1194 4096 tali
1213 4034 1306 4096 modo

138 4134 172 4194 in
206 4134 409 4200 coniectione
430 4135 557 4218 ‘tyriaci
587 4147 773 4223 assumuntz
816 4145 943 4219 captum
982 4136 1095 4216 rivum
1134 4137 1308 4219 accipiunt,

140 4256 280 4321 eumque
307 4241 342 4304 in
362 4240 484 4324 pelvim
518 4250 643 4324 ponunt
675 4259 814 4305 vacuam
836 4251 868 4303 et
901 4241 1017 4322 latam,
1048 4241 1082 4301 in
1112 4258 1176 4324 qua
1204 4240 1308 4321 possit
1406 4319 1408 4326 Ι

139 4337 271 4406 currere
292 4354 325 4407 et
356 4347 479 4409 exitum
515 4363 685 4428 quaerere,
730 4363 794 4408 non
828 4353 935 4406 tamen
975 4341 1134 4426 effugere,
1170 4349 1203 4404 et
1232 4341 1307 4404 dum

1040 4439 1073 4498 ιο
