2954 4914
196 543 243 607 ivi
263 543 297 606 in
318 557 432 606 eorum
452 537 635 620 hospitium,
652 543 687 600 et
706 535 906 619 refrigerium
926 535 1122 619 accepimus,
1139 536 1264 603 fuimns
1292 544 1395 606 enim

199 647 278 710 iacti
298 643 412 725 calidi,
434 642 514 708 lessi
544 651 576 706 et
599 641 731 704 multum
752 642 842 704 lessi,
899 642 942 702 Et
962 641 1008 732 ita
1029 635 1185 704 transivit
1205 643 1266 706 illa
1294 645 1392 714 dies.

198 749 235 814 Si
257 750 310 812 cui
331 747 439 830 placet
453 745 566 810 videre
586 747 739 827 anIIquae
747 743 931 810 Jerusalem
946 744 1085 839 spatium
1107 754 1140 807 et
1161 749 1390 831 munitiones,

195 853 345 934 inspiciat
365 850 546 932 Iosephum
569 849 611 912 de
632 849 716 938 helle
737 847 879 911 Jndaicc
915 847 971 914 lib.
993 847 1051 913 VI.
1075 865 1104 916 c.
1126 850 1157 912 8.
1180 851 1239 912 Ne
1259 861 1387 916 tameo

196 957 328 1023 omniuo
350 955 526 1038 praeterire
546 953 662 1044 videar
682 951 803 1034 aliquid
823 953 943 1014 certius
965 951 1053 1034 loqui
1080 951 1121 1014 de
1144 957 1387 1036 magnitudine

184 1053 286 1138 ¹illius
315 1060 541 1124 sanctissimae
570 1057 732 1138 civitatis,
762 1055 946 1135 solandum,
980 1057 1065 1140 quod
1094 1077 1308 1150 nequaquam
1334 1063 1386 1124 ita

200 1181 318 1248 magna
336 1171 404 1246 est,
425 1169 463 1226 ut
484 1161 664 1224 communis
685 1161 836 1224 aestimat
857 1159 987 1242 vulgus,
1009 1162 1064 1244 qni
1087 1181 1157 1224 eam
1175 1164 1311 1245 judicat
1335 1165 1386 1228 ita

199 1269 355 1352 grandem
392 1268 425 1330 in
458 1265 734 1341 circumferentia,
767 1265 851 1326 sicut
887 1275 938 1328 est
959 1268 993 1328 in
1015 1267 1153 1330 uomiuIs
1183 1277 1217 1329 et
1238 1271 1383 1334 uirtutis

202 1374 296 1438 same
332 1369 494 1437 -Gloriesa
517 1370 602 1432 enim
622 1369 711 1458 diota
731 1376 810 1448 sunt
828 1366 875 1432 de
894 1377 942 1449 te,
964 1372 1089 1462 civitas·
1102 1371 1176 1460 Dei,
1193 1381 1229 1434 et
1251 1372 1383 1462 dicun,-

119 1511 123 1518 ·
155 1505 167 1514 ··
202 1487 253 1542 tur
285 1463 496 1557 dicentnrque
515 1468 687 1560 quimdiu,
713 1467 864 1548 mundns,¹
881 1474 948 1548 iste
966 1463 1084 1537 durat.
1137 1477 1197 1540 IIst
1230 1496 1381 1562 namque

68 1611 71 1616 ·
204 1580 320 1644 civitas
341 1563 423 1644 haee
444 1587 478 1640 cI
498 1576 720 1660 sempcr'luit
752 1578 855 1644 minor
876 1577 1043 1661 maximis,
1065 1587 1098 1642 et
1125 1581 1224 1644 maier
1242 1573 1382 1646 medle-

203 1685 332 1766 eribns‚
364 1683 405 1746 de
440 1699 506 1766 qua
542 1682 637 1744 etiam
669 1681 811 1764 gentiles
826 1681 1021 1764 loquuntur.
1065 1683 1151 1746 Nam
1181 1688 1380 1750 Hecataeus

203 1790 301 1854 Abde
324 1788 429 1872 [rita],
451 1785 819 1879 philosophus-‚dicim
841 1786 1025 1887 Jerusalem
1047 1791 1123 1884 urbs
1142 1785 1379 1874 munitissima,

71 1881 74 1887 ’
205 1895 440 1979 qulnquaginta
459 1907 565 1972 paene
586 1879 761 1954 stadiorum
784 1890 915 1984 hahens·
935 1883 1122 1974 circuitum,
1143 1883 1239 1974 quam
1261 1895 1378 1977 plures

107 2049 110 2058 ,
204 2002 304 2081 quam'
326 1982 423 2062 CXX
442 1993 542 2060 millia
562 1992 712 2066 homines·
735 1993 941 2062 inhabitant·
968 1995 1011 2057 ut
1042 1996 1135 2078 plura
1149 2003 1377 2082 ‚prosequitur

204 2101 247 2165 de
282 2119 345 2183 ea,
376 2091 416 2162 'nt
430 2171 434 2180 ¹
448 2098 585 2162 habetur
615 2097 649 2162 in
681 2097 824 2160 llusebio
864 2096 905 2160 de
935 2115 1051 2182 evang.
1084 2113 1210 2186 praep,¹
1236 2103 1308 2177 libr.
1342 2108 1372 2170 8.

202 2226 230 2274 e.
252 2209 284 2274 2.
308 2203 394 2272 ‹ru-3.

280 2310 376 2373 Alius
395 2307 618 2392 philosophus,
632 2306 851 2390 Timochares,
874 2310 931 2391 qui
953 2308 1105 2373 Antiochi
1126 2328 1180 2372 res
1200 2319 1372 2398 conserip-

202 2417 256 2497 sit,
289 2415 422 2476 asserit:
455 2412 713 2494 Hierosolymam
744 2411 816 2472 ΧΙΛ-
846 2411 962 2476 stadiis
997 2414 1193 2479 circumduci
1224 2418 1371 2501 abruptis

171 2547 177 2574 l
204 2517 344 2578 vallibus
365 2515 506 2599 unquue
533 2525 647 2578 nature
675 2517 849 2597 munitam,
877 2518 1045 2599 ipsamque
1070 2519 1179 2584 multis
1202 2523 1303 2604 aquis
1337 2525 1372 2586 lu

206 2638 246 2681 ea
267 2619 490 2680 emanantibus
512 2617 649 2701 irrIgari,
671 2638 744 2682 cum
766 2629 874 2682 tamen
895 2639 953 2702 per
973 2639 1092 2705 gyrum
1115 2623 1156 2686 ad
1177 2625 1238 2686 XL
1267 2626 1371 2692 stadia

207 2722 316 2786 nullae
335 2721 401 2782 sint
423 2737 526 2802 aquae
547 2723 655 2783 vivae
699 2723 743 2786 Et
765 2731 894 2789 caetera
915 2724 1008 2808 plura
1029 2707 1116 2809 dicit,
1136 2728 1316 2794 uthabetar
1330 2751 1370 2794 ex

206 2826 359 2906 Eusebio,
377 2825 424 2886 uti
445 2841 544 2907 supra
565 2825 586 2892 1.
607 2824 651 2892 X.
673 2843 700 2888 c.
722 2830 753 2891 4.
1332 2905 1336 2909 .

289 2929 454 3012 Iosephus
470 2936 589 3014 autem,
600 2930 757 3013 Judaeus,
773 2933 911 3015 insignis
927 2935 1215 3019 historiographus,
1237 2938 1317 3002 libre
1337 2952 1370 3004 et

205 3055 279 3119 cap.
294 3037 335 3100 V.
360 3051 459 3117 supra
485 3033 625 3119 allegato
646 3036 737 3099 dicit:
770 3035 875 3099 Omne
890 3039 1033 3102 civitatis
1045 3040 1227 3104 Jerusalem
1245 3044 1278 3106 iu
1288 3063 1368 3126 gyro

207 3142 346 3226 spetlum
361 3141 505 3204 XXXIII
527 3140 697 3212 findebatur
718 3141 847 3223 stadiis,
876 3152 909 3204 et
930 3143 1030 3206 multe
1053 3144 1196 3226 gloriosa
1216 3147 1312 3210 valde
1336 3150 1368 3212 in

206 3265 307 3337 supra
339 3246 428 3311 dleto
455 3246 561 3328 capite
589 3245 700 3313 refert.
740 3246 887 3329 Ejusque
912 3245 1008 3312 dictis
1029 3250 1133 3332 magis
1155 3249 1268 3332 crede,
1296 3271 1366 3316 cum

207 3351 303 3415 luerit
324 3351 407 3412 civis
433 3357 467 3410 et
486 3351 675 3430 capitaneus
696 3350 805 3433 pepuli
814 3350 1012 3436 Iudaeorum
1027 3355 1061 3416 iu
1072 3353 1265 3436 Jerusalem,
1287 3362 1366 3418 tem-

207 3471 286 3536 pore
307 3469 387 3513 suae
409 3450 639 3515 destructionis
660 3473 718 3535 per
737 3454 853 3516 'I'iturm
973 3491 976 3498 ·

291 3554 343 3616 llx
363 3553 414 3613 his
435 3551 546 3635 liquet,
562 3557 646 3636 qued
655 3557 839 3642 Jerusalem
856 3558 916 3620 luit
936 3559 1125 3641 majorante
1135 3563 1364 3644 ampliationem

209 3657 326 3718 factum
349 3674 407 3737 per
420 3655 549 3720 Aelium
559 3659 758 3722 Hadrianum
781 3665 1019 3744 Imperatorem,
1041 3683 1137 3748 quam
1158 3667 1254 3730 hodie
1268 3667 1365 3748 Ulmo,

208 3768 363 3842 quaeest
386 3777 450 3824 uua
471 3761 511 3824 de
534 3763 750 3828 mediocribus
775 3767 916 3831 urbibus.
960 3768 1086 3833 Ulluam
1096 3771 1183 3832 euim
1196 3788 1259 3851 ego
1271 3787 1364 3852 saepe

208 3877 341 3928 mensus
362 3883 445 3946 sum,
466 3865 627 3949 habetque
648 3869 682 3930 in
703 3885 786 3950 gyro
808 3871 913 3934 stadia
933 3863 1033 3936 XXV
1046 3882 1086 3936 ,et
1104 3875 1233 3950 LXXV
1253 3890 1362 3955 pessus

209 3983 360 4050 magpee,
398 3989 480 4052 quae
510 3971 632 4046 iaciunt
671 3973 814 4036 stadium
854 3975 1026 4040 dimidium.
1091 3977 1132 4041 Et
1166 3979 1213 4040 ita
1242 3978 1363 4059 antIqua

207 4068 389 4132 Jerusalem
411 4077 556 4154 excessit
576 4074 701 4137 Ulmum
723 4077 756 4139 iu
778 4087 851 4142 ecte
873 4077 998 4145 sterilis.
1132 4117 1135 4124 .
1191 4149 1195 4155 ,
1353 4143 1357 4152 ,

292 4173 391 4239 Porro
419 4185 492 4258 post
513 4177 693 4260 Josephum
721 4179 830 4244 multis
859 4184 951 4246 annis
973 4167 1096 4246 Aelius.
1109 4186 1283 4266 Imperator
1307 4184 1361 4248 de-

210 4285 362 4342 structam
381 4265 562 4342 Jerusalem
587 4285 790 4364 restauravit,
810 4295 842 4347 et
865 4287 968 4348 lecum
984 4285 1155 4350 Calvariac
1177 4297 1209 4350 et
1223 4287 1362 4352 doquIci

209 4383 372 4462 sepulchri
391 4384 558 4448 moenibus
578 4384 720 4464 inclusit,
753 4385 866 4464 sicque
895 4405 965 4456 earu
994 4399 1170 4470 protento
1197 4390 1359 4471 ampliavit,
