2962 5022
671 399 737 466 4¹7³

124 602 237 670 passus
255 587 289 646 in
311 591 397 646 terra
418 589 548 664 saneta,
572 564 720 669 proditus
742 581 936 646 Sarmo'enia·
954 580 996 644 ab
1017 579 1077 644 ais.
1114 577 1158 642 tn
1178 585 1288 640 antem

45 635 57 712 μ
125 690 289 755 humanius
306 707 327 750 a
348 687 496 750 ddelibus
518 695 712 771 tractentur,
738 686 920 751 mentiendo
941 685 1061 767 dicunt,
1081 700 1121 746 aa
1141 697 1219 746 essa
1241 677 1284 744 de

47 743 58 894 ‘l
125 794 274 877 superiori
304 792 459 875 Aegypto
480 798 515 854 et
543 795 578 854 in
607 793 836 876 poenitentiam
861 789 1019 874 agendam
1049 789 1115 871 (b)
1137 789 1289 868 emissos

45 859 52 959 Ι,
125 921 178 983 pro
196 919 252 982 eo,
288 895 375 980 quod
407 898 532 962 beatam
554 898 725 980 V'mgiuem
757 914 830 958 cum
861 904 962 978 puero
980 894 1075 956 'Jesn
1100 901 1134 956 et
1161 889 1289 975 Joseph

44 959 58 1120 ἰ
126 1005 272 1068 uolebant
300 1002 440 1086 hospitio
471 1003 655 1086 suscipere,
689 1001 820 1087 quando
848 1000 1000 1082 fugeruut
1031 998 1066 1058 in
1091 997 1287 1078 Aegyptum.

126 1108 213 1188 Quod
234 1108 381 1171 fictitium
410 1115 472 1172 est.
516 1105 574 1186 Sic
596 1108 692 1170 etiarn
719 1108 844 1190 lingunt
866 1123 905 1169 se
926 1101 1130 1178 Christianos
1150 1109 1184 1162 et
1204 1098 1288 1181 bap-

56 1198 58 1208 ’
124 1217 260 1278 timentur
289 1220 321 1274 et
353 1213 595 1294 rebaptizantur
622 1221 654 1274 et
692 1211 853 1275 derisores
890 1214 1163 1292 sacramentorum
1202 1211 1290 1272 snut.

45 1295 48 1334 ¹
123 1319 192 1382 Nos
214 1335 326 1380 eorum
358 1315 520 1398 quendum
552 1317 710 1380 soiaoitati
740 1317 875 1397 luimus,
898 1328 964 1397 qua
983 1330 1025 1374 ex
1052 1312 1155 1393 patria
1175 1305 1290 1371 assati

44 1386 58 1442 μ
124 1421 319 1504 Respondit,
351 1437 390 1482 se
420 1419 617 1483 Chaldaeum
636 1429 638 1432 ’
655 1439 730 1486 cum
769 1421 941 1502 omnibus,
984 1416 1161 1499 linguaque
1198 1411 1291 1476 chal-

44 1493 58 1548 *
126 1527 204 1589 daea
224 1543 353 1608 semper
374 1543 430 1588 eos
452 1525 502 1588 uti
524 1529 746 1590 consuevisse.

45 1593 58 1654 ω
99 1691 101 1697 ,
204 1628 412 1693 contermina
433 1640 484 1693 est
506 1629 672 1695 Chaldaea
693 1630 870 1714 Assyriae,
894 1619 979 1712 quae
999 1623 1132 1710 grands
1153 1621 1290 1706 pmvin·

44 1703 58 1764 ν
121 1737 171 1798 cia
193 1744 259 1817 est,
281 1735 315 1796 iu
336 1754 401 1817 que
420 1723 688 1800 NinusNiuiven
709 1715 873 1798 civitatem
904 1715 1072 1795 maximam
1095 1728 1287 1793 aedificavit.

45 1818 53 1866 ¹
120 1841 244 1902 Ambae
277 1840 338 1901 hae
369 1840 537 1924 civitates,
576 1841 700 1904 Ninive
733 1848 765 1902 et
796 1837 990 1920 babylonia,
1029 1853 1129 1918 supra
1168 1833 1288 1896 llumou

118 1943 316 2026 Euphratem
338 1952 413 2006 snut
436 1945 537 2026 sitae,
560 1962 665 2007 nnete
686 1943 773 2004 Nino
795 1961 891 2026 rege,
914 1943 1016 2004 altera
1036 1958 1056 2001 a
1077 1936 1289 2003 Semiramide

45 2035 54 2084 ⁵
120 2051 231 2129 regina
260 2055 483 2129 constructae,
520 2049 618 2130 longe
646 2047 687 2109 ab
719 2049 858 2109 invicem
889 2045 1056 2108 distantes.
1089 2045 1163 2106 'nst
1193 2043 1287 2103 etiam

44 2135 56 2190 ¹*
120 2159 362 2230 consequenter
381 2148 617 2233 Mesopotamia
637 2152 722 2213 iuter
751 2150 947 2232 Euphratem
971 2158 1004 2211 et
1029 2149 1148 2229 Tigrim
1172 2145 1290 2207 lluvios

45 2240 56 2296 l
117 2253 263 2339 peradisi
272 2295 283 2334 ,
298 2261 372 2333 post
393 2271 489 2333 quarn
511 2258 657 2338 sequitur
668 2254 822 2316 Armenia
844 2263 876 2317 et
894 2251 1011 2315 multae
1028 2252 1112 2314 aliae
1130 2251 1309 2332 regiones„

116 2356 250 2422 Deinde
271 2357 491 2422 convenimus
513 2377 573 2422 uos
595 2359 635 2423 ad
656 2359 855 2423 occidentem
876 2369 908 2422 ct
931 2359 972 2420 ad
995 2357 1142 2420 dextram
1157 2373 1177 2416 a
1193 2354 1290 2436 louge

46 2458 55 2508 l
115 2463 261 2526 vidimus
284 2468 410 2524 montes
432 2463 590 2548 Arabiae,
622 2483 705 2550 quos
726 2467 893 2527 nominant
914 2473 1059 2526 catenam
1085 2459 1211 2542 muudi,
1234 2459 1290 2542 qui

44 2564 54 2614 l
114 2574 258 2632 suutex
280 2567 428 2648 opposito
451 2576 557 2632 terrae
575 2580 711 2634 sanctae
734 2570 820 2633 ultra
840 2564 1016 2631 Jordauem
1042 2575 1075 2629 et
1094 2585 1181 2628 mare
1202 2581 1290 2626 mor-

44 2677 52 2718 l·
113 2684 216 2740 tuum·
260 2671 458 2735 lnterbeeo
487 2685 640 2738 montana
660 2677 859 2760 praeeminet
883 2691 975 2736 mous
1005 2671 1116 2752 Neho,
1145 2670 1290 2750 l’hasga,

45 2775 53 2822 t
113 2776 312 2860 etlAbirim,
332 2777 372 2838 in
398 2775 494 2864 quem
516 2781 826 2864 aseenditdloyses
859 2778 955 2858 jussu
981 2777 1045 2838 Dei
1073 2775 1115 2838 ad
1141 2781 1290 2837 contem·

45 2879 53 2926 l
115 2879 272 2962 plaudam
293 2889 409 2954 terram
430 2892 594 2964 sanetum,
622 2893 658 2962 ut
680 2884 815 2946 habetur
836 2882 969 2944 Denter.
992 2882 1045 2945 34.
1075 2881 1174 2942 lluno
1195 2895 1290 2941 mou-

45 2999 51 3020 ‘1
117 2993 186 3044 tem
209 2983 382 3050 mauileste
402 2983 542 3048 vidimus
563 2989 599 3052 in.
619 2997 729 3050 monte
744 2987 860 3069 synai.
891 2985 943 3048 lle
963 2986 1016 3048 bis
1038 2984 1198 3047 montanis
1217 2981 1291 3045 dic-

45 3089 51 3138 t
118 3095 189 3148 tum
213 3092 266 3145 est
286 3083 326 3152 P.
350 3086 377 3147 l.
401 3087 423 3147 l.
445 3089 520 3152 atu.
543 3098 575 3151 et
597 3090 651 3153 fol.
673 3091 748 3154 243.

204 3187 356 3249 Vidimus
378 3190 474 3252 etiarn
497 3193 530 3254 in
552 3193 683 3256 deserto
703 3204 841 3257 montem
857 3196 916 3276 Or,
937 3196 970 3258 in
992 3212 1057 3277 quo
1069 3193 1180 3255 Aaron
1202 3191 1290 3272 obiit,

46 3301 49 3340 l
101 3301 154 3385 xut
177 3292 315 3354 babetur
336 3291 433 3356 Num.
451 3295 506 3363 ab.
549 3297 648 3360 Porro
671 3305 799 3382 propter
821 3309 973 3385 montana
1003 3298 1124 3361 deserti
1147 3305 1178 3358 et
1198 3313 1292 3357 mon-

46 3408 48 3444 *
113 3407 198 3460 earm
221 3393 361 3457 Arabiae
381 3398 547 3478 praedicta
577 3400 736 3465 Judaeam
770 3403 885 3470 uidere
906 3423 971 3467 uou
993 3412 1197 3485 poteramus,
1229 3415 1292 3458 noc

46 3517 67 3544 t·
111 3499 347 3583 Palaestinam,
363 3519 425 3564 nec
447 3523 534 3567 mare
555 3525 717 3591 maguum,
739 3517 915 3592 etpropter
936 3508 1065 3569 nimiam
1088 3503 1290 3586 distantiam3
1356 3508 1361 3514 “

108 3607 217 3670 situm
240 3599 348 3666 temeri
370 3614 476 3670 terrae
495 3619 631 3675 sarrctae
652 3623 684 3675 et
705 3614 835 3696 plagam
858 3612 981 3694 optime
1002 3611 1163 3673 novimus.
1198 3607 1293 3692 Unde

109 3718 235 3774 contra
257 3718 373 3772 terram
407 3703 554 3778 sanctam
577 3725 610 3778 et
632 3716 798 3780 civitatem
825 3716 971 3780 inolitam
1002 3715 1185 3792 Jerusalem
1216 3705 1293 3795 pro-'

68 3815 73 3822 ’
106 3817 215 3880 strati
249 3815 455 3882 adoravimus
485 3819 683 3884 dominicum
715 3820 923 3903 sepulchrum
954 3828 987 3882 et
1008 3820 1088 3904 'loca
1117 3823 1231 3881 saneta
1259 3822 1293 3877 et

106 3920 277 3983 efficaces
297 3921 371 3983 illas
403 3924 566 3987 orationes
595 3941 671 3986 esse
701 3940 888 4010 speramus,
916 3944 958 3987 ex
980 3943 1035 4005 eo,
1071 3921 1156 4006 qnod
1179 3917 1294 4004 dicitur

105 4025 146 4090 3.
173 4023 259 4104 Reg.
280 4025 317 4087 8:
349 4023 387 4086 Si
408 4023 625 4090 adoraverunt
655 4038 688 4090 te
708 4037 823 4092 contra
844 4031 931 4092 viam
967 4037 1076 4090 terrae
1106 4029 1241 4086 sanotae
1262 4030 1296 4083 et

104 4128 303 4209 civitatem,
334 4147 430 4211 quarn
450 4130 599 4212 elegisti,
620 4141 653 4194 at
680 4132 831 4213 templum
852 4131 973 4194 nomini
995 4141 1050 4193 tuo
1080 4127 1293 4208 aedificatum,

107 4245 150 4298 tu
178 4231 334 4296 exaudies
356 4221 433 4315 eos,
453 4236 604 4300 Domine.

202 4335 353 4415 Vidimus
374 4339 470 4400 etiarn
492 4337 623 4402 deserta
643 4346 679 4400 et
702 4319 917 4415 solitudines,
941 4355 1000 4418 per
1020 4354 1104 4420 quas
1126 4333 1294 4416 vagaban-

103 4457 168 4509 tur
193 4441 253 4504 fllii
277 4442 377 4503 lsrael
390 4442 453 4506 xlr
466 4442 570 4521 aunis,
590 4451 623 4504 et
640 4447 778 4521 montes,
796 4459 857 4522 per
879 4457 961 4522 quoa
983 4458 1043 4504 nos
1057 4435 1293 4524 descendimus,
