2842 4882
427 249 750 364 “nu

5 503 9 552 ι
57 485 210 572 οίινεῐιᾱο
228 482 330 576 utilia.
372 481 424 546 Ex
453 482 654 572 ineassum
674 481 868 573 accepimus·
887 484 967 566 sine,
980 491 1069 549 metu
1100 481 1231 549 bibendi

5 613 10 660 ι
57 581 162 677 aquas
180 575 325 680 utrium
341 575 436 650 'Cum
457 571 573 650 autem.
586 605 644 668 pro
666 577 768 676 coena
789 588 983 682 [scissemus
1001 581 1128 674 ignem,
1145 587 1232 656 'ecce
1263 663 1266 670 Δ

5 723 21 770 ιΙ
55 691 185 774 uentus
197 697 378 772 uehemens
392 693 532 766 surrexit
553 709 573 754 a
594 693 675 754 mari
693 680 813 776 'magno
829 711 957 765 sursum
978 712 1037 778 per
1057 676 1230 777 torrentem
1311 735 1313 740 ·

5 783 10 874 j
58 802 143 864 ilaus
167 805 209 862 ''et
230 802 393 862 sarmenta
414 797 560 860 ardentia
583 797 736 886 dispersit
766 797 940 882 ignemque
969 800 1141 882 exstinxit,
1174 800 1240 880 ita,
1315 873 1320 882 q

5 937 8 980 ι
59 899 145 989 quod
166 911 263 992 nocte
276 904 340 986 illa
361 921 500 985 coquere
522 898 736 985 nequivimus.
750 927 753 934 ·
767 896 918 984 -lnsuper'
937 903 1104 986 pulverem
1126 897 1234 967 terrae
1300 897 1304 906 ’

5 1043 9 1086 ,
46 999 210 1074 ¹elevavit·
236 1019 268 1071 et
290 1009 427 1073 tentoria
448 1017 558 1070 nostra
575 1015 611 1070 'et
632 1005 778 1069 lectulos¹
791 995 940 1089 replevit.
958 1017 992 1070 et
1013 1010 1129 1090 omnia,
1151 1025 1236 1090 quae

5 1149 8 1192 Ι
61 1115 241 1196 habuimus,
263 1113 452 1197 pulveribus
475 1119 506 1172 et
525 1129 624 1172 arena
646 1120 738 1172 crant
763 1129 931 1196 respersa,
949 1108 1041 1174 'unde
1060 1111 1117 1174 ilia
1137 1103 1233 1174 nocte
1294 1131 1301 1140 ·

5 1259 9 1302 ,
60 1223 209 1282 stetimus
225 1217 467 1300 ¹inpuiveribus
487 1216 572 1278 sieut
593 1217 627 1276 in
647 1215 764 1294 nebula
785 1217 903 1300 spissa,
921 1235 985 1280 non
1007 1225 1115 1296 stante
1132 1224 1233 1280 vento

5 1367 7 1410 Ι
62 1330 167 1403 mota,
201 1330 233 1382 et
259 1329 345 1383 totus
367 1311 493 1381 torrens
526 1327 594 1382 erat
626 1320 833 1404 tenebrosus,
866 1340 922 1384 aer
954 1321 1173 1406 caliginosus,
1200 1329 1234 1383 et
1261 1343 1264 1348 ·

5 1475 7 1520 ,
62 1427 187 1490 coelum
220 1424 389 1488 uidebatur
425 1432 530 1487 airum
561 1434 690 1508 propter
719 1423 910 1489 densitatem
936 1427 1114 1509 pulverum.
1156 1425 1234 1490 idco

5 1583 7 1624 ,
61 1549 175 1598 omnes
196 1547 322 1594 eramus
344 1531 428 1592 sicut
450 1530 549 1613 coeci,
570 1531 685 1594 mediis
712 1531 816 1593 oculis
837 1533 1064 1614 respicientes,
1087 1538 1149 1594 ne'c
1171 1550 1234 1614 po-
1273 1546 1280 1554 ·’

5 1695 6 1728 3
61 1645 144 1699 terat
165 1634 325 1698 dormiens
346 1634 434 1697 adeo·
449 1644 546 1712 cante
564 1654 603 1698 se
622 1637 693 1700 suis
711 1637 830 1699 stratis·
842 1637 1027 1731 involvere,
1050 1639 1128 1721 quin
1149 1637 1240 1718 sub·¹
1349 1721 1353 1730 ι

5 1793 6 1834 ,
62 1743 196 1806 intraret
217 1749 336 1805 ventus
357 1738 434 1804 cum
450 1740 595 1822 pulvere.
637 1741 666 1802 n
699 1741 832 1822 regione
861 1750 968 1805 autem
995 1744 1101 1831 maris
1123 1743 1233 1824 magni

5 1901 6 1940 ,
63 1848 116 1912 hic
137 1854 258 1909 ventus
289 1846 448 1926 precessit
476 1851 510 1905 et
531 1853 710 1926 tempestas
731 1862 849 1926 magna
879 1847 914 1906 iu
940 1847 1019 1909 mari
1051 1855 1137 1928 erat,
1159 1847 1235 1929 qnia

5 2009 7 2050 l
66 2055 157 2134 liunt,
179 2054 244 2117 nisi
265 2070 339 2120 cum
362 2051 547 2146 vehementi
568 2053 666 2114 maris
686 2053 918 2120 concussione„
943 2051 1025 2118 Cum
1046 2061 1155 2117 autem
1174 2071 1237 2116 nos

5 2227 6 2240 2
65 2161 128 2224 iam
154 2157 193 2219 sd
215 2157 353 2240 quietem
387 2159 621 2239 posuissemus,
642 2157 731 2219 venii
764 2158 953 2241 peregrinus
981 2158 1051 2242 ilie,
1077 2160 1132 2243 qui
1154 2158 1236 2242 vigil

30 2307 36 2316 ·
67 2271 137 2328 erat
157 2281 215 2346 pro
245 2261 490 2344 relincuere
523 2263 692 2325 tentorium
724 2272 869 2326 nostrum
900 2263 1099 2327 denuncians
1130 2265 1257 2340 uoltis,¹

66 2369 151 2454 quod
173 2365 236 2432 duo
257 2363 385 2448 Arabes
407 2367 483 2449 vagi
503 2365 643 2450 ingressi
672 2365 795 2432 essent
813 2357 957 2434 nostrum
989 2365 1181 2453 enercitum,
1204 2377 1236 2440 ei

66 2494 106 2544 se
122 2474 216 2557 Juxta
233 2463 381 2536 nostrum
404 2473 575 2536 tentorium
601 2467 765 2567 incusserit
793 2475 877 2558 inter
903 2492 1019 2538 saccos
1039 2483 1078 2538 et
1104 2461 1273 2562 sportas-¹
1323 2494 1327 2500 ’

65 2589 205 2649 nostras.
249 2566 384 2642 Surrexi
404 2597 493 2662 ergo,
515 2577 592 2661 qnia
611 2587 689 2642 tunc
710 2597 796 2642 eram
819 2585 952 2643 nostrae
969 2581 1138 2664 societatis
1158 2601 1256 2664 pru(

66 2693 207 2767 curator,
223 2691 256 2746 et
276 2684 387 2762 iuveni
407 2683 481 2746 iilos
502 2683 584 2746 duos
604 2701 708 2766 vagos
734 2664 766 2746 et
787 2694 898 2767 aperto
920 2705 985 2749 uno
1005 2665 1103 2748 sacco
1119 2684 1237 2749 tradidi

68 2790 117 2852 eis
145 2787 340 2870 paximatius
371 2805 429 2867 pro
460 2803 521 2849 sua
552 2805 655 2850 coena
694 2797 727 2851 et
762 2808 871 2852 eorum
897 2790 1082 2872 amphoram
1114 2789 1238 2872 replevi

69 2910 155 2975 equa
177 2890 219 2952 de
238 2889 363 2952 utribus
393 2891 513 2952 nostris
541 2900 575 2954 et
603 2893 733 2976 signavi
755 2893 820 2973 eis,
842 2901 879 2955 nt
900 2893 1088 2956 recederent
1118 2913 1139 2956 a
1159 2901 1237 2956 ten-

72 2996 153 3058 torio
175 2995 326 3058 strabus
347 2994 477 3075 uostris,
506 2995 593 3076 qnod
614 3003 647 3057 et
669 2995 814 3058 lecerunt
837 3005 868 3058 et
888 2997 1064 3078 gratissimi
1090 2996 1131 3058 de
1154 2996 1238 3060 donc

69 3101 119 3164 eis
141 3097 258 3162 collatu
278 3099 483 3159 exstiterunt.
527 3097 564 3160 si
593 3097 672 3161 nihil
705 3100 908 3164 dedissemus
928 3102 994 3183 eis,
1017 3119 1036 3164 a
1057 3101 1150 3164 nobis
1172 3120 1237 3164 nun

70 3203 287 3267 recessissent
314 3208 346 3263 et
368 3201 400 3263 in
416 3200 512 3286 dupio
533 3202 606 3285 plus
628 3204 724 3267 iurati
738 3206 888 3268 fuissent.
916 3206 1107 3268 iiianserunt
1129 3215 1251 3276 antem,

68 3313 103 3372 in
125 3307 268 3372 exercitu
290 3315 400 3372 nestro
431 3327 490 3390 per
509 3307 630 3392 aliquot
656 3309 744 3393 dies,
767 3313 842 3394 quia
863 3301 1060 3394 quorundam
1092 3311 1238 3375 camela-
1308 3383 1312 3390 f

69 3415 187 3480 riorum
199 3413 343 3476 notitiam
358 3409 528 3495 habebant,
540 3414 620 3478 alias
632 3434 697 3479 nou
709 3417 977 3480 sustinuissemus
988 3434 1045 3480 eos
1056 3417 1238 3493 nobiscnm.

68 3517 252 3584 Observaut
261 3517 327 3601 (u)
336 3519 420 3582 enim
431 3519 575 3583 latrones
589 3519 710 3585 deserti
719 3521 845 3586 Arabes
860 3521 987 3605 tempus
1000 3530 1237 3606 tempestatum,

69 3634 103 3688 et
122 3643 198 3688 aere
230 3624 437 3688 obtenebrato
462 3633 498 3686 et
531 3627 712 3691 hominibus
734 3613 972 3711 quodammodo,
988 3628 1172 3692 excaecatis
1200 3644 1239 3690 se
1313 3709 1317 3718 ι

70 3732 103 3794 in
126 3731 302 3793 exercitum
334 3731 484 3814 ingerunt
501 3739 534 3793 et
555 3732 709 3816 iurantur,
732 3751 955 3821 quaecumque
974 3733 1168 3816 inveniunt„
1195 3731 1239 3794 Et

69 3833 263 3917 quandoque
284 3835 381 3917 aliqui
403 3837 504 3899 tribus
527 3836 639 3900 diebus
661 3821 947 3920 proficiscebantur
963 3839 1141 3919 nobiscnm,
1157 3851 1240 3918 (pros

70 3955 166 4000 nemo
187 3937 331 4016 navit,ei
352 3938 439 4004 unde
461 3950 517 4003 aut
538 3941 665 4024 qnando
680 3943 874 4028 invenerint,
890 3955 984 4008 nemo
1005 3944 1115 4008 scivit.
1144 3937 1240 4002 Unde

68 4041 143 4110 ideo
165 4039 312 4104 Caliuurn
334 4047 531 4130 rogayimus,
553 4055 588 4108 ut
609 4047 684 4110 ilios
704 4050 798 4111 nobis
824 4049 953 4132 ignotos
974 4036 1161 4130 repelleret,
1184 4041 1239 4125 qui

72 4145 171 4225 dixit,
194 4145 278 4228 quod
309 4167 367 4229 per
394 4149 479 4213 diem
502 4152 660 4214 neminem
683 4159 838 4234 possets
864 4153 958 4216 nobis
985 4150 1159 4234 repellere,
1180 4144 1242 4210 sed

72 4249 223 4314 noctibus
242 4251 341 4314 veliet
363 4271 419 4316 ecs
440 4237 532 4318 extra
562 4265 706 4318 nostrum
736 4257 898 4320 cumulum
920 4257 1035 4341 jubere
1061 4253 1240 4333 discedere,
1267 4259 1269 4264 ’

71 4356 177 4424 suasit
196 4361 315 4438 tamen,
334 4356 399 4420 imo
422 4360 538 4441 petivit
564 4377 642 4443 nos,
665 4370 825 4442 quatenus
856 4362 906 4426 sic
925 4365 1240 4430 occurentibusnou

972 4462 1033 4522 27*

62 1950 205 2014 vidimus
226 1934 538 2013 corruscationesssei
554 1938 689 2030 ‘fulgura
708 1949 742 2010 in
763 1957 855 2030 parte
876 1934 1084 2033 maris,quaa
1104 1949 1151 2012 ibi
1170 1968 1236 2032 nou
1261 2007 1263 2011 ,
1373 1975 1376 1982 ’
