2926 5050
183 643 262 706 miro
287 635 382 704 mode
414 634 612 720 reipublicae
641 637 844 719 ηοοοιιιήις
872 643 966 702 taeta
987 635 1072 700 anim
1104 637 1316 703 fortitudine
1335 645 1366 698 et

180 745 318 810 andacia
342 743 449 826 viget,
476 749 514 803 nt
534 740 569 804 in
604 742 699 806 bellis
722 751 757 805 et
784 741 937 825 perionis
965 743 1079 806 mortis
1115 743 1368 824 imperterritus

182 855 327 930 maneat,
359 846 445 910 dorni
465 853 572 910 antem
598 848 785 912 consistens
827 847 1061 928 rempublicam
1082 846 1367 928 multiplicatione

181 953 354 1016 liberorum
386 951 462 1014 sins
483 948 612 1014 delectu
648 958 854 1034 augmentat,
888 966 950 1012 nec
970 951 1096 1012 invenit
1116 969 1227 1031 uxor,
1269 951 1368 1012 etiarn

181 1054 355 1137 incunda,
388 1053 543 1117 rattomra
575 1053 748 1118 recedendi
769 1055 809 1118 ab
831 1071 888 1136 ao,
920 1045 1092 1136 conjuncta
1113 1063 1181 1116 tam
1212 1053 1369 1118 virtuoso

180 1160 358 1244 supposito.
397 1159 435 1220 ln
458 1156 651 1222 derisionem
672 1157 838 1222 calvorum
860 1158 999 1222 recitant
1021 1157 1065 1221 de
1083 1158 1268 1222 Aeschine
1292 1177 1370 1222 ora·

181 1269 255 1326 tore
276 1257 389 1341 calvo,
424 1260 480 1343 qui
502 1259 554 1324 die
576 1261 714 1343 quodam
745 1263 872 1326 moenia
901 1277 1058 1344 egressus
1085 1261 1170 1326 sedit
1193 1264 1236 1324 in
1272 1262 1369 1326 horto

180 1364 301 1428 nudato
322 1365 445 1446 capite,
470 1364 579 1446 aquila
599 1372 708 1430 antem
730 1367 764 1430 in
788 1385 866 1430 aere
885 1365 1044 1446 volitans,
1065 1364 1225 1448 praedam
1254 1373 1368 1428 testu-

182 1468 289 1534 ᾱίιιοω
310 1467 472 1549 unguibus
493 1467 620 1552 terens,
647 1479 834 1556 terramque
854 1471 1051 1553 respiciens,
1077 1478 1112 1533 nt
1139 1469 1235 1532 illam
1262 1487 1367 1552 snper

180 1571 320 1656 lapidem
354 1573 537 1656 ⁸qnempiam
575 1573 740 1638 dimissam
797 1573 986 1657 frangeret,
1031 1591 1131 1656 snper
1169 1573 1365 1637 Aeschinis

181 1684 296 1761 eaput,
327 1674 414 1759 qnod
435 1677 762 1760 propter-calvitium
793 1678 921 1763 aquilae
942 1677 1026 1760 lapis
1053 1678 1248 1761 videbatur,
1289 1696 1363 1740 eam

181 1781 298 1850 cadere
329 1780 492 1864 permisit,
527 1791 559 1843 et
580 1783 643 1846 hoc
666 1781 935 1846 vulnerarium
957 1782 1075 1844 amisit.
1117 1781 1205 1844 Huic
1245 1790 1361 1845 antem

180 1885 364 1952 diffortnnio
390 1883 499 1946 Julius
525 1883 649 1946 Caesar
669 1887 801 1950 obviare
823 1885 956 1969 volens,
989 1886 1042 1950 vel
1064 1883 1216 1949 calvitiac
1240 1885 1360 1948 defor-

180 1991 322 2060 mitatem
344 1995 414 2051 arte
435 2005 559 2070 ornare,
580 1990 764 2072 impetravit
784 2008 805 2054 a
824 1999 960 2073 senatu,
982 1991 1029 2054 uti
1049 1999 1206 2072 perpetua
1226 1991 1357 2061 laurea,

179 2093 387 2158 ltlcontrario
409 2109 495 2155 nnnc
516 2091 559 2156 dii
592 2093 716 2175 mnndi,
746 2095 921 2158 monarcha
947 2094 1036 2157 orbis
1057 2093 1162 2177 Papa,
1193 2103 1226 2156 et
1252 2095 1356 2158 totins

181 2197 373 2282 [ecclesiae]
400 2197 562 2279 principes
583 2205 617 2259 ct
647 2199 800 2279 ministri,
829 2197 992 2260 calvitium
1014 2197 1173 2278 capitibus
1191 2200 1268 2260 suis
1293 2216 1356 2260 na·

179 2311 255 2368 tura
293 2308 453 2386 negmte,
493 2310 563 2364 arte
597 2319 742 2365 rasuram
773 2301 929 2364 induerunt
966 2301 1000 2364 in
1039 2300 1354 2366 demonstrationem

181 2409 396 2488 eminentiae,
418 2412 452 2468 et
473 2415 591 2488 quanto
613 2406 709 2468 altior
729 2412 855 2486 status,
882 2414 972 2468 tanto
994 2404 1088 2468 latior
1114 2405 1275 2470 calvities.
1324 2403 1352 2464 0

181 2520 336 2594 qnantum
358 2517 502 2589 optasset
524 2510 683 2592 superbus
713 2508 770 2572 ille
790 2508 937 2574 Absolon
964 2527 1002 2572 se
1030 2507 1246 2590 decalvatis,
1272 2508 1350 2572 dum
1431 2543 1432 2578 4

180 2613 353 2697 palpitaret
382 2609 544 2693 pendens,
576 2631 669 2676 coma
700 2631 881 2696 suspensus
910 2617 944 2676 in
974 2632 1112 2697 qnercn,
1142 2612 1270 2694 anag.
1296 2614 1347 2676 18.

182 2713 345 2793 Quantum
366 2721 473 2774 autem
490 2715 575 2778 calvi
586 2715 657 2778 Deo
675 2717 834 2799 placeant,
848 2727 937 2800 patet
956 2735 998 2780 ex
1019 2717 1098 2779 dura
1118 2726 1150 2778 et
1168 2716 1285 2793 (206
1295 2717 1348 2792 Δ)

181 2820 312 2884 insolita
332 2833 503 2899 puerorum
533 2817 832 2886 dericlnontaeornm
864 2821 991 2886 calvum
1014 2820 1224 2884 deridentium
1247 2823 1348 2906 pnni-

182 2925 280 2988 tione.
322 2919 400 2984 ldeo
421 2921 456 2981 in
476 2919 531 2983 via
552 2930 584 2983 et
605 2924 639 2984 in
660 2922 730 2986 loco
752 2926 818 3007 illo,
840 2929 959 3012 inquo
981 2926 1037 2990 illa
1058 2926 1176 2990 derisio
1198 2929 1346 3010 contigit,

182 3030 347 3110 stetimus,
393 3034 426 3100 et
456 3027 662 3090 sanctitatem
705 3029 961 3115 dignitatemque
997 3031 1161 3094 calvorum
1192 3041 1348 3097 accurate
1429 3091 1430 3094 ,

181 3131 424 3199 considerantes
453 3149 511 3196 eos
543 3144 780 3217 consequenter
800 3136 957 3198 honorare
979 3144 1012 3199 et
1032 3153 1235 3218 nequaqnam
1256 3137 1347 3199 deri·

180 3239 257 3304 dere
278 3240 498 3324 decrevimus,
527 3249 660 3323 propter
682 3259 771 3321 enm,
802 3240 857 3323 qni
878 3257 942 3303 non
963 3239 1025 3302 nisi
1046 3240 1080 3301 in
1101 3249 1209 3302 monte
1229 3240 1347 3304 calvo-

179 3365 249 3408 rnm
269 3346 324 3408 vel
356 3342 595 3409 decalvatorum
634 3345 791 3408 redimere
818 3345 991 3408 humanum
1013 3361 1119 3425 genus
1151 3363 1212 3408 sua
1241 3356 1346 3408 morte

179 3447 292 3508 voluit.
347 3445 450 3528 Cujus
481 3449 595 3509 mortis
627 3448 770 3529 insignia
801 3448 835 3510 in
866 3449 991 3512 vertice
1021 3456 1053 3512 et
1085 3449 1228 3531 ancipite
1258 3449 1348 3512 calvi

179 3549 382 3631 praeierunt,
420 3550 475 3629 qni
506 3550 571 3609 iarn
599 3553 716 3614 mortni
749 3554 815 3617 sint
847 3553 964 3618 mundo
1002 3561 1037 3616 et
1064 3556 1179 3618 vivant
1202 3551 1344 3617 Christo.

178 3650 286 3731 Caput
309 3650 393 3712 eninr
414 3668 523 3712 eornm
552 3651 722 3717 manifeste
743 3657 855 3719 mortis
875 3658 1036 3739 speciem,
1063 3658 1174 3722 mortis
1206 3658 1343 3741 figuram

178 3753 290 3838 habat,
323 3762 356 3815 et
382 3762 490 3844 tamen
518 3754 657 3839 ratione,
696 3760 984 3843 circumspectione
1021 3771 1054 3824 et
1083 3779 1183 3826 sensu
1212 3763 1343 3845 plenum
1425 3809 1426 3812 ,

179 3866 240 3941 eat,
262 3859 317 3941 ita,
339 3866 374 3919 nt
394 3858 497 3921 calvis
519 3861 612 3923 bonis
631 3870 665 3924 ot
686 3862 831 3928 honestis
854 3865 918 3928 dici
938 3867 1043 3948 possit
1061 3865 1141 3929 illud
1162 3864 1343 3930 Colossen-

177 3979 233 4024 ses
263 3962 312 4046 ‘altr
353 3964 467 4025 mortni
502 3964 586 4026 enim
618 3966 717 4048 estis,
747 3974 780 4027 et
810 3968 879 4030 vita
911 3979 1021 4033 vestra
1061 3969 1252 4038 abscondita
1290 3980 1342 4032 est

177 4083 250 4128 oum
273 4064 404 4129 Christo
425 4067 459 4128 in
480 4066 591 4149 gloria.
637 4068 738 4146 Quasi
767 4071 928 4137 diceretur
956 4076 1019 4138 eis:
1053 4075 1186 4138 nrortnis
1217 4073 1341 4144 similes
1424 4137 1425 4149 ,

177 4169 267 4250 estis,
289 4177 322 4230 et
342 4170 410 4231 vito
426 4181 537 4238 vestra
558 4173 747 4237 abscondita
769 4184 819 4236 ost
840 4194 915 4240 curn
932 4175 1062 4240 christo
1083 4179 1118 4241 in
1138 4177 1250 4260 gloria
1273 4175 1339 4240 Sed

175 4289 272 4356 quam
294 4277 435 4352 separati
469 4283 503 4338 et
532 4277 733 4340 absdnernes
753 4296 773 4339 a
793 4279 890 4350 rebus
911 4280 1008 4362 thns
1043 4281 1153 4346 mundi
1184 4279 1338 4344 deberent

175 4393 254 4442 esse
284 4375 387 4456 calvi,
420 4378 560 4443 ostendit
580 4379 770 4465 Apostolus,
794 4379 922 4446 Coloss.
943 4385 975 4452 2.
1005 4383 1136 4448 diosna:
1166 4381 1198 4448 si
1222 4385 1337 4448 mertui

175 4482 255 4544 estis
277 4495 350 4544 cnm
373 4477 504 4547 Christo
524 4487 564 4549 ab
587 4485 755 4550 elementis
787 4485 917 4570 mundi,
944 4488 1022 4572 qnid
1043 4487 1149 4554 adhuc
1177 4498 1335 4570 tamqnam
