2896 4872
765 343 769 352 ι

192 459 408 527 subtraxerat.
450 455 663 521 Almndrlui
681 463 809 538 aulem,
831 473 906 520 eum
927 456 1016 522 nubo
1046 464 1144 542 paeto
1167 457 1403 524 christianis

192 565 310 647 satbjiei
328 562 462 644 vellent,
481 561 647 626 Almarico
664 579 704 625 se
725 562 1197 647 bacconditioneeommlsere,
1220 575 1270 628 ut
1292 565 1400 648 pulso

192 678 330 754 tyrsum
351 668 385 732 iu
405 665 541 732 sellan
561 676 754 752 potestatem
774 687 834 751 per
864 685 945 732 suas
974 686 1091 731 manus
1119 669 1399 734 reducerentur.

192 772 377 836 Almariuus
404 772 517 856 itaque
547 775 674 856 aceepit
704 790 725 835 a
754 771 942 856 supradicto
971 773 1114 837 Soldano
1148 774 1400 858 quadraginta

193 897 363 944 aureorum
392 876 492 942 millia
512 891 546 940 et
567 879 693 960 expulit
712 877 915 962 Syraeanum
942 879 984 943 ab
1012 867 1169 962 Aegypto
1206 887 1248 942 et
1274 881 1398 942 Alex·

193 984 338 1049 marian
351 980 494 1046 soldano
515 984 665 1046 restituit.
709 983 753 1046 nt
773 983 834 1046 fuit
855 982 969 1048 laeum
989 967 1080 1066 paors
1099 983 1279 1048 firmatum
1303 987 1396 1048 inter

191 1108 303 1174 regem
325 1088 471 1172 Aegypti
482 1089 535 1164 {et
556 1105 667 1172 regem
687 1088 882 1171 Jerusalem,
914 1095 949 1150 et
969 1089 1000 1150 si
1027 1087 1144 1152 foedus
1177 1089 1273 1153 illud
1313 1109 1392 1154 ser-

191 1204 303 1260 vatum
326 1193 454 1276 luisse,
486 1211 581 1256 nemo
603 1211 739 1276 regnum
764 1193 1076 1276 Jerosolymitauum
1104 1212 1273 1276 umquam
1314 1215 1390 1258 mo-

192 1301 354 1362 lestasset.
398 1295 466 1360 Sed
502 1315 638 1381 serpens
665 1300 834 1383 antiquus,
870 1300 933 1382 ‘qni
963 1300 1102 1362 seminat
1126 1300 1219 1362 inter
1258 1299 1386 1364 iratres

191 1401 397 1485 discordiam,
419 1402 614 1467 Almaricum
638 1411 670 1466 et
692 1403 867 1468 soldanum
890 1403 1051 1468 dissolvit.
1099 1403 1264 1486 Percepit
1294 1406 1382 1466 enim

191 1527 250 1572 rex
258 1507 453 1589 Almaricns‚
475 1508 560 1590 quod
574 1507 738 1572 Seldaaus
758 1509 920 1574 oeeultum
940 1509 1115 1574 tractatum
1133 1510 1286 1574 baberet
1305 1527 1379 1572 cnm
1424 1497 1425 1506 ’

190 1612 373 1696 syracono,
395 1618 537 1694 tyrsum
559 1613 747 1697 lurcorum,
770 1633 866 1697 quem
887 1633 990 1697 nuper
1020 1601 1061 1677 ab
1082 1615 1247 1697 Aegypto
1278 1615 1378 1698 fuga-

189 1727 293 1800 tam,
312 1715 399 1780 unde
418 1716 555 1780 collecto
576 1719 724 1782 exercitu
745 1717 913 1782 deseendit
927 1739 986 1803 per
1001 1718 1163 1782 desertum
1175 1721 1212 1781 in
1225 1720 1376 1803 Aegyp-

191 1830 257 1884 tum
282 1831 317 1885 et
338 1822 444 1905 captis
453 1824 614 1907 aliquibus
622 1824 767 1909 Aegypti
780 1825 907 1908 oppidis
918 1823 1081 1908 Chayrum
1104 1825 1219 1888 urbem
1244 1827 1373 1909 regiam

191 1928 512 2013 potentissimamque
532 1927 668 1992 obsedit.
712 1928 876 1992 soldanus
897 1938 1004 1992 autem
1026 1931 1114 2012 regis
1136 1930 1290 1992 animum
1310 1949 1371 2012 pe-

193 2034 359 2098 cuniarum
372 2032 524 2117 cupidum
535 2033 803 2115 promissionibus
825 2037 993 2097 enervavit
1014 2034 1176 2096 ittfinitam·
1191 2037 1367 2116 pecuniam

192 2139 223 2204 ei
244 2137 386 2202 tradens.
429 2138 528 2214 Nam,
550 2147 586 2201 ut
608 2137 727 2200 dieant-
741 2138 851 2222 aliqui,
874 2157 1042 2202 aureorum
1055 2139 1206 2220 vigesies
1225 2147 1366 2202 centena

192 2244 302 2326 millia,
323 2242 410 2326 quod
433 2244 491 2306 vix
512 2243 658 2325 Aegypti
672 2259 816 2326 ¹regmum
834 2245 1023 2326 persolvere
1053 2252 1176 2326 posset,
1205 2245 1364 2326 promisit,

191 2349 225 2412 in
246 2337 375 2429 promtu
397 2356 504 2410 tamen
532 2348 561 2410 ei
594 2347 696 2411 dedit·
716 2359 844 2412 centum
879 2349 977 2412 utilite
1006 2367 1186 2430 aureorum,
1215 2357 1254 2411 ut
1287 2369 1309 2412 a
1329 2368 1364 2412 se

192 2449 370 2514 recederet.
413 2451 560 2534 Accepta
576 2461 682 2515 sutem
698 2458 836 2537 pecunia
856 2455 955 2517 solvit
978 2452 1176 2517 obsidionem
1195 2471 1217 2515 a
1231 2453 1361 2539 Cbaym

194 2564 228 2619 et
249 2557 336 2618 cirea
358 2557 484 2619 bortum
505 2557 640 2620 balsami
662 2569 770 2622 eastra
790 2559 957 2622 constitnit
983 2567 1017 2622 et
1039 2557 1195 2622 ordinatis
1221 2561 1360 2642 agmini·

192 2663 255 2724 bus
289 2662 325 2721 in'
356 2659 486 2742 pmpria
516 2660 612 2723 rediit
638 2669 673 2726 et
694 2673 760 2727 tam
781 2664 925 2749 Aegypti
957 2680 1053 2745 quam
1085 2662 1240 2726 Damasei
1266 2683 1359 2748 reges

192 2765 341 2828 inimicos
364 2763 486 2828 habuit.
631 2779 636 2786 ·

274 2871 355 2934 l’ost
376 2871 458 2934 baec
478 2869 650 2959 imperator
671 2869 870 2935 Graecorum
901 2869 941 2935 de
964 2869 1245 2953 Corrstarttinopoli
1266 2873 1356 2954 cugi-

193 2979 287 3060 tavlt,
300 2977 489 3061 Aegyptum
500 2993 560 3038 suo
573 2976 706 3059 imperio
714 2975 862 3060 jungere,
880 2985 912 3040 et
925 2976 1066 3040 classem
1076 2993 1238 3057 magnam,
1251 2976 1355 3057 inqua

195 3090 325 3147 centum
347 3081 580 3165 quinquaginta
601 3088 694 3143 erant
715 3091 874 3145 rostratae
895 3097 998 3145 naves
1024 3091 1056 3144 et
1077 3080 1352 3162 onerariaeltlill‚

192 3189 282 3250 misit
303 3189 337 3248 in
356 3186 483 3268 Syriam
515 3194 549 3248 at
570 3185 731 3250 domiuum
754 3187 952 3250 Almaricum
981 3203 1091 3266 regem
1112 3183 1291 3246 Jerusalem
1321 3185 1351 3246 in

192 3291 383 3371 adjutorium
406 3289 588 3354 advocavit.
624 3291 874 3354 Descenderunt
895 3310 974 3374 ergo
996 3308 1067 3353 eum
1090 3289 1192 3370 copiis
1213 3290 1350 3350 terrestri

194 3402 228 3455 et
250 3393 371 3454 marino
391 3393 507 3457 itinere
529 3397 564 3460 in
596 3397 784 3479 Aegyptum
811 3403 845 3458 et
865 3396 1047 3458 Damlatam
1069 3391 1277 3473 obsederunt,
1294 3391 1349 3455 sed

192 3495 273 3561 nibil
295 3496 453 3578 proficere
480 3509 629 3582 poteraut
660 3501 765 3565 etita
794 3519 859 3564 nott
879 3519 982 3583 parvo
1002 3505 1195 3562 nocumento
1222 3504 1347 3578 accepto

193 3599 235 3665 ad
257 3601 385 3684 propria
406 3604 576 3667 redierunt.
1004 3687 1007 3692 ν

276 3703 425 3772 Surrexit
447 3709 543 3771 etiam
564 3726 622 3770 rex
642 3725 750 3772 novus
766 3708 965 3791 iuAegypto
988 3705 1267 3785 fortunatissimus,
1287 3702 1345 3768 Sa·

191 3809 321 3874 ladiuus
340 3807 456 3895 dictus,
475 3830 574 3894 saepe
585 3813 843 3894 insequentibus
860 3811 1084 3894 nominandus,
1095 3819 1260 3874 etomnem
1275 3827 1343 3888 pro-

190 3916 320 4000 geniem
336 3914 495 3998 caliphae
521 3923 555 3978 et
586 3909 703 3998 'regum
723 3915 833 4000 gladio
855 3915 1132 3980 transverberavit
1153 3924 1186 3977 et
1206 3923 1267 3976 lam
1280 3913 1343 3976 Ae-
1424 3909 1425 3920 ’

190 4021 285 4105 gypti
305 4039 399 4104 quam
424 4019 542 4102 Syriae
562 4037 663 4103 regne
681 4019 838 4104 possedit,
859 4039 922 4086 nee
943 4021 1070 4104 quievit
1089 4021 1123 4084 in
1145 4019 1255 4082 diebus
1272 4019 1341 4100 sais,

127 4175 132 4182 .
190 4143 364 4210 quousque
383 4126 577 4208 quantocius
599 4125 732 4188 orientis
752 4124 925 4190 dominium
949 4133 1130 4208 usurparet.
1169 4125 1245 4186 Erat
1266 4125 1340 4186 euim

190 4233 243 4294 vir
262 4230 346 4294 aeris
380 4226 518 4311 ingenii,
539 4229 573 4288 in
608 4227 707 4290 armis
732 4236 901 4313 strenuus,
933 4228 1069 4293 cornilio
1089 4226 1185 4308 altus,
1216 4224 1339 4289 liberalis

190 4327 464 4411 supramodum,
497 4329 636 4393 mantue
669 4330 704 4393 iu
734 4331 824 4396 viros
859 4332 1031 4415 militares,
1062 4332 1097 4396 ia
1134 4345 1218 4414 quas
1247 4329 1337 4394 emula
