2896 4872
570 238 699 312 mo

168 431 222 495 Ad
243 432 306 514 lroo
328 431 425 496 etium
449 429 626 494 devenerat
647 427 783 512 malum,
806 428 944 513 quodie
966 429 1116 513 hospitali
1137 429 1174 497 S.
1189 415 1256 496 'Jo-

10 535 11 538 ’
44 521 199 602 liarnnis
221 553 315 599 nemo
328 535 380 598 vel
393 537 487 619 pauoi
499 528 683 611 manebant,
695 534 769 614 quia
780 534 869 596 nulla
881 534 974 614 [eura
983 535 1053 616 vel]
1066 537 1197 598 minima
1214 537 1255 600 ab

45 640 347 724 hospitaliaribns
373 641 566 710 fovebantur
586 640 767 722 peregrini,
789 656 861 700 eum
887 645 993 700 tamen
1015 639 1078 702 hoo
1096 640 1257 723 hospitale

47 745 359 828 opulentissimum
378 730 577 828 'fuerit3'neo
598 747 631 807 in
653 743 810 827 hospitali
825 741 1092 806 'l'heutonioomm
1122 743 1255 809 sanotae

48 850 207 913 Mariae
228 850 336 931 pietas
357 858 437 931 erat,
459 859 492 912 et
511 849 585 912 ideo
607 850 682 912 boni
703 833 737 910 et
759 848 886 911 honesti
907 836 1256 929 peregrini'eogenan-

51 963 124 1016 tur
158 953 251 1016 adire
272 953 430 1036 hospitia,
453 971 588 1036 quorum
611 953 739 1036 patroni
761 959 854 1046 erant
874 937 979 1032 iures,
1011 959 1172 1034 raptores,
1194 952 1255 1015 ‹lo-

50 1059 156 1141 losi,
180 1057 310 1141 expulsi
337 1065 371 1119 et
391 1056 623 1140 turpitudinum
644 1058 781 1141 patroni.

158 1262 294 1327 Praeter
313 1265 411 1329 buee'
428 1267 489 1329 init
508 1286 567 1350 per
594 1264 798 1329 Christianos
832 1281 952 1326 avaros
985 1261 1138 1344 quietudo
1167 1262 1253 1325 eivi-

58 1369 157 1432 tatis
183 1376 324 1431 sanotae
343 1361 547 1452 perturbata,
571 1372 646 1455 quia
667 1366 764 1453 plena
791 1369 1063 1451 negotiationibus
1085 1366 1146 1429 fuit
1167 1367 1254 1430 laeta

61 1475 113 1536 de
140 1473 234 1535 omni
265 1473 391 1557 lingua,
420 1483 454 1538 et
475 1476 530 1539 nbi
552 1475 652 1538 multa
673 1484 724 1538 est
753 1459 943 1556 negotiatio,
964 1473 1008 1534 ibi
1031 1480 1064 1533 et
1085 1470 1254 1535 abundans

61 1568 260 1670 injustitia,
299 1577 386 1641 unde
415 1580 455 1642 ad
487 1581 624 1643 litteram
657 1586 782 1662 poterat
801 1566 969 1645 'Dominus
997 1561 1254 1658 supplicantibus
1305 1579 1317 1646 ᾗ

64 1701 134 1764 pro
161 1682 296 1743 eititate
314 1675 422 1745 dioer'e
451 1681 529 1746 illud
550 1685 670 1764 Jerem.
692 1683 754 1746 V.:
798 1681 943 1745 circuite
975 1682 1049 1744 uias
1069 1661 1261 1750 Jerusalem

10 1811 12 1819 ⁸
61 1796 104 1873 et
130 1786 276 1868 aspicite
312 1795 344 1850 et
363 1786 578 1876 ‚considerate
619 1797 651 1849 et
671 1789 840 1870 quaerite·
858 1787 892 1849 in
925 1785 1044 1868 pla-teis
1078 1785 1168 1866 ejus,
1187 1809 1191 1816 ·
1210 1801 1253 1846 an

44 1890 255 1953 ‘inveniatis
278 1891 384 1952 virum
401 1878 579 1954 'facientem
607 1890 762 1972 judicium
794 1899 827 1952 et
857 1893 1063 1973 quaerentem
1085 1889 1199 1969 iidem,
1221 1895 1254 1949 et
1344 1905 1349 1916 ·
1379 1881 1382 1890 ’

62 1981 243 2076 ,propitius
255 2013 321 2084 ¹ero
341 1995 390 2082 eis
413 2004 494 2084 ⁰¹9¹..
510 1987 657 2084 ¹Propter
677 1997 759 2057 hae'o
780 2013 864 2085 ergo,
880 1995 1038 2056 Dominus
1060 1991 1101 2084 ad
1116 1991 1275 2084 'irpeunr-¹

46 2098 167 2160 ¹‘diam
189 2098 377 2159 eonoitatds·
399 2105 527 2180 teriam,
560 2116 657 2181 quam
679 2093 821 2162 t'uldrant
843 2097 884 2159 de
905 2093 1053 2160 manibus
1074 2097 1259 2178 impidrum‚·
1311 2107 1326 2119 ·’

71 2211 210 2264 rursum
243 2202 388 2282 permisit
410 2201 555 2265 eandem
580 2221 690 2265 eorum
726 2201 865 2265 dominio
894 2199 1054 2284 occupari.
1106 2201 1255 2286 Veniens
1356 2268 1357 2276 χ

72 2297 184 2388 igilur
220 2303 396 2368 Saladiuus
424 2297 607 2382 Jerusalem
642 2298 762 2369 urbem
789 2295 905 2389 &aridi
936 2297 1085 2370 eneroitu
1126 2305 1254 2370 obsedit
1350 2289 1355 2298 ’

76 2427 223 2492 eamque
244 2411 284 2472 ab
307 2411 497 2473 occidentali
517 2420 609 2495 parte
629 2411 766 2474 vallavit
800 2420 897 2493 atque
930 2412 1092 2474 continuis
1113 2429 1253 2494 aggres-

75 2515 228 2576 sionibus
248 2514 403 2578 obaessos
424 2533 546 2579 vexare
567 2517 690 2600 eoepit,
712 2513 772 2578 sod
793 2517 922 2578 uiribus
943 2535 1002 2598 pro
1024 2517 1148 2580 viribus
1168 2515 1254 2577 resi-

78 2619 243 2681 stentibus
265 2619 305 2680 ab
327 2620 505 2701 aquilonari
525 2617 617 2703 parle
638 2620 693 2682 diu
714 2627 878 2702 noctuque
898 2621 1062 2683 eivitatem
1080 2621 1254 2702 impugna-

77 2724 146 2803 vit,
170 2739 309 2804 oumqua
331 2742 439 2788 muros
461 2726 619 2788 machinis
640 2725 859 2808 debilitasset,
881 2727 1031 2787 timentes
1054 2725 1156 2802 aives,
1179 2741 1253 2786 eum

81 2845 125 2888 ex
158 2825 247 2887 nullo
280 2827 352 2889 loeo
383 2828 634 2910 praestolaretur
671 2827 842 2908 auxilinm,
884 2846 927 2888 ne
954 2829 1078 2890 hostes
1108 2827 1254 2890 violenta

81 2930 261 3012 irruptione
289 2932 400 2994 urbem
437 2938 652 3016 ooouparent,
691 2931 812 3012 plaeuit
844 2931 978 2992 instanti
1010 2939 1043 2992 et
1075 2927 1254 2992 inevitabili

83 3032 227 3116 perionlo
249 3032 365 3096 eadere
404 3043 436 3098 et
457 3036 519 3099 sub
555 3037 653 3098 eartis
674 3032 910 3098 conditionibus
931 3051 970 3099 se
999 3032 1135 3096 reddere
1155 3033 1254 3096 Sala·-

85 3138 181 3219 dino,
216 3144 252 3198 ut
272 3138 398 3200 scilieet
419 3138 627 3202 redemtionis
658 3145 794 3218 aeoepto
823 3138 926 3220 pretio
956 3129 1057 3201 libere
1089 3156 1163 3220 eos,
1198 3137 1254 3220 qui

87 3242 176 3304 exire
195 3240 372 3319 voluerint,
395 3242 485 3305 abire
505 3242 680 3324 permittat.
724 3240 898 3304 Saladinus
916 3259 1012 3326 ergo,
1033 3245 1119 3305 siout
1139 3250 1255 3305 natura
1382 3225 1394 3236 ⁸

88 3346 182 3407 homo
212 3346 285 3428 pius
313 3355 401 3431 erat,
434 3348 585 3411 misertus
624 3344 743 3429 populo
772 3345 1004 3409 eoudeseendit
1036 3345 1182 3429 petitioni
1220 3355 1254 3409 et

90 3451 251 3533 omnibus,
284 3451 372 3513 nullo
393 3449 515 3526 demto,
544 3451 645 3513 vitam
660 3449 822 3533 denovit,
851 3451 913 3514 hae
933 3451 1136 3533 conditione,
1167 3449 1254 3535 quod

90 3555 142 3634 qui
157 3572 287 3617 manere
305 3556 366 3618 sub
383 3571 442 3619 suo
460 3557 577 3619 tributo
595 3554 705 3637 vellet,
716 3555 830 3618 salvus
847 3565 1000 3640 maneret,
1013 3553 1253 3638 quifflul

92 3665 193 3721 autem
226 3660 385 3744 emigra-re
417 3660 537 3743 vellet,
557 3660 602 3725 ‘si
621 3658 727 3722 virilis
755 3678 856 3724 sexus
887 3671 992 3744 esset,
1026 3661 1145 3724 aetatis
1178 3661 1251 3743 plus

94 3779 183 3842 quam
204 3762 315 3826 deoem
338 3780 510 3846 annornm,
541 3764 685 3828 solveret
708 3763 821 3828 deeam
844 3782 959 3828 aureos
986 3783 1085 3847 puros
1106 3764 1252 3848 ducatos,

95 3865 215 3930 aivam
235 3868 369 3932 minoris
390 3870 522 3952 aetatis,
544 3868 688 3932 solveret
710 3867 792 3932 duos
816 3866 967 3950 ducatos,
1000 3868 1152 3931 mulieres
1173 3865 1253 3932 vero

91 3966 203 4042 darent
224 3973 367 4055 quinque
389 3972 536 4038 duoetos.
580 3974 624 4034 Et
642 3973 725 4036 haee
746 3971 892 4044 conditio.
909 3975 1036 4055 utrique
1056 3973 1138 4052 parti
1160 3971 1254 4053 plae‘·

98 4071 151 4133 uit.
180 4069 257 4135 ¹Sed
292 4079 369 4158 quia
397 4078 498 4140 multa
530 4075 630 4140 millia
651 4077 847 4140 in·eivitate
873 4086 965 4140 erant
993 4093 1169 4158 pauperes,
1198 4075 1253 4156 qui

102 4191 158 4338 nep
177 4173 285 4240 deeem
307 4177 457 4244 denarios
490 4180 670 4263 habebant,
703 4181 764 4244 hos
786 4197 897 4242 omnes
918 4180 1060 4243 absolvit
1080 4177 1254 4242 Saladinus

101 4296 120 4338 a
158 4278 245 4344 obito.
1125 4293 1129 4300 '

932 4381 1047 4440 '10
