2954 4914
727 199 730 204 .
784 205 788 212 ι
844 213 848 220 ”

127 475 132 486 .
198 419 352 488 descendi
373 419 414 482 de
445 419 530 482 mule
559 436 648 502 mee,
679 426 713 482 et
739 415 860 481 sedens
878 415 1036 482 calceum
1070 421 1237 506 extraxi,
1245 421 1280 483 in
1301 440 1365 505 quo

198 525 426 610 suspicabar
400 531 541 588 vermem
563 523 766 586 contritum
753 540 875 606 Jacere.
898 520 981 584 Cum
1002 541 1131 586 manum
1152 525 1365 614 immitterem,

199 632 288 714 sensi
310 603 472 692 humidam
492 636 526 690 et
545 627 698 722 liquidam
721 629 898 710 materiam,
919 634 952 690 et
973 629 1094 710 statim,
1117 647 1159 690 ne
1180 629 1366 694 inficeretur

200 705 277 798 mihi
300 751 425 816 manus,
447 733 566 812 retraxi
589 749 670 815 earn,
683 741 716 794 et
738 732 857 814 digitos
873 733 1074 814 inquinatos
1082 732 1149 795 ad
1144 751 1241 812 nares
1261 735 1366 818 appli-

200 839 290 920 cavi,
322 846 355 900 et
375 837 511 902 odoratu
530 825 645 918 didici,
684 835 771 919 quod
787 854 848 904 neo
869 836 944 919 visu
966 854 1026 901 nec
1055 845 1144 900 tactu
1166 838 1367 919 cognoscere

199 942 307 1034 valui,
337 923 514 1007 eratenim
543 959 608 1004 non
629 942 774 1025 scorpio,
808 958 869 1004 nec
899 939 994 1022 buin,
1027 957 1090 1002 nec
1118 958 1283 1048 serpeus,
1307 961 1367 1006 nec

199 1049 372 1130 venenum,
381 1046 447 1118 sed
458 1046 630 1110 humanum
643 1045 866 1116 sehwibolum
888 1037 992 1122 Quod
996 1041 1144 1126 utrensi,
1157 1061 1232 1106 cunr
1248 1064 1367 1129 magns

163 1133 167 1140 ¹
200 1151 423 1234 indignatione
444 1151 589 1214 calceum
619 1151 746 1214 reindui
773 1154 808 1214 et
828 1150 984 1214 confusus
1014 1158 1063 1230 et
1079 1148 1163 1212 male
1193 1150 1367 1213 contentus

201 1255 318 1318 mulbm
345 1256 491 1321 wenni·
505 1263 547 1318 et
574 1264 649 1337 post
680 1255 762 1319 alios
788 1254 963 1337 proiectus
979 1234 1078 1335 sum,
1110 1253 1213 1316 tristis
1239 1273 1367 1318 rneeem

201 1359 364 1442 cogitans,
395 1360 469 1442 quis
491 1360 568 1422 mihi
588 1362 685 1438 isdum
708 1357 895 1442 despe‘ctnm
927 1365 961 1419 et
982 1359 1077 1419 istam
1099 1365 1223 1439 turpem
1245 1359 1366 1422 troiam
1421 1415 1425 1420 .

202 1462 351 1543 iecisset,
372 1463 499 1546 etquis
521 1462 562 1525 dc
583 1463 737 1529 militibus
758 1471 868 1541 tantae
889 1462 1117 1526 irreverentiae
1138 1471 1245 1545 osset,
1276 1463 1366 1546 quod

127 1633 130 1640 ,
196 1569 373 1654 ¹peregrino
404 1576 437 1630 et
466 1565 626 1630 sacerdoti
648 1569 681 1630 in
709 1569 853 1632 calceum
891 1568 1132 1650 stercorisaret,
1165 1575 1197 1650 et
1229 1568 1367 1650 concepi

112 1732 116 1740 ,
203 1672 422 1754 suspicionem
461 1671 509 1734 de.
539 1691 604 1736 nno
642 1671 770 1736 domino
804 1672 845 1734 de
872 1667 1062 1753 majoribus,
1097 1672 1152 1754 qui
1186 1679 1255 1733 erat
1288 1672 1369 1734 mibi

203 1775 338 1850 multum
381 1776 565 1860 familiaris,
601 1780 766 1860 cogitans,
795 1763 1002 1862 quod‘lorte
1030 1769 1130 1840 nimia
1166 1775 1369 1843 familiaritas
1426 1827 1429 1832 .

201 1880 382 1962 peperisset
413 1870 630 1965 ebrrtemptum
656 1881 758 1950 illum.
799 1884 838 1944 lu
860 1889 982 1944 tantum
1011 1890 1118 1968 autem
1150 1865 1289 1953 turbarit
1307 1897 1369 1942 me

173 2041 177 2049 .
201 1982 264 2046 hoc
285 1969 419 2069 laetum,
442 1987 528 2072 qprod
549 1987 724 2049 deliberato
747 1988 852 2049 animo
875 2003 977 2067 penes
991 2003 1052 2046 mc
1067 1983 1178 2066 juravi
1199 1993 1231 2049 et
1252 1987 1366 2062 statui,

202 2106 284 2151 cum·
297 2090 355 2153 fin
374 2094 532 2156 societate
552 2091 690 2174 aprplius
711 2092 883 2174 nouvelle
905 2091 1118 2171 peregrinari,
1141 2105 1203 2150 neo
1220 2102 1279 2169 per
1299 2097 1369 2150 ter-

203 2211 270 2255 ram
308 2213 370 2258 neo
387 2201 458 2277 'pbr
479 2214 585 2278 mare,
614 2202 647 2257 et
669 2197 777 2283 inme
807 2177 1094 2282 peregrinationem
1123 2194 1240 2255 montis
1261 2191 1368 2275 Synat

203 2297 385 2378 resignavi,
416 2300 493 2362 nulli
517 2307 624 2362 tamen
656 2295 830 2398 quidquam
852 2296 919 2365 dixi
946 2296 987 2360 de
1009 2298 1111 2380 iacto,
1143 2296 1202 2360 sed
1222 2315 1297 2360 oum
1317 2299 1368 2359 si-

203 2399 302 2461 lentio
324 2401 416 2482 quasi
438 2420 534 2463 crans
556 2406 710 2486 processi.
739 2402 807 2465 Sed
829 2401 956 2466 domino
977 2401 1044 2484 illo,
1065 2421 1160 2490 quem
1178 2411 1368 2484 suspectum
1404 2383 1407 2388 ¹

203 2502 311 2584 habui,
333 2511 366 2564 et
389 2506 535 2567 omnibns
557 2506 629 2569 aliis
651 2509 813 2571 consociis
830 2506 1069 2588 meisinjuriam
1086 2507 1203 2588 feci,et
1225 2517 1368 2570 actorem

108 2682 112 2688 ῃ
203 2605 299 2672 illius
322 2607 398 2670 sacti
432 2608 648 2673 indubitanter
679 2583 806 2693 reperi.
842 2603 927 2674 Nem
961 2609 1066 2672 dum
1057 2629 1089 2673 ιιι
1118 2611 1340 2675 Jerusalem'
1328 2630 1366 2675 ιιι

203 2710 288 2774 colla
316 2711 460 2776 calceum
493 2713 704 2797 deponerem,
735 2724 772 2778 ut
803 2735 875 2778 eum
909 2723 944 2776 ct
964 2714 1077 2796 pedem
1113 2725 1146 2779 et
1177 2735 1291 2779 manns
1313 2718 1369 2778 in-

203 2817 351 2898 quinatas
373 2817 557 2884 mundarem
586 2831 618 2884 et
638 2820 849 2883 sehwibolum
872 2819 1091 2908 extraherem,
1112 2821 1222 2885 inveni
1242 2821 1369 2903 inipso

202 2924 381 2988 sehwibolo
403 2924 591 3018 crabronem
619 2927 746 3008 nigrum
766 2933 806 2986 et
832 2941 999 3006 magnum,
1021 2924 1062 2987 ed
1083 2925 1176 3008 cnjus
1198 2925 1368 3008 aspectum

204 3032 353 3112 primitus
390 3032 525 3114 expavi,
561 3039 680 3118 putans
709 3047 784 3091 esse
817 3019 1037 3120 scorpionem„
1057 3048 1162 3112 quern
1189 3049 1263 3116 cum
1294 3029 1369 3112 ipso

204 3137 385 3213 sehwibolo
408 3138 622 3197 contriveram
642 3135 735 3224 pede.
758 3134 840 3197 Viso
865 3142 970 3196 autem
993 3118 1147 3196 crabrone
1169 3135 1369 3197 exhilaratus
1443 3141 1448 3150 '

205 3238 269 3318 tui,
291 3241 368 3320 quia
397 3257 456 3317 pro
478 3245 567 3299 certo
591 3236 664 3316 jam
684 3239 786 3321 scivi,
815 3236 901 3321 quod
929 3257 1022 3302 nemo
1044 3239 1130 3309 alius
1151 3241 1279 3302 stercus
1304 3239 1370 3300 boc

203 3339 356 3414 induxit
347 3358 380 3400 ιιι
403 3339 557 3417 calceum,
580 3341 642 3402 nisi
664 3342 787 3410 crabro
830 3339 914 3408 Sunt
934 3344 1019 3430 enirn
1029 3343 1224 3423 crabrones,
1246 3340 1369 3422 vulga-

205 3446 281 3506 riter
299 3441 500 3525 biofiidfer,
491 3462 524 3504 ru
546 3443 611 3504 illis
634 3445 778 3526 partibus
801 3432 925 3528 magni,
959 3454 995 3508 et
1020 3444 1094 3508 dum
1124 3426 1272 3528 generali
1291 3446 1369 3506 luc-

185 3545 297 3612 erint
288 3566 321 3607 ιιι
333 3562 496 3628 equorum
520 3549 726 3631 stercoribus,
748 3548 859 3612 volant
888 3555 922 3610 et
939 3549 1130 3633 gradiuntur
1137 3570 1222 3664 ¹,pgr
1228 3546 1311 3631 vias,
1335 3557 1369 3612 et

204 3650 379 3743 materiari
405 3649 454 3710 eis
495 3644 741 3716 conuenientem
779 3661 982 3734 comportant
1023 3664 1056 3718 et
1094 3675 1138 3717 ex
1168 3662 1369 3735 comportata

204 3756 357 3820 materia
350 3752 607 3839 coagulnmffl
608 3739 702 3846 Jnel
721 3757 851 3839 globum
882 3753 1037 3832 iaciunt
1027 3780 1061 3823 ιιι
1083 3758 1262 3842 iltrantitnte
1276 3757 1369 3820 deut

201 3874 316 3940 ovumt
340 3867 371 3927 et
390 3860 539 3941 ipsum„
520 3858 645 3939 olqbum
670 3859 900 3944 aggrediuntur
924 3882 997 3926 cum
1018 3866 1252 3945 posterioribus
1260 3856 1368 3963 pgdi-

203 3965 276 4043 bus,
299 3961 538 4025 anterioribus'
530 3983 561 4024 nr
568 3974 698 4028 terram
721 3965 846 4049 positis,
863 3975 898 4031 et
921 3971 973 4029 ita·
987 3962 1120 4030 trudunt
1139 3967 1283 4050 globum
1292 3975 1368 4047 post

204 4085 242 4132 se
264 4075 456 4148 retrorsum,
478 4068 665 4132 incedentes
684 4071 768 4133 sicut
790 4074 918 4166 cancri,
945 4091 1009 4156 qno
1037 4081 1172 4144 naturae
1194 4070 1368 4156 instinctus

204 4189 262 4235 eos
282 4170 427 4261 duxerit,
456 4180 489 4235 et
510 4172 585 4236 dum
607 4173 648 4236 ad
670 4175 777 4240 locum
796 4193 892 4240 suurn
921 4195 996 4242 eum
1017 4176 1114 4259 globo
1140 4175 1306 4251 venerint,
1329 4191 1369 4239 se

203 4277 236 4340 in
259 4275 357 4358 globo
378 4275 560 4361 involvunt,
582 4290 720 4362 cunque
742 4278 869 4342 domum
891 4290 923 4344 et
945 4282 1050 4344 cibum
1071 4279 1135 4344 sibi
1155 4279 1368 4346 constituunt.
