2842 4882
37 445 196 508 ruentis.
240 433 341 505 Porro
364 442 480 522 omnia,
501 431 640 524 quaein
662 425 783 524 sportis
804 439 1047 524 trajicerent,
1070 435 1237 502 ooniracts
1317 425 1325 432 ’

39 561 130 614 sunt
157 559 192 610 et
213 545 386 629 dissipata,
411 545 443 606 in
464 561 530 612 una
548 546 633 607 enim
654 554 765 627 sports
785 551 877 608 erant
898 545 999 608 multa
1033 543 1171 608 vascula
1192 541 1238 606 ds

42 652 320 718 confectionibus
342 649 572 713 medicinarum
594 658 627 712 et
647 647 689 711 de
707 649 882 732 liquoribus
903 649 1069 732 saporosis
1087 657 1121 713 ot
1141 649 1235 732 aquis

43 733 245 837 distillctis,
269 773 352 837 quoe
375 755 480 816 omnia
502 751 607 816 effusa
630 753 775 834 luerunt3
804 754 949 836 portabat
969 754 1056 818 enim
1087 753 1234 818 camelus

7 921 8 924 ,
43 862 109 926 ille
142 860 333 944 apothecam
368 858 567 921 dominorum
589 859 841 942 peregrinorum.
886 857 929 918 Et
951 858 981 918 si
1002 857 1150 922 infirmus
1172 859 1235 923 do·

7 999 8 1032 ι
47 967 168 1030 minus
186 967 242 1028 ille
260 965 437 1028 mansisset
458 964 492 1024 in
513 980 573 1024 sna
595 971 721 1046 sporta,
752 964 837 1025 sicut
859 961 999 1023 libenter
1029 960 1180 1043 lecisset,
1202 965 1259 1026 iu‘

7 1105 9 1140 ι
47 1071 147 1134 mille
184 1070 289 1133 frusta
317 1068 532 1130 comminutus
555 1066 670 1129 fuisset
692 1077 745 1148 et,
774 1068 803 1128 si
824 1066 912 1129 mille
940 1065 1029 1128 oolla
1060 1065 1236 1144 habuisset,

7 1215 8 1246 ι
48 1175 231 1239 confracta
263 1172 413 1234 luissent.
463 1172 588 1248 Bonum
615 1179 665 1232 est
695 1170 834 1250 infirmo,
870 1179 904 1232 ut
934 1157 1001 1234 non
1026 1169 1236 1232 admittantur

7 1303 10 1358 q
51 1281 106 1362 ei,
145 1295 231 1360 qnae
265 1275 404 1358 appetit,
441 1275 496 1339 ille
525 1277 613 1373 ⁸enim
643 1275 739 1339 valde
769 1275 904 1358 rogabat
932 1291 1010 1356 uos,
1041 1282 1079 1338 ut
1100 1293 1173 1336 eum
1202 1275 1237 1338 la

7 1431 8 1446 2
52 1391 175 1466 sporta
197 1379 429 1443 dimitteremus
451 1377 668 1463 descendero,
700 1379 754 1442 cui
775 1379 863 1443 nullo
885 1378 980 1442 modo
1002 1378 1237 1461 acquievimus,

7 1529 11 1568 ,
56 1488 140 1572 quis
170 1485 346 1568 pericnlum
386 1483 543 1570 vidimus,
583 1485 669 1568 quod
700 1486 772 1568 ipse
804 1483 999 1566 impediente
1037 1482 1239 1564 aegritudine

7 1639 9 1680 Ι
55 1591 178 1656 videre
198 1609 261 1652 uon
283 1597 419 1673 poteret.
462 1587 545 1652 Cum
568 1591 677 1652 multis
706 1608 784 1672 ergo
814 1588 978 1652 laboribus
1011 1588 1237 1700 recollegimus
1337 1574 1340 1580 ¹

7 1745 9 1786 ,
55 1715 131 1778 res,
163 1711 247 1779 qnae
268 1693 454 1757 ceciderant
476 1703 509 1755 et
531 1711 615 1776 quse
648 1695 788 1756 inveniri
816 1700 984 1777 poterant,
1017 1701 1052 1756 et
1074 1693 1232 1756 camelum

60 1801 309 1864 reonersvimus
332 1807 363 1861 et
385 1801 431 1861 ita
452 1798 588 1861 ulterius
620 1799 837 1880 processimus
865 1813 938 1860 curn
966 1797 1079 1880 maJori
1111 1797 1238 1860 cautela

7 1959 10 2002 Ι
63 1917 98 1970 et
120 1907 205 1968 bene
228 1904 268 1967 sd
292 1905 434 1985 quinque
454 1903 551 1966 boras
572 1905 606 1966 in
627 1903 737 1964 lsbore
759 1901 980 1964 descendendi
1007 1903 1236 1983 laboravimus,

7 2067 10 2106 Ι
62 2027 236 2092 quousque
262 2012 295 2068 iu
327 2008 520 2088 campestris
550 2005 764 2085 devenimus.
808 2004 890 2068 Cuur
922 2024 1001 2088 ergo
1032 2009 1065 2070 in
1094 2007 1237 2089 planu·

7 2173 10 2206 Ι
61 2115 125 2174 sub
147 2121 255 2173 monte
276 2112 502 2191 venissemus,
522 2111 741 2174 convertimus
762 2128 823 2172 uos
846 2119 878 2172 et
901 2110 1040 2193 clivum,
1063 2129 1239 2194 perquem

7 2283 9 2304 ,
64 2214 311 2296 descendimus,
345 2215 564 2298 respeximus,
593 2212 652 2275 sed
675 2231 883 2296 nequaquam·
910 2214 1022 2276 videre
1051 2207 1261 2297 poteromns'

65 2322 163 2401 viam,
187 2337 244 2400 per
266 2334 360 2401 quam
377 2317 614 2399 descendimus,
629 2326 759 2401 propter
779 2328 967 2401 praeruptas
990 2326 1100 2402 petras
1124 2329 1157 2382 et
1175 2321 1239 2382 mi-

7 2491 9 2532 ,
65 2441 166 2486 neces
189 2440 285 2504 rupes
305 2430 336 2483 et
360 2424 552 2505 praecipites
574 2422 675 2486 saltus
698 2414 728 2482 et
748 2439 902 2486 recurvas
924 2433 1026 2485 metas
1044 2433 1077 2486 et
1096 2425 1236 2487 mirabe-

7 2597 9 2618 ἱ
70 2548 158 2611 mur,
196 2526 355 2610 quomodo
388 2526 586 2590 descendere
615 2527 799 2609 potuimus,
834 2531 910 2610 quia
942 2528 1112 2591 videbatur
1147 2530 1239 2592 nobis

7 2621 8 2634 ¹
70 2631 291 2714 impossibile,
314 2650 386 2694 cum
409 2633 551 2720 oneratis
573 2633 686 2695 bestiis
708 2651 766 2714 por
787 2640 852 2694 tem
873 2631 1098 2696 arduissimum
1120 2632 1239 2695 clivum

69 2736 284 2817 descendere,
298 2744 341 2823 ¹et
362 2729 733 2818 impliusmirabanrur,
766 2737 926 2819 quomodo
956 2736 997 2799 de
1019 2737 1187 2800 cacumine
1205 2740 1240 2800 in

68 2857 223 2921 praeceps
235 2825 435 2901 descendere
452 2843 663 2922 potuerimus,
686 2859 758 2902 oum
778 2841 884 2922 ipsum
896 2856 1053 2904 mcumen
1072 2839 1237 2906 videretur

7 2927 8 2936 ἵ
72 2942 162 3004 uobis
184 2939 313 3004 extendi
339 2942 423 3004 ultre
442 2941 577 3026 clivum,
600 2946 692 3026 quusi
722 2961 860 3006 necesso
881 2955 970 3008 esset
991 2945 1033 3008 de
1064 2957 1157 3028 petre
1178 2963 1237 3008 ca·

73 3045 206 3108 cuminis
232 3046 265 3106 iu
287 3045 406 3107 olivum
435 3046 550 3109 saltum
586 3048 695 3108 iacere
726 3046 890 3127 deorsum,
919 3050 973 3112 vel
1005 3068 1076 3113 curn
1108 3049 1237 3112 funibus

75 3149 225 3212 submitti.
262 3150 461 3212 Fetcbeutur
484 3150 602 3214 domini
623 3151 742 3214 milites
764 3171 894 3234 ornnes,
924 3155 979 3235 qui
1002 3163 1110 3218 tamen
1140 3152 1239 3216 multa

75 3259 107 3317 iu
131 3251 246 3318 mundo
269 3256 393 3336 experti
429 3256 572 3337 lucrant,
604 3254 689 3337 quod
723 3273 895 3338 numquam
927 3265 997 3322 tam
1024 3256 1237 3340 periculosam

56 3359 158 3421 'viam
182 3356 352 3420 vidissent.
397 3359 609 3442 igiturpcum
639 3363 672 3421 in
694 3361 929 3442 campestribus
950 3379 1114 3443 essemus,
1144 3360 1240 3424 vide-

77 3465 166 3527 batur
195 3462 288 3524 uobis
321 3471 353 3523 et
386 3463 432 3526 its
454 3473 540 3546 erat,
573 3463 658 3546 quod
681 3465 715 3526 in
735 3464 799 3526 alia
832 3467 964 3550 regione
996 3485 1160 3548 essemus,
1193 3466 1238 3530 ibi

75 3570 153 3632 enim
188 3567 351 3632 desertum
383 3568 501 3650 incipit
529 3570 633 3652 magis
666 3569 838 3632 humanum
867 3571 938 3634 fleri
970 3581 1002 3634 et
1028 3571 1169 3654 virgulis
1199 3587 1240 3634 ac

77 3676 215 3758 grandus
244 3673 464 3755 reperiuntur,
495 3694 553 3758 per
579 3673 651 3736 loca
668 3674 713 3735 ibi
733 3682 882 3756 pastores
904 3683 935 3736 et
956 3693 1075 3756 pecore
1093 3675 1238 3739 habitere
1316 3681 1319 3689 '

76 3784 221 3864 possunt.¹
247 3779 295 3839 lbi
319 3797 372 3841 ros
392 3779 530 3862 amplius
552 3798 616 3844 non
634 3789 685 3841 est
707 3778 767 3860 sal,
789 3767 873 3842 siout
901 3780 1052 3862 superius
1074 3780 1146 3844 dol.
1168 3777 1237 3860 cd,

78 3881 130 3943 sed
150 3882 210 3944 mel
233 3891 265 3944 et
285 3901 420 3966 menna,
441 3892 478 3946 ut
497 3884 622 3966 patebit
643 3884 696 3947 iol.
738 3885 803 3947 Hic
827 3885 940 3966 incipit
969 3884 1138 3967 provincia
1160 3883 1237 3946 bla-

80 3985 162 4065 diru,
183 4003 267 4068 quae
293 3987 413 4051 multas
436 3991 586 4052 nationes
608 3980 917 4053 beber‘hsbttebtles
947 3999 980 4052 ot
1000 3989 1111 4073 plures
1142 3989 1238 4050 irun-

80 4088 226 4152 bitabiles.
279 4089 503 4156 Processimus
546 4111 625 4176 ergo
656 4113 716 4176 per
748 4097 942 4176 campestria
976 4102 1011 4157 et
1047 4094 1238 4156 volebamus

81 4191 180 4256 codem
204 4191 258 4255 die
278 4195 454 4276 procedere
487 4197 656 4282 usquead
686 4185 853 4280 montana,
890 4199 949 4262 sed
972 4199 1090 4262 inilrmi
1120 4197 1237 4260 iratres

80 4300 169 4360 nostri
189 4315 268 4382 prae
290 4298 398 4364 lebore
417 4304 706 4368 murmurabant-ct
724 4303 912 4384 gemebant3
934 4312 1066 4387 propter
1080 4321 1138 4395 eos
1158 4321 1236 4386 crgo

678 4527 698 4563 i*
