2926 5050
700 213 869 343 oz

133 433 562 509 nominaturllo'lmanuoha.
585 441 649 506 llio
669 441 755 526 ione,
776 451 812 516 ιιι
838 441 915 521 dixi,
934 397 998 507 uon
1020 441 1125 506 effluit
1145 443 1306 542 apperuit,

7 565 8 602 ι
128 548 199 611 sed
227 565 286 631 por
311 547 470 610 oecultum
496 555 603 610 terrae
623 555 763 621 meatum
784 546 1023 611 Draoonitidem
1043 549 1207 630 hagionem
1228 566 1306 629 per-

7 673 8 676 *
134 652 255 715 transit
275 659 310 714 ot
328 651 361 714 in
381 651 465 734 pede
486 650 602 713 hibeni
623 651 741 728 montis
761 651 883 713 iontem
906 660 1109 715 emanantem
1129 653 1222 734 iacit,
1250 653 1306 734 qul

137 756 214 818 sons
242 755 360 818 dieitur
385 757 471 818 Dan.
514 756 557 818 Et
587 755 674 839 quod
702 754 745 817 tle
770 755 861 820 fonte
884 753 1048 836 Megedan
1074 757 1194 820 oriatur
1219 756 1305 838 Dan,

136 858 276 942 probant
295 878 355 942 per
374 860 504 941 paleas,
525 877 608 942 quae
631 861 666 922 in
687 860 809 922 fontem
829 856 994 942 Megaloi
1014 857 1200 943 effundunt,
1221 877 1306 943 quae

137 963 277 1026 effluunt
304 980 363 1046 per
384 963 504 1027 iontem
526 963 609 1026 Dan.
638 963 682 1026 Et
702 971 778 1026 aunt
794 962 842 1024 illi
857 960 920 1024 dno
939 961 1047 1048 fontes
1060 981 1081 1025 a
1094 980 1133 1025 ee
1145 943 1305 1044 distentae

138 1085 199 1130 aex
227 1067 368 1130 milhhue
392 1067 577 1130 stadiorum.
619 1067 756 1131 Fontem
785 1085 866 1130 vero
885 1067 946 1128 Jor
971 1065 1084 1131 monui
1108 1068 1306 1154 originaliter

137 1191 197 1254 per
217 1172 376 1254 gurgitem
397 1173 642 1246 subterraneum
662 1171 783 1237 habore
803 1187 907 1254 aquae
928 1189 972 1233 ex
992 1170 1091 1234 fluvio
1120 1171 1188 1233 alio
1207 1189 1306 1252 para-

139 1274 221 1358 disi,
247 1276 303 1357 qni
321 1273 442 1337 dieitur·
458 1275 597 1358 'l'ygria¹
631 1276 762 1338 Hiuuo
777 1276 913 1358 tientes,
937 1275 999 1338 Jor
1019 1283 1052 1338 et
1072 1275 1165 1357 Dan,
1192 1265 1306 1356 proonl
1358 1321 1361 1326 .
1393 1319 1395 1324 -

138 1378 180 1440 ab
208 1379 347 1442 invicem
374 1388 523 1446 eumont
549 1380 589 1441 in·
610 1379 694 1464 pede
719 1381 991 1463 montisalbani,
1022 1373 1056 1442 et
1074 1379 1252 1456 <confluunt
1272 1379 1305 1440 in

137 1491 237 1545 unum
265 1490 340 1544 ante
367 1479 502 1565 portam
519 1482 690 1567 eivitatis,'
706 1503 806 1569 quae·
821 1485 959 1568 antiqno.
981 1484 1110 1561 nomine
1138 1481 1306 1546 dicebatur

138 1586 275 1668 haohis,
301 1594 335 1649 et
362 1585 399 1649 tit
418 1604 502 1651 uuus
530 1589 649 1652 fluvius
677 1579 810 1675 Jordan.
862 1588 913 1678 llo
926 1572 996 1652 'hoo
1017 1588 1154 1652 civitate
1184 1586 1304 1652 haohia

138 1691 295 1754 uouemus
313 1690 387 1753 uon.
413 1692 476 1771 ιιι]
488 1691 706 1771 oisonem
718 1694 785 1776 ιιι,
805 1693 905 1776 ,ιᾳιοιι
927 1693 987 1781 nn
1008 1673 1081 1770 nan
1102 1691 1306 1756 inveniamur

5 1831 8 1858 ι
126 1795 281 1877 Δ(ιιιίιιιιιιιι
301 1802 335 1857 et
355 1795 539 1878 opulentam
559 1807 723 1888 oeperunt·
738 1816 810 1862 eam
831 1808 864 1862 et
885 1799 1149 1884 oomhuaaerunt,
1176 1802 1211 1857 et
1231 1800 1307 1879 post

138 1889 221 1961 haee
250 1916 320 1960 eam
348 1899 655 1984 reaedificaverunt,
683 1901 858 1966 donteooi
885 1921 1004 1965 nomen
1025 1901 1126 1985 patris
1147 1900 1200 1962 ani
1220 1897 1304 1960 Dan.

4 2039 7 2080 ι
138 2002 182 2065 ho
203 2010 273 2064 erat
294 2003 411 2065 oivilaa
432 2004 544 2086 ultima
564 2015 824 2069 terrae-aanotao
844 2005 887 2070 ari
908 2006 1102 2088 aquilonem.
1124 2065 1126 2072 ,
1146 2002 1201 2065 Ad
1221 2003 1306 2066 hano

139 2107 315 2180 civitatem
334 2105 395 2170 fuit
420 2110 561 2190 positum
579 2109 706 2172 idolum
732 2110 902 2192 lllioheae,
931 2119 968 2172 ut
993 2109 1132 2175 habetur
1150 2105 1306 2172 luditum

142 2211 189 2274 te.
219 2223 278 2292 per
305 2219 415 2280 totum.
454 2210 522 2274 Sed
546 2222 581 2278 ot
597 2212 788 2296 Jeroboam,
818 2233 876 2277 rex
902 2213 1022 2294 lsrael,
1051 2210 1159 2294 posuit
1179 2211 1212 2271 in
1234 2226 1305 2271 eam

138 2333 236 2378 unum
259 2315 300 2377 da
320 2315 434 2387 vitulis
451 2319 567 2400 aureis,
590 2326 624 2379 ot
641 2316 749 2402 jussit,
771 2325 809 2380 nt
828 2318 967 2402 populna
989 2335 1063 2380 aum
1084 2313 1247 2396 adorarat,
1267 2318 1306 2376 ut

4 2445 5 2462 2
138 2419 328 2484 hahetur&
350 2420 432 2504 Reg.
457 2421 506 2484 ta.
535 2421 614 2486 Post
635 2423 767 2506 multum
789 2424 942 2508 temporie
965 2421 1136 2506 Philippus
1157 2420 1306 2482 ituraeae

139 2532 173 2587 ot
193 2524 421 2588 Draoonitioae
433 2528 618 2610 ¹totrtroha,
639 2529 818 2610 nominavit
838 2547 910 2592 eam
941 2525 1122 2606 Caesarea,
1143 2522 1184 2585 oh
1206 2539 1306 2584 revo-

139 2629 274 2693 rentiom
296 2627 458 2693 Caesaris.
501 2631 544 2694 Et
563 2630 636 2695 ideo
666 2632 783 2696 Matth.
807 2633 859 2698 16.
892 2631 1008 2702 dieitur
1034 2626 1199 2692 Caesarea
1225 2624 1306 2688 Phi·

139 2733 228 2815 lippi.
260 2732 356 2809 Hano
377 2743 490 2816 postea
512 2733 632 2800 Graeoi
653 2737 862 2816 nominabant
880 2735 1016 2798 Paneas.
1039 2729 1223 2802 Sodhodia
1244 2745 1306 2792 noo

138 2837 276 2917 haehla,
297 2856 359 2901 neo
377 2837 468 2919 Dan,
490 2857 552 2902 neo
574 2838 754 2923 Caesarea,
774 2857 836 2903 noo
854 2841 985 2904 Paneas
1006 2837 1139 2919 dieitur,
1158 2834 1217 2899 sed
1238 2835 1305 2898 Ba

141 2939 233 3001 lenas
255 2939 443 3023 appellatur.
1233 2941 1236 2947 ’

139 3085 143 3092 -
221 3041 282 3106 lor
302 3045 400 3125 igitur
421 3063 495 3108 eam
516 3045 589 3126 Dan
611 3055 688 3110 anto
709 3054 833 3128 portam
858 3045 955 3130 hujna
985 3044 1127 3109 civitatis
1148 3050 1305 3106 ooountee

139 3148 273 3210 llnvinm
304 3148 481 3212 Jordanem
518 3150 657 3231 famant,
700 3151 756 3232 qni
788 3155 1023 3233 consequenter
1055 3146 1214 3211 recedens
1246 3165 1306 3230 per

139 3251 270 3335 longum
292 3261 325 3316 et
345 3252 507 3339 obliquum
528 3255 696 3318 circuitum
718 3253 834 3318 dividit
854 3257 994 3317 ltnream
1015 3261 1048 3314 et
1066 3249 1305 3317 Draoonititlem
1381 3259 1384 3266 '

139 3359 306 3440 regiones,
356 3365 391 3420 at
429 3357 549 3422 deinde
605 3357 766 3443 quandam
814 3357 935 3422 vallem
983 3354 1125 3441 inuidit,
1170 3359 1205 3418 in
1241 3376 1306 3442 qna

138 3468 291 3544 stagnum
323 3463 500 3548 oolligitur,
533 3465 619 3547 quod
651 3473 802 3546 stagnum
834 3462 952 3525 (linitur
971 3460 1015 3524 ad
1036 3479 1138 3544 aquas
1168 3465 1305 3546 Moron,

137 3568 192 3630 uhi
212 3567 317 3630 Joena
337 3570 511 3651 prostravit
531 3568 614 3630 XIV
635 3585 748 3650 reges,
769 3575 805 3630 ut
818 3567 963 3629 *hahetur
982 3566 1113 3629 Josuae
1133 3566 1190 3626 x1.
1233 3566 1306 3628 Hoa

81 3738 83 3742 .
138 3681 293 3756 stagnum·
316 3681 462 3756 tempora
492 3671 622 3736 hiemali
643 3671 680 3734 ht
711 3689 880 3754 magnum,
912 3669 980 3738 aed.
1002 3678 1147 3753 tempore
1179 3669 1306 3732 aestivo

138 3777 320 3844 exnooatnr
339 3792 435 3860 aqua,
457 3785 493 3838 et
513 3777 728 3839 ammonini
750 3777 882 3840 arbusta
902 3784 936 3837 et
957 3773 1093 3836 frutices
1114 3772 1246 3854 densae,
1269 3774 1305 3834 iu

143 3882 260 3964 quihus
280 3881 407 3947 latitant
426 3880 541 3946 leonae
569 3888 603 3942 et
622 3884 690 3946 urai
715 3888 751 3943 ot
770 3879 854 3944 aliae
874 3877 1044 3944 silvestres
1067 3877 1201 3941 beatiam

229 3985 368 4052 Domum
392 3983 529 4046 ultoria·
556 3981 732 4050 amaneus
752 3985 844 4048 inter,
871 3981 953 4048 dnae
973 3983 1125 4047 civitatee
1159 3979 1307 4062 Caphar-

147 4105 243 4152 naum
265 4095 300 4151 et
321 4087 495 4152 Chorazin
518 4087 598 4151 lauit
627 4086 732 4150 laeum
752 4089 928 4169 urgentem,
953 4101 1043 4148 mare
1069 4085 1235 4150 Galilaeae
1253 4083 1307 4148 vol

141 4210 236 4258 mare
243 4189 448 4276 hyperionio,
470 4191 555 4254 aient
575 4189 711 4255 Rhenus
738 4190 816 4254 feeit
834 4189 940 4260 lanum
955 4187 1249 4256 Conatauiiensem.
1269 4189 1307 4252 In

145 4296 348 4360 extremitate
368 4303 477 4360 antem
499 4295 598 4358 maria
619 4298 686 4361 exit
706 4295 747 4359 ah
774 4313 814 4358 eo
841 4301 875 4356 et
895 4294 1122 4356 intermontes
1153 4290 1254 4356 lsrael
1275 4302 1307 4356 et
