2970 4862
739 213 743 222 ι

740 235 744 246 r

175 385 250 450 him
268 401 387 468 passius
408 383 547 466 genibus
569 383 702 454 lacerat.
741 383 781 446 Si
809 386 895 446 enlm
927 399 1061 465 passum
1091 381 1225 446 sinimro
1253 399 1340 466 geno

173 491 264 572 iecit,
294 489 328 550 iu
356 487 442 550 latus
467 489 632 550 sinistrum
660 487 803 551 totaliter
830 487 1063 569 inclinabatur3
1094 488 1125 550 si
1154 487 1280 570 dextro,
1309 488 1343 550 iu

175 593 344 673 dextrum,
372 601 405 652 et
446 593 532 654 inter
562 593 625 655 hoc
657 591 845 674 frequenter
874 590 942 686 vel·
959 592 994 652 iu
1023 591 1125 654 latera
1156 593 1268 654 ruebat
1288 591 1343 654 vel

156 687 297 778 ‘pronus
317 698 349 757 iu
371 696 487 758 taciem
509 694 665 778 cadebat,
698 705 732 758 et
752 697 866 760 fractis
898 681 1013 774 oali'gis
1033 695 1068 756 iu
1090 708 1182 777 porte
1202 707 1342 778 genuum

177 801 381 883 rumpebatur
410 803 507 862 etiam
530 800 645 882 pellis,
680 808 713 860 et
730 800 902 882 'sanguiue
931 799 1072 880 vestigia
1101 819 1161 864 sua
1193 801 1344 882 signabat

176 904 317 988 singule.
359 904 511 970 Mauricae
542 907 630 967 cirea
659 905 786 966 cubitos
804 912 918 986 ruptae
940 911 1033 964 erant
1062 911 1095 963 et
1115 901 1248 964 brachia
1267 899 1344 962 vol-

176 1016 300 1090 nerata,
320 1009 423 1071 lacios
445 1009 638 1089 tumefacta,
660 1016 693 1070 et
714 1013 785 1070 tota
805 1007 944 1071 hominis
965 1005 1053 1068 illius
1076 1005 1205 1087 species
1224 1004 1356 1094 immu-⁸

176 1092 245 1176 tata
265 1114 336 1176 luit.
377 1114 467 1176 liceo
487 1115 583 1176 etiarn
612 1111 699 1195 quod
730 1129 791 1174 uos
811 1111 967 1194 reptando
989 1110 1135 1173 manibus
1154 1105 1344 1190 etpedibus

176 1217 352 1280 difficulter
374 1217 589 1300 ascendimus,
604 1217 666 1291 ¹ille
687 1216 903 1300 geniculando
934 1224 968 1279 et
990 1213 1202 1279 cubiculoudo
1224 1229 1343 1276 asceu-

176 1321 238 1402 dit,
272 1321 409 1384 viriliter
439 1341 498 1404 pro
529 1321 630 1387 nihilo
655 1320 778 1384 ducens
805 1323 1000 1403 cruciatum,
1034 1340 1107 1382 nam
1141 1317 1344 1402 poenitentia
1449 1358 1450 1392 ι

177 1435 293 1488 seurota
313 1445 423 1488 amara
444 1427 523 1490 lacit
544 1427 666 1508 dulcia,
689 1425 834 1490 difficilia
860 1427 963 1507 levia,
988 1425 1069 1488 dura
1098 1425 1215 1488 mollia
1260 1422 1343 1500 Quis

145 1531 154 1554 ⁸
177 1549 300 1614 quaeso
323 1550 389 1594 nou
417 1539 601 1596 moveretur
622 1528 664 1593 ed
690 1533 842 1612 pietatem
864 1530 981 1594 rideris
1002 1531 1089 1594 illios
1111 1532 1186 1596 honi
1208 1529 1342 1611 etprohi

176 1638 340 1718 peregrini
361 1638 551 1700 exercitium
574 1635 719 1719 arduum,
741 1635 890 1717 difficile,
912 1632 1118 1699 virtuosum?
1151 1633 1255 1711 Quem
1277 1651 1343 1696 nou

175 1742 356 1822 poeniteret
375 1744 516 1823 peccati,
534 1741 651 1804 videns
675 1749 878 1823 peccatorum
897 1748 963 1800 tam
986 1738 1096 1802 duram
1119 1734 1341 1821 punitioneml

176 1845 395 1908 Ascendimus
435 1846 533 1926 igitur
560 1847 593 1908 in
622 1843 722 1906 altum
751 1851 783 1905 ct
812 1841 954 1906 vidimus
975 1860 1075 1926 supra
1107 1853 1168 1906 u'os
1186 1853 1342 1906 cacumen

177 1948 275 2031 longe
296 1948 439 2029 distans,
468 1948 510 2010 arl
540 1947 625 2029 quod
653 1947 727 2009 eltis
765 1956 798 2009 et
821 1947 974 2010 hrerrihua
1002 1958 1035 2011 et
1056 1951 1178 2012 crebris
1200 1947 1343 2028 respira·

176 2052 318 2115 tionibus
346 2050 588 2133 enucleemus,
628 2059 779 2133 putantes
811 2051 984 2114 ihi.linem
1016 2069 1093 2115 esse
1125 2051 1340 2114 ascensionis

176 2155 244 2218 Sed
264 2155 339 2218 dom
361 2172 434 2217 eum
454 2155 565 2217 labore
585 2155 649 2218 hoc
667 2171 822 2217 cacumen
840 2157 1076 2238 attigissemus,
1098 2164 1176 2218 tuuc
1192 2151 1341 2236 apperuit

175 2259 266 2324 alind
293 2260 392 2324 eltom
425 2277 585 2324 cacumen
612 2262 646 2322 in
672 2260 773 2324 altum
795 2278 894 2343 super
914 2263 1022 2325 omnia
1042 2269 1194 2323 montana
1215 2275 1253 2319 se
1277 2255 1342 2318 tol·

176 2365 258 2446 leus,
280 2372 315 2428 et
337 2364 573 2448 quamvisjam
594 2364 726 2428 altiores
751 2383 900 2429 essemus
930 2367 1058 2429 eunctis
1090 2364 1251 2429 montibus
1283 2379 1342 2445 per

176 2472 363 2554 circuitum,
396 2472 435 2533 oh
471 2469 527 2534 illa
557 2477 671 2534 tomen·
693 2470 877 2546 altitudine¹
893 2471 1112 2554 consurgebat
1135 2471 1218 2534 alius
1238 2484 1342 2532 mous

177 2575 347 2658 rotundus,
368 2576 423 2659 qui
444 2576 485 2636 ab
507 2574 650 2638 irrieriori
673 2573 768 2638 latior
787 2578 980 2640 successive
1001 2575 1042 2639 ed
1064 2577 1342 2658 superioraecue·

176 2678 280 2762 batur,
303 2689 336 2742 et
358 2688 478 2762 quanto
500 2679 604 2760 altior,
627 2687 716 2742 tauto
738 2683 844 2762 magis
865 2699 1023 2764 praeceps
1044 2692 1113 2745 erat
1134 2688 1166 2744 et
1187 2681 1341 2762 asperior,
1451 2763 1452 2770 ἶ

175 2790 289 2864 utpote
299 2784 496 2845 acutissimis
517 2784 662 2864 scopulis
684 2785 827 2866 undique
847 2787 998 2866 vestitus,
1021 2786 1132 2848 sedet
1154 2787 1226 2867 ipse
1248 2799 1340 2846 mona

176 2893 265 2948 totus
286 2885 442 2967 quaedam
466 2886 688 2967 limpidissime
711 2897 802 2970 petra
824 2897 885 2968 est,
912 2906 1020 2970 aqua
1039 2888 1164 2971 scopuli
1185 2895 1219 2950 et
1245 2895 1341 2950 acuto

175 3005 257 3051 saxa
278 2997 486 3069 consurgunt
529 2990 792 3054 uortmeavtmus
813 3010 892 3075 ergo
913 3011 974 3055 uos
994 2993 1150 3073 invicem,
1178 2999 1213 3052 et
1234 2993 1339 3073 ipsum

175 3101 313 3158 montem
349 3101 497 3157 muctam
519 3096 670 3174 aggressi
700 3112 813 3158 sumus
840 3105 872 3160 et
899 3113 1004 3180 nsque
1028 3097 1063 3158 in
1085 3111 1241 3158 cacumen
1262 3113 1340 3174 por-

174 3199 343 3278 veuimus,
372 3205 405 3261 et
443 3196 507 3276 illi,
541 3199 596 3283 qui
628 3199 722 3279 primi
756 3202 909 3282 saperius
941 3201 1087 3283 fuerumt,
1128 3198 1340 3281 sequentihus

175 3320 303 3366 manum
328 3312 540 3385 porrexerunt
577 3319 706 3366 sursum
733 3321 791 3366 eos
813 3304 854 3367 (le
875 3305 1019 3388 scopulis
1041 3305 1083 3370 ad
1104 3324 1142 3369 se
1163 3305 1339 3368 trahentes.

174 3407 297 3470 Omnes
328 3415 436 3470 antem
473 3407 569 3472 mmai
604 3407 782 3490 praelatum
823 3412 1027 3493 peregrinum
1066 3409 1339 3493 exspectavimus,

149 3519 313 3593 ficumque
341 3509 384 3572 ad
410 3525 471 3574 uos
493 3513 651 3574 traximus
683 3511 823 3576 debilem
854 3525 888 3578 et
916 3534 1021 3597 paene
1053 3516 1241 3580 exanimem.
1285 3511 1339 3574 Ad

173 3613 315 3678 medium
335 3621 443 3678 autem
464 3617 643 3680 cacuminis
663 3619 873 3701 perreximus,
895 3627 928 3682 et
947 3618 1044 3683 iliad
1062 3618 1339 3702 murum'capellne

173 3734 235 3781 eos
256 3719 435 3782 locavimus
456 3719 497 3782 ad
517 3723 661 3782 umbram
682 3739 743 3802 pre
763 3723 984 3806 respiratione,
1006 3731 1179 3808 antequam
1201 3725 1240 3787 ad
1263 3741 1338 3787 ora-

173 3824 293 3886 tionem
332 3822 589 3906 procederemus.
642 3823 750 3887 Valde
794 3827 878 3890 enirn
913 3832 1072 3892 attenuati
1113 3843 1145 3894 et
1181 3829 1338 3892 debilitati

173 3925 339 3992 meremus
358 3945 416 4011 per
436 3929 526 3992 illum
543 3928 831 3995 laboriosissimum
853 3933 1037 4019 ascensum,
1059 3945 1092 4000 et
1112 3936 1210 3999 nimio
1231 3935 1338 3997 colore

172 4031 308 4117 iucernsi,
337 4033 433 4116 uude,
450 4034 536 4098 'dnm
557 4033 656 4118 aliqui
677 4037 839 4119 peregrim·
858 4039 1015 4104 sedentes
1036 4039 1243 4126 respirarent,
1263 4055 1338 4102 cor·

174 4147 306 4200 rueruut
333 4139 366 4200 iu
399 4148 516 4202 terram
545 4147 753 4222 aestuantes,
783 4142 901 4226 aliqui
918 4147 974 4209 vix
1003 4148 1191 4212 anhelatum
1217 4144 1338 4206 hahere

172 4247 338 4323 poterant,
365 4244 485 4308 caetori
510 4243 667 4310 mebant
698 4253 832 4326 etcum
863 4250 958 4332 pilels
989 4272 1029 4316 ac
1057 4255 1204 4322 vestibus
1225 4269 1336 4318 eurem
