2842 4882
612 397 678 462 433

22 580 199 666 purgatis
223 595 282 663 per
302 580 409 662 ignem
422 576 601 660 ejiciuntur,
615 586 647 640 et
669 587 759 641 erant
771 578 895 641 scoriae
907 597 971 644 non
984 580 1061 644 ferri
1078 578 1133 643 vel
1143 577 1229 668 alte-¹¹

24 693 105 752 rius
129 685 274 767 metalli,
296 682 355 747 sed
376 684 446 746 auri
463 683 605 746 Arabiae
626 683 749 767 optimi,
765 681 851 768 quod
873 683 949 748 olim
961 685 1015 749 bic
1036 685 1225 750 fodiebatur.

24 791 138 857 Unde
170 790 294 868 beatus
322 783 521 871 Jerony'mns
555 785 597 850 de
639 785 801 850 distantiis
842 787 981 852 locorum
1010 789 1071 853 bos
1101 797 1228 852 mentes

25 895 196 960 nominat
219 892 435 978 Catachrysia
472 890 625 975 etdicit,
652 885 741 977 'qnod
769 891 864 974 juxta
884 887 949 956 'eos
980 891 1038 955 lilii
1059 891 1163 954 lsrael
1193 892 1228 954 iu

27 1002 182 1066 deserto
205 995 362 1080 degentes
383 1015 441 1079 per
461 1005 588 1079 tempus
609 1004 813 1078 manserunt,
836 1004 870 1058 et
900 995 987 1083 qnod
1015 999 1149 1079 Moyses
1180 997 1226 1059 ibi
1266 1069 1272 1086 ⁹

29 1103 184 1187 scripsit
208 1090 503 1165 Deuteronomium.
534 1101 612 1162 Non
631 1099 752 1184 dubito,
768 1101 847 1184 quin
869 1100 944 1186 elim
957 1102 1064 1163 sancti
1080 1101 1229 1163 monachi

28 1214 68 1274 in
84 1210 146 1274 his
171 1203 339 1289 specubus
354 1207 418 1268 sibi
434 1205 568 1268 cellulas
584 1199 836 1289 aedificaverint,
850 1207 926 1290 quia
948 1207 982 1269 in
994 1205 1082 1268 Vitis
1095 1204 1229 1279 Petrum

30 1331 149 1396 saepe
186 1310 342 1392 legimus,
369 1318 501 1372 sanctos
529 1309 731 1373 habitavisse
759 1310 793 1372 iu
825 1311 977 1374 cavernis
1015 1309 1178 1374 derelictis
1209 1327 1230 1372 a

32 1415 238 1499 fossoribus
269 1413 481 1482 metallorum.
540 1412 666 1496 Accepi
698 1432 776 1497 ergo
807 1414 942 1499 aliquas
963 1417 1088 1478 scorias
1125 1421 1159 1478 et
1188 1413 1229 1478 ad

34 1517 419 1596 dominosmilites‘eas
442 1517 551 1599 detuli,
562 1521 619 1603 qui
638 1538 697 1601 pro
719 1538 851 1586 munere
872 1539 974 1614 ease
995 1539 1046 1610 me
1067 1520 1229 1612 petierunt

33 1627 106 1692 sibi
131 1623 221 1704 dari,
239 1624 321 1707 quia
342 1634 433 1690 erant
456 1624 604 1689 insuetae
624 1622 756 1708 figurae.
874 1605 879 1613 ’
926 1607 930 1612 ”

496 1861 631 1937 Gravis
655 1859 798 1940 daea,
849 1951 856 1958 ,

132 2043 277 2110 Decimo
296 2054 412 2107 octavo
434 2041 486 2104 die
517 2035 682 2104 trinsocta
706 2040 812 2104 media
833 2050 928 2105 nocte
957 2040 1154 2104 recessimus
1186 2036 1229 2101 de

40 2153 186 2216 deserto
210 2147 397 2210 Meschmar
429 2154 460 2207 et
482 2154 608 2207 montes
630 2141 864 2228 Cataebrysiaa
895 2145 1168 2229 posttergavimus
1196 2133 1229 2206 et

40 2258 79 2321 iu
103 2272 213 2319 uuum
229 2250 407 2332 districtum
429 2249 588 2336 venimus,
602 2249 656 2336 ubi
678 2249 719 2311 ad
735 2248 883 2314 dextrum
897 2249 982 2314 latus
997 2258 1123 2336 montes
1138 2247 1229 2311 albos

41 2360 147 2446 quasi
170 2359 251 2420 nive
270 2354 395 2417 infusos
416 2354 601 2437 babuimus,
623 2352 664 2416 ad
697 2354 861 2417 sinistram
892 2375 970 2419 vero
993 2356 1106 2420 mbros
1135 2357 1230 2438 quasi

43 2484 169 2530 cruore
206 2459 354 2541 iniectos,
387 2458 446 2521 sed
478 2467 510 2521 et
541 2468 645 2523 terrae
675 2460 865 2541 superficies
896 2463 945 2538 ita
975 2461 1082 2543 planis
1110 2459 1230 2522 tabulis
1261 2487 1264 2492 ·

43 2569 196 2654 lapideis
228 2574 296 2628 erat
328 2564 483 2652 obducta,
511 2582 550 2626 ae
580 2565 610 2628 si
642 2565 831 2629 naturaliter
865 2567 1085 2648 pavimentata
1114 2565 1231 2628 fuisset

45 2672 163 2759 politis
188 2671 308 2736 tabulis
335 2669 376 2731 de
397 2669 580 2747 durissimis
599 2670 709 2753 saxis,
726 2666 817 2731 'unde
843 2667 968 2731 bestiae
996 2679 1130 2748 nostrae
1157 2687 1230 2732 cum

46 2787 198 2841 tremore
220 2776 264 2837 ibi
294 2773 486 2836 incedebant
523 2775 676 2836 timentes
710 2772 894 2836 lubricitari.
933 2771 1073 2856 Deinde
1092 2793 1236 2858 ascenso

49 2882 143 2945 clivo
167 2878 338 2960 praecipiti
360 2880 393 2937 in
413 2871 510 2938 alium
528 2884 708 2939 torrentem
731 2879 880 2964 venimus
909 2879 951 2941 de
971 2880 1067 2962 plana
1094 2889 1125 2941 et
1146 2880 1232 2941 bona

49 2985 119 3047 via.
150 2983 217 3044 Hic
239 2987 366 3043 torrens
387 2997 447 3042 suo
463 2982 607 3061 tempore
627 2978 755 3042 videtur
767 2982 861 3064 aquis
884 2982 1024 3064 copiosis
1039 2981 1232 3052 redundare

12 3070 108 3149 Ex
130 3083 188 3146 illo
211 3073 351 3145 torrente
364 3080 616 3152 descendimus
607 3102 641 3145 ιιι
662 3082 734 3145 loca
754 3083 912 3166 quaedam
934 3086 1068 3168 plana,
1059 3105 1092 3148 ru
1114 3085 1231 3169 quibus

12 3188 241 3272 reperimus
257 3185 406 3268 virgulta,
433 3187 566 3250 arbusta
581 3195 613 3248 et
634 3186 763 3268 spineta
776 3190 925 3273 virentia,
942 3191 1059 3273 quibus
1075 3191 1231 3273 inspectis

12 3285 174 3354 laetati
196 3291 326 3372 suimus,
345 3291 420 3372 quia
440 3293 654 3372 speravimus,
677 3307 737 3353 nos
759 3293 802 3356 ibi
821 3311 923 3376 aquas
945 3303 1145 3378 reperturos,
1167 3313 1232 3358 uon

56 3376 219 3459 animilia
239 3410 387 3456 cresccre
401 3403 537 3477 possunt
562 3395 626 3456 nisi
646 3395 680 3456 in
697 3394 790 3460 locis
792 3397 1005 3461 humentibus.
1033 3395 1231 3463 intravimus

12 3519 138 3616 ergo
160 3501 293 3570 arbusta
314 3496 369 3560 illa
400 3507 433 3562 et
455 3497 594 3562 vidimus
616 3499 744 3582 quidem
766 3519 868 3584 aquas
889 3502 1005 3566 ibidem
1037 3503 1149 3588 inisse,
1171 3501 1233 3568 sed

56 3622 146 3668 nuuc
167 3603 274 3667 nullas
288 3601 414 3667 adesse
442 3604 663 3668 Veruntamen
684 3604 747 3668 hoc
760 3605 962 3687 refrigerium
984 3607 1028 3670 ibi
1042 3593 1251 3693 reperimus,

12 3685 145 3791 quod
168 3710 247 3772 rami
270 3717 302 3771 et
326 3709 410 3772 folia
427 3712 627 3772 arbustarum
657 3709 886 3773 madescebant
914 3730 987 3775 rore
1015 3715 1171 3776 matutino
1198 3719 1233 3774 et

12 3893 13 3916 Χ
59 3814 162 3893 guttis
183 3815 324 3896 noctium
346 3813 440 3897 plena
460 3820 560 3876 erant
602 3813 703 3893 i’crro
729 3834 814 3879 unus
845 3815 886 3878 de
916 3819 1094 3901 peregrinis
1115 3819 1233 3880 sitiens

60 3931 184 3978 ramum
205 3936 303 3982 unum
325 3917 506 3982 madentem
538 3937 611 3982 rore
632 3920 752 3984 avulsit
786 3929 817 3984 et
845 3922 892 3983 ori
924 3939 984 3984 sue
1006 3922 1176 4015 applicuit,
1199 3929 1235 4002 ut
1349 3991 1352 3996 ,

63 4035 168 4080 rorem
191 4018 345 4110 lamberet
368 4041 425 4103 pro
446 4021 616 4105 refrigerio
637 4038 708 4092 suo.
745 4021 813 4088 seo
837 4023 912 4088 dum
932 4043 970 4087 se
991 4026 1116 4107 putavit
1138 4023 1235 4086 refri-

61 4122 242 4200 gerativam
266 4142 369 4186 rorem
391 4125 544 4208 lambere,
557 4143 595 4189 os
617 4127 805 4211 acutissimo
830 4128 903 4212 sale
920 4129 1044 4208 invenit
1068 4145 1106 4189 se
1127 4109 1243 4188 iniec?

63 4229 131 4284 tum
163 4226 293 4314 habere,
324 4229 512 4310 perterritus
536 4209 651 4292 'autem
673 4224 808 4313 putavit,
838 4249 914 4295 esse
937 4230 1136 4295 delusionem
1178 4230 1232 4292 vel

63 4325 125 4388 Dei
155 4330 295 4414 plagam,
318 4330 398 4393 alios
428 4328 601 4400 consocios
623 4333 809 4398 hortabatur
835 4335 881 4398 de
903 4351 976 4399 mre
1006 4333 1130 4418 fugere,
1154 4333 1232 4398 nibil

65 4428 176 4498 diceus
195 4433 236 4498 de
257 4433 481 4519 amaritudine,
502 4445 534 4499 et
569 4455 680 4504 omnes
711 4439 894 4504 invenimus
913 4458 1015 4504 rorem
1042 4439 1129 4503 illum
1142 4424 1230 4504 'otiu

960 4547 994 4601 28
