3014 4864
696 262 764 330 tor
853 322 858 333 .

140 445 290 510 Patribus
312 447 434 530 gratias
456 447 509 532 egi
530 465 588 530 pro
609 445 745 508 caritate
767 446 844 512 mibi
869 447 977 514 oblata
992 457 1024 513 ot
1045 465 1118 514 cuna
1134 449 1309 532 gratiarnm

142 555 271 615 actione
291 552 463 633 hospitium
485 549 633 634 possedi,
657 549 808 632 quamdiu
830 555 864 614 in
886 554 1069 618 Jerusalem
1096 553 1161 637 fni,
1196 555 1308 636 ingre-

142 657 234 721 diens
256 664 290 720 el
311 656 486 740 egrediens
505 674 578 720 cum
600 655 665 718 illis
693 657 935 722 venerabilium
956 659 1111 722 fratribus
1139 661 1227 722 siout
1248 658 1308 721 do-

143 765 299 826 mesticus
324 773 358 826 et
388 763 460 826 sina
481 761 595 825 timore
616 769 650 823 et
680 761 753 824 siue
772 759 1027 827 sarracenorum
1047 765 1229 828 vexatione.
1266 763 1308 824 nt

142 868 214 930 sine
235 867 388 949 expensis
409 865 514 930 mansi
532 867 568 929 in
588 875 754 929 conventu
775 866 896 947 optime
916 867 1076 948 provisus.

226 971 325 1036 Porro
358 971 481 1036 canen
513 972 676 1054 peregrini
706 968 930 1034 conduxerunt
956 970 1128 1054 hospitium
1159 972 1193 1034 iu
1214 969 1308 1033 domo

142 1075 344 1159 Eiphahalli‚
377 1075 510 1140 minoris
540 1073 657 1157 Uelini,
680 1073 871 1156 sarraceni,
904 1093 989 1157 quae
1011 1073 1125 1138 domus
1152 1082 1204 1137 est
1224 1075 1310 1136 iutra

143 1189 283 1244 merrtem
305 1178 397 1263 Syon
419 1189 452 1242 et
477 1178 697 1244 Jerusalem·
687 1195 721 1242 ιιι
752 1178 854 1260 clivo,
877 1197 941 1262 quo
973 1185 1026 1244 ert
1056 1180 1236 1244 descensus
1269 1178 1316 1241 ad·

143 1284 315 1346 ecclesiam
340 1287 447 1347 sancti
466 1283 638 1366 sepulchri
681 1285 718 1346 ln
741 1283 796 1346 illa
819 1283 913 1346 domo
936 1292 1028 1346 erant
1051 1291 1119 1347 tras
1151 1302 1300 1348 camerae

105 1397 110 1405 '
142 1396 174 1450 et
195 1405 294 1450 unum
315 1402 450 1470 parvum
469 1387 624 1452 solarium
653 1387 717 1449 et'
708 1407 741 1450 ιιι
763 1362 869 1450 medlo
903 1403 1000 1453 unum
1022 1389 1140 1452 atrium
1161 1389 1217 1452 vel
1245 1408 1311 1452 urta

142 1493 231 1554 ouria
253 1500 474 1576 competenter
495 1511 626 1575 magna,
658 1492 693 1554 iu
715 1509 780 1576 qna
799 1494 929 1556 stabant
950 1495 1036 1556 vites
1058 1493 1175 1576 plenae
1196 1492 1309 1576 botris,

126 1587 175 1658 'et
195 1598 255 1659 sub
278 1596 371 1660 domo
392 1606 460 1661 erat
482 1615 600 1681 magna
620 1597 749 1680 piscina
766 1615 825 1677 pro
849 1597 1098 1678 baptismatibus
1110 1597 1310 1661 Sarraceno-

143 1721 223 1770 rnm.
265 1702 357 1765 Duas
377 1721 454 1784 ergo
475 1716 622 1764 cameras
642 1699 732 1764 dedit
751 1701 932 1784 peregrinis
955 1699 1108 1784 Calinus,
1140 1702 1212 1784 ipse
1230 1723 1309 1766 vero

143 1815 175 1867 et
198 1803 298 1869 frater
320 1807 392 1887 eJ'ns
420 1806 619 1869 retinuerunt
640 1805 768 1868 tertiam
791 1823 865 1867 oum
892 1808 962 1867 suis
984 1807 1255 1889 supellectilibus,
1277 1815 1310 1868 et

142 1912 322 1994 peregrinis
346 1909 415 1990 (Β)
436 1911 469 1972 i'n
492 1909 586 1973 domo
612 1910 814 1971 manentibus
834 1911 898 1990 ipsi
925 1909 988 1972 duo
1008 1929 1071 1975 neo
1089 1912 1310 1974 manducave-

143 2024 216 2078 runt
236 2029 309 2088 ¹tren
338 2012 536 2076 dormierunt
567 2016 601 2074 in
622 2009 736 2093 domo,
777 2011 836 2072 sed
864 2029 934 2074 eam
966 2012 1098 2076 liberam
1129 2018 1310 2097 peregrinis
1333 2008 1354 2026 ‘'

143 2118 350 2200 dimiserunt,
373 2135 414 2180 ex
436 2135 501 2200 qua
521 2117 682 2208 intrabant
705 2122 738 2176 et
760 2115 905 2196 exibant,
928 2125 960 2175 ct
982 2117 1016 2177 in
1038 2135 1078 2178 aa
1097 2119 1310 2200 quiescebant
1329 2196 1332 2204 Ι
1359 2164 1365 2173 -

143 2232 176 2285 et
203 2221 460 2304 manducabant,
502 2229 648 2284 ementes
680 2219 866 2284 necessaria
903 2237 1005 2301 eaque
1041 2231 1218 2304 coquentes
1252 2239 1310 2306 pro

141 2347 202 2406 suo
223 2329 324 2392 libitu.
368 2327 557 2392 Divisernnt
578 2333 685 2390 autem
708 2339 749 2416 aa
766 2327 928 2407 peregrini
956 2327 990 2389 in
1012 2335 1079 2392 tres
1099 2335 1227 2410 partes,
1257 2327 1310 2389 to-

142 2437 268 2498 cientes
287 2443 359 2510 tres¹
389 2436 581 2517 societates,
617 2439 654 2498 nt
684 2444 725 2494 eo
748 2429 862 2516 melius
884 2439 918 2494 et
938 2433 1100 2516 copioSins
1128 2435 1324 2516 procuratio·

142 2538 398 2604 necessariorum
431 2541 501 2604 lieri
534 2547 648 2623 posset
677 2553 736 2621 par
762 2536 939 2620 desertum,
967 2547 1000 2600 et
1027 2547 1063 2602 ut
1093 2557 1160 2620 pax
1192 2539 1310 2601 melius

142 2655 327 2708 servaretur
347 2647 527 2727 intereos,
549 2661 633 2730 qnae
654 2641 827 2708 nnncntter
847 2651 1033 2707 servaretur
1058 2645 1203 2720 intanta
1224 2642 1309 2706 mul-

143 2747 287 2812 titudine.
310 2749 416 2812 Prima
437 2758 545 2810 temon
566 2755 601 2809 et
621 2747 766 2810 secunda
786 2751 928 2811 societas
949 2765 1078 2832 semper
1097 2749 1194 2810 simul
1216 2768 1309 2812 man-

143 2861 269 2931 serunt,
291 2849 350 2914 sed
372 2852 466 2913 tertia
487 2851 640 2913 remansit
661 2853 816 2915 similiter.

225 2957 262 3016 ln
283 2956 385 3037 prima
403 2957 562 3017 societate
583 2961 675 3016 erant
697 2971 758 3018 sex
778 2955 958 3038 peregrini,
981 2956 1124 3020 scilieet:

225 3055 306 3116 Dus.
341 3055 511 3120 Johannos
544 3075 653 3121 comes
689 3055 730 3119 de
756 3057 882 3140 Solms,
919 3059 1026 3140 junior
1053 3058 1220 3139 omnibus,
1249 3059 1308 3120 sed

143 3160 308 3222 nobilitate
329 3163 459 3242 generis
477 3161 603 3228 clarior.

223 3267 316 3328 Dom.
339 3265 546 3334 Bernhardns
567 3267 610 3334 de
627 3262 853 3352 Braitenbach,
876 3281 961 3360 ranno
982 3265 1125 3330 decanus
1147 3267 1308 3331 ecclesiae

143 3371 409 3452 moguntinensis.

226 3468 385 3538 Domirms
396 3477 566 3562 Philippus
582 3479 623 3544 de
639 3478 771 3560 Biehen,
782 3476 887 3558 miles,
898 3479 1033 3559 praefati
1049 3479 1175 3542 comitis
1188 3485 1309 3544 custos.

99 3618 105 3629 -
206 3579 398 3664 ‚Ethardus‚
420 3587 550 3667 quidam
571 3585 682 3654 socius
703 3586 843 3666 armiger
863 3593 897 3645 ct
920 3599 1037 3647 servus
1058 3584 1192 3647 comitis.

224 3682 409 3768 Johannes,
435 3685 540 3752 dictus
556 3679 700 3771 'Hentgi,
725 3695 913 3770 procurator
934 3695 966 3749 ct
988 3702 1086 3751 cocus
1108 3695 1270 3770 expertus.

224 3787 391 3852 Johannes
412 3789 524 3854 Knnss
532 3795 728 3875 ,interpres
752 3791 883 3874 littgtrae
904 3793 1044 3861 italicae.

225 3895 261 3954 ln
285 3892 428 3957 secunda
457 3897 615 3962 societate
646 3905 736 3958 erant
767 3903 841 3958 octo
874 3915 976 3979 pereg
955 3897 1060 3982 τι,ιίιί
1091 3898 1203 3961 horum
1230 3895 1312 3959 haec

144 4004 219 4061 sunt
240 4000 392 4062 ιιοιιιὶιιι.

225 4097 382 4167 Dominus
409 4103 571 4166 Maximus
604 4111 817 4186 cognomento
846 4101 1027 4219 Sinasinna
1050 4107 1126 4171 baro
1149 4105 1190 4168 dc
1218 4103 1311 4184 Rop-

143 4201 293 4283 pclstein.

227 4307 384 4374 Dbrn'nus
405 4311 596 4381 somonam
621 4308 661 4381 de
683 4311 872 4398 biemawe,
888 4317 974 4398 baro,
998 4313 1099 4378 miles.
