2962 5022
540 353 813 448 „ror

116 531 181 597 duo
203 533 320 596 iratres
351 529 609 616 demonustsrlo
625 529 662 596 s„
696 530 894 597 ὒιιιιιιίιιι
920 533 965 598 ibi
983 527 1150 600 horestes
1168 533 1289 598 sttule·

117 646 191 702 rout
212 638 306 701 nobis
327 639 454 702 carices
475 645 508 700 et
530 636 712 699 desiccatos
734 634 892 719 dactylos¹
924 645 959 700 et
978 655 1114 720 equam,
1147 637 1190 702 de
1211 638 1288 722 qui·

114 743 178 804 bus
198 759 257 822 pro
277 740 444 824 refrigerio
477 743 509 803 ei
536 737 772 803 confortatione
793 737 973 803 libavimus.
1009 740 1088 806 Post
1116 743 1188 824 lroc,
1210 720 1297 827 quls‘

115 844 263 908 noudum
292 847 444 912 meridies
472 853 552 928 erat,
573 841 779 906 consedimus
806 850 841 904 et
866 839 1131 925 deliberavimus,
1160 863 1203 908 au
1230 845 1287 910 illo

117 949 170 1012 die
200 951 295 1012 etiam
318 955 458 1009 montem
481 945 516 1008 S.
541 943 738 1009 catherinae
754 944 932 1008 oscendere
944 945 1112 1028 vellemus,
1134 956 1188 1011 snt
1209 949 1286 1032 qul·

114 1070 229 1116 escere
249 1069 355 1135 usque
377 1051 410 1111 in
432 1051 619 1142 orestinnm.
661 1052 701 1111 lu
720 1050 807 1112 bauo
827 1057 936 1112 sutem
965 1050 1179 1113 convenimus
1205 1068 1285 1116 sorr-

115 1159 267 1236 tentiam,
292 1163 328 1217 ut
344 1152 491 1233 juniores
509 1161 543 1214 et
561 1147 708 1217 seniores
736 1162 769 1214 et
789 1153 846 1236 qui
867 1151 1013 1235 vellent,
1030 1151 1099 1233 jem
1123 1152 1282 1218 oscende-

118 1269 190 1324 reut
220 1268 252 1322 et
282 1259 359 1320 -looo
383 1257 523 1320 *visitato
543 1266 632 1330 ante
663 1273 829 1320 occursum
868 1255 948 1318 solis
975 1262 1193 1338 reverterent,
1228 1255 1284 1322 alil

115 1364 365 1426 vero-seniores
388 1371 421 1422 et
444 1359 614 1422 debiliores
643 1375 737 1422 mane
758 1361 792 1423 iu
814 1359 936 1443 frigore
955 1360 1017 1423 iter
1036 1360 1213 1442 arriperent
1240 1357 1283 1424 sd

115 1463 366 1534 ascendendum.
409 1441 624 1527 Surrexeiuot
643 1483 724 1527 vero
746 1462 858 1528 decem
888 1463 1051 1547 peregrini
1084 1463 1282 1526 robustiores

37 1589 42 1606 ·
116 1570 158 1634 ad
180 1567 417 1634 ascendendum
438 1569 540 1662 parati
557 1569 590 1630 in
607 1567 838 1631 intensissimis
860 1569 1015 1651 uestibus,
1039 1585 1174 1652 quorum
1198 1567 1282 1630 baec

113 1683 191 1738 sunt
210 1674 353 1736 nomina:
377 1670 524 1735 dominus
541 1670 709 1734 lohannes
730 1689 842 1736 comcs
862 1671 904 1734 dc
930 1671 1057 1754 Solms,
1076 1671 1189 1755 miles,
1219 1671 1282 1736 do-

113 1780 220 1842 minus
250 1777 423 1839 Heinricus
450 1775 491 1838 de
517 1775 738 1858 Scbomberg,
753 1829 760 1836 .
773 1776 884 1860 miles,
915 1777 1064 1840 dominus
1083 1773 1279 1860 sigismun-

115 1881 176 1946 dus
198 1881 240 1944 de
269 1880 462 1962 Marspseb,
490 1876 600 1960 miles,
623 1877 771 1950 dominus
802 1879 929 1962 Csspar
959 1881 1000 1943 de
1019 1879 1141 1962 Siculi,
1165 1880 1279 1963 miles,

115 1985 264 2050 dominus
284 1984 444 2059 Laeuinus,
464 1980 710 2045 orchidiaoonus
724 1990 758 2043 et
774 1986 952 2048 canonicus
972 1983 1132 2048 ecclesiae
1170 1992 1280 2048 trous-

34 2153 35 2168 χ
113 2086 335 2171 sylouuiensis
356 2086 390 2147 in
410 2084 575 2167 Ungaria,
597 2083 705 2145 irater·
718 2083 813 2148 Felix
835 2085 877 2148 de
902 2087 1006 2168 Ulmo,
1028 2084 1154 2150 ordinis
1176 2088 1280 2150 Prse-

34 2173 35 2192 ³
116 2183 310 2271 dicatorum,
339 2197 432 2271 pater
455 2186 579 2250 Paulus
600 2184 792 2278 Guglinger,
824 2179 945 2254 ordinis
964 2166 1148 2274 Minorum,
1179 2190 1281 2256 irater

114 2295 275 2375 Thomas,
301 2307 480 2356 conversus
510 2289 655 2371 ejusdem
696 2291 838 2377 ordinis,
869 2302 903 2356 et
935 2293 998 2358 duo
1026 2295 1153 2358 comitis
1181 2295 1280 2380 servi,

113 2399 282 2465 Johanues
301 2405 333 2458 et
365 2394 544 2459 conradus.
587 2395 632 2458 lli
660 2398 815 2460 assumtis
842 2415 952 2462 secum
974 2399 1135 2483 aliquibus
1155 2397 1296 2464 Arsan-
1332 2451 1336 2466 .

115 2505 178 2566 bus
197 2507 337 2565 montem
355 2498 587 2564 arduissimum
609 2497 645 2566 S.
672 2500 866 2565 Catbsrinae
886 2505 1036 2586 aggressi
1056 2512 1142 2568 snut.
1264 2523 1268 2530 ·

194 2603 411 2704 Aseeudimus
430 2621 508 2688 ergo
531 2612 672 2668 montem
696 2623 756 2689 per
773 2606 859 2670 viam
872 2607 1060 2693 longiorem,
1080 2610 1276 2692 asperiorem

114 2719 148 2774 et
167 2705 345 2791 duriorem,
374 2726 432 2792 per
458 2709 566 2772 invias
593 2709 792 2795 crepidines,
823 2730 882 2794 per
899 2713 1052 2797 scopulos
1072 2724 1275 2797 praeruptos,

35 2849 36 2906 q
112 2833 171 2896 per
189 2822 298 2897 petras
319 2811 615 2894 superpendentos,
646 2831 705 2896 per
732 2815 875 2878 minaces
896 2833 1004 2900 rupes,
1025 2815 1276 2898 perhorribiles

36 2907 37 2932 ³
112 2918 218 2982 saltus
238 2932 360 2998 perque
380 2915 572 2997 praecipites
583 2915 698 2997 clivos,
719 2935 778 2997 per
801 2917 1039 2981 intensissimos
1060 2918 1199 3002 desuper
1217 2937 1277 2984 so·

37 3102 38 3110 ¹
113 3017 160 3085 lis*
176 3019 320 3083 ardores.
362 3017 437 3080 Hoc
457 3037 536 3082 vero
557 3018 661 3081 solum
673 3020 843 3082 babuimus
856 3020 1068 3103 refrigerium,
1088 3022 1174 3104 quod
1196 3022 1278 3085 duos
1389 3102 1394 3111 ἱ

37 3124 38 3132 ’
112 3126 145 3188 ἰιι
167 3124 223 3188 tuli
244 3137 385 3185 ascensu
406 3122 514 3185 iontes
535 3122 713 3203 reperimus
747 3139 863 3204 aquam
896 3122 1042 3206 frigidam
1064 3125 1277 3209 continentes,

111 3226 198 3292 unde
220 3223 485 3289 retoonlabamur.
527 3221 663 3302 Quidam
685 3243 764 3288 vero
785 3226 878 3288 miles
898 3226 1021 3290 tractus
1052 3235 1117 3289 tsnr
1132 3208 1275 3293 violent'o

110 3331 222 3395 laboro
241 3328 369 3410 penitus
391 3327 511 3392 deiecit
530 3337 564 3391 et
585 3328 618 3390 in
640 3327 833 3392 arduissimo
860 3328 946 3393 olivo
969 3329 1116 3394 residens
1137 3332 1276 3414 amplius
1333 3325 1336 3332 ’

37 3413 41 3454 ¹
110 3433 287 3520 procedere
306 3450 369 3496 non
392 3433 503 3514 potuit.
544 3427 683 3494 E‘rernus
710 3442 818 3495 eutem
850 3435 914 3496 iam
941 3433 1025 3496 ultra
1052 3433 1192 3499 medium
1213 3453 1275 3498 as-

37 3517 41 3560 ¹
109 3557 231 3604 census
252 3547 285 3601 et
316 3545 412 3619 caput
433 3537 549 3600 montis
565 3535 706 3600 vidimus
726 3536 803 3600 licet
823 3536 920 3620 longe
942 3555 1056 3621 supro,
1087 3539 1172 3623 quod
1194 3539 1271 3605 dum

37 3625 41 3662 ³
109 3645 202 3708 miles
222 3643 277 3708 ille
298 3640 414 3706 debilis
437 3643 608 3724 aspiceret,
637 3639 824 3725 desperavit
850 3660 889 3706 se
909 3659 1007 3726 posse
1035 3643 1212 3709 escendere
1240 3652 1274 3708 et
1393 3705 1397 3712 ,

38 3727 40 3762 ¹
108 3749 235 3832 rogavit
264 3765 341 3829 nos,
372 3755 410 3810 ut
436 3745 705 3831 ascenderemus,
727 3763 865 3831 eumque
892 3746 937 3810 ibi
958 3746 1061 3810 solum
1081 3757 1273 3832 exspectare
1330 3779 1335 3790 ι

38 3831 41 3870 ³
106 3871 168 3915 nos
189 3854 379 3916 sineremus.
421 3849 476 3914 Ad
495 3853 557 3916 hoc
567 3868 628 3914 nos
641 3853 854 3916 animavimus
873 3870 946 3915 eum
973 3860 1007 3914 et
1028 3869 1156 3916 sunum
1177 3869 1273 3916 ereo-

39 3948 40 3956 ’
109 3963 175 4017 tum
197 3954 427 4040 aliquantulum
449 3955 625 4038 procedere
642 3956 809 4040 coegimus
816 4000 827 4040 ,
848 3957 903 4040 qui
924 3955 1116 4038 aliquotiens
1128 3956 1188 4016 sub
1200 3970 1273 4044 my

38 4043 41 4080 '
108 4058 205 4120 nibus
231 4060 351 4122 nostris
372 4060 466 4141 quasi
479 4076 591 4140 emens
608 4061 641 4123 in
654 4069 770 4124 terram
788 4059 988 4123 dilabebatur
993 4103 1004 4140 ,
1026 4057 1200 4140 ligavimus
1211 4073 1273 4119 au·

39 4169 40 4180 ¹
109 4170 175 4224 tem
215 4159 378 4224 sudarium
414 4163 544 4244 longum
577 4161 620 4226 ad
653 4164 817 4247 cingulum
856 4162 950 4243 ejus,
990 4177 1048 4243 per
1085 4159 1170 4243 quod
1209 4157 1273 4223 oli·

39 4245 42 4284 '
107 4264 165 4348 qui
192 4281 265 4325 eum
298 4267 480 4349 trahebant,
515 4267 613 4349 aliqui
646 4284 761 4329 manus
800 4265 871 4346 ejus
911 4266 1064 4336 tenebant
1109 4263 1272 4327 trahentes
1332 4299 1335 4306 ι

39 4355 42 4494 ἶ
105 4387 167 4454 per
186 4368 331 4449 brachio,
352 4368 450 4454 aliqui
475 4369 516 4433 ed
537 4369 667 4434 dorsnm
678 4369 750 4451 eju
763 4369 891 4434 stabant
902 4377 934 4432 et
955 4385 1083 4433 sursum
1095 4367 1270 4452 trabebant,
