2842 4882
204 409 386 476 terribilem
429 409 473 473 Et
495 407 625 477 Docles.
648 405 727 472 Vi:
750 408 893 491 [rignum
912 409 1090 474 aridum'in
1110 429 1238 495 aromo,
1269 417 1393 476 venati

207 516 312 580 leonis
345 522 378 579 et
411 514 525 597 onagri
555 515 591 576 in
618 531 735 577 eremo.
777 516 821 576 Et
855 513 1007 578 Psalmus
1045 516 1209 580 desertum
1252 521 1393 581 nomini

206 637 357 683 eremum.
401 619 560 683 Dominus
587 619 757 701 interrupit
775 627 900 701 petram
921 620 954 682 in
976 639 1092 684 eremo.
1132 623 1176 683 Et
1198 621 1333 685 Exodi
1360 625 1393 685 lll

206 724 288 788 dixit
309 726 469 788 Dominus
489 723 617 806 hfoysi:
646 723 773 806 Locus,
802 724 835 785 in
857 732 1028 806 questas,
1051 734 1137 787 terre
1165 737 1302 790 sancta
1351 737 1393 789 eet

205 829 249 892 Et
270 847 362 894 mons
383 828 469 892 Orela
490 828 676 912 frequenter
697 829 886 895 nominatur
907 847 1000 892 mons
1024 828 1162 892 Do'mini.

289 931 413 995 Dicitur
435 933 530 996 etiam
553 931 717 997 desertum
740 941 828 996 terra
847 932 1024 1017 salsuginis
1046 943 1079 996 et
1098 941 1191 997 terra
1212 939 1394 1018 mannetis,

210 1043 296 1098 terra
328 1036 496 1102 faunorum
529 1046 562 1101 et
592 1045 773 1122 satyrorum
804 1056 825 1101 a
853 1040 968 1121 poetis.
1011 1039 1063 1102 lix
1091 1040 1212 1122 quihus
1243 1044 1394 1104 omnihus

211 1142 326 1204 venari
347 1161 521 1224 possumus
541 1142 724 1208 solitudinis
743 1140 831 1206 illius
853 1152 886 1205 et
905 1152 1010 1207 terrae
1029 1142 1239 1209 conditiones
1267 1154 1305 1208 et
1328 1163 1392 1229 pro-

210 1247 388 1332 prietates,
409 1257 476 1314 tam
496 1250 530 1313 iu
557 1247 641 1312 malo
669 1265 764 1332 quam
783 1247 818 1315 in
838 1243 931 1311 hon'o.

468 1479 710 1560 Conditiones
736 1479 874 1557 deserti
899 1482 961 1557 vel
987 1480 1110 1559 eremi.

295 1659 405 1725 Primo
445 1661 535 1745 regio
566 1663 622 1726 illa
661 1661 785 1727 dicitur'
815 1665 978 1730 desertum
1025 1681 1046 1725 a
1074 1661 1287 1749 deserendo,
1323 1665 1381 1748 quia

218 1761 348 1828 deserta
372 1782 448 1828 esse
466 1768 597 1831 videtur
617 1767 849 1851 quodammodo
872 1769 993 1851 aDco,
1016 1767 1145 1831 acoelo
1166 1777 1202 1830 et
1223 1787 1246 1832 a
1265 1769 1380 1834 mundo.

212 1871 246 1933 Δ
262 1869 335 1934 Deo
357 1869 507 1954 quidem,
530 1873 605 1955 quia
624 1892 730 1937 vaona
759 1882 791 1936 et
811 1874 919 1937 inanis
941 1882 1007 1956 est,
1038 1875 1132 1956 quasi
1161 1875 1264 1938 Dens
1287 1895 1325 1938 er
1344 1873 1379 1935 uti

211 1977 313 2040 vellet
333 1976 374 2040 ad
396 1979 542 2040 universi
565 1977 815 2042 meliorationem
837 1978 891 2040 vel
920 1978 1079 2042 decorem.
1119 1978 1152 2040 Δ
1175 1980 1275 2043 coelo
1299 1981 1376 2041 etiae

212 2079 343 2145 deserte
363 2091 413 2146 est
445 2082 529 2146 haee
549 2085 657 2166 regio,
695 2092 785 2147 caret
810 2084 893 2146 enim
925 2084 1008 2147 coeli
1039 2083 1109 2160 utili
1141 2083 1319 2148 influentia
1352 2091 1375 2143 et

113 2237 116 2242 .
211 2188 305 2270 quasi
325 2185 479 2251 iracundo
502 2186 667 2249 stellarum
690 2197 825 2270 aspectu
863 2190 1010 2251 atteritur
1046 2197 1078 2250 et
1100 2188 1210 2250 ferrea
1234 2187 1372 2266 redditur,

212 2289 285 2352 dnm
308 2291 431 2354 coelum
451 2290 590 2374 desuper
604 2293 725 2355 immite
742 2302 773 2355 ot
788 2294 860 2357 sine
874 2294 1046 2356 elementia
1062 2311 1200 2354 aeneum
1225 2295 1372 2356 videatur.

211 2393 351 2456 Deserta
373 2405 425 2458 ost
456 2397 553 2458 etiam
587 2397 677 2479 regio
711 2397 792 2462 haee
813 2417 856 2461 ex
888 2397 1098 2479 consequenti
1119 2397 1160 2459 ah
1193 2396 1373 2474 hominihus,

212 2499 268 2582 qni
289 2501 329 2562 ah
351 2519 391 2562 ea
417 2510 580 2584 tamquam
602 2519 622 2564 a
643 2521 679 2563 re
700 2501 804 2586 inutili
823 2521 861 2566 se
881 2503 1083 2565 abstrahunt.
1126 2499 1285 2565 Secundo
1306 2502 1373 2564 diei-

213 2613 265 2666 tur
287 2605 369 2666 haec
390 2607 480 2688 regio
501 2623 646 2689 eremus,
670 2608 710 2668 ah
733 2606 937 2670 adhaerendo
957 2627 1015 2690 per
1035 2606 1232 2688 oppositum,
1258 2627 1315 2688 pro
1334 2625 1372 2684 eo,

212 2707 300 2792 qnod
324 2729 419 2773 nemo
439 2711 485 2773 illi
507 2720 612 2773 terrae
634 2710 804 2794 adhaeret,
826 2720 960 2794 propter
981 2710 1142 2773 defectum
1163 2709 1245 2772 boni
1265 2712 1371 2774 delira·

212 2809 319 2878 hilis.v
342 2814 427 2877 Nam
457 2818 554 2878 rebus
577 2816 798 2879 delicahilibus
818 2816 995 2879 adhaerent
1026 2817 1191 2896 homines,
1229 2817 1289 2879 sed
1310 2817 1370 2898 quir

214 2919 258 2982 ihi
294 2919 373 2982 nihil
396 2919 586 2984 delectabile
616 2921 797 3003 invenitur,
829 2939 922 2983 nemo
943 2923 989 2986 ihi
1009 2922 1129 2985 haeret.
1171 2919 1239 2981 Vel
1271 2921 1369 2983 dicitur

215 3025 255 3087 ah
293 3023 497 3088 adhaerendo
535 3033 667 3108 propter
695 3034 801 3088 terrae
831 3023 995 3102 duritiam,
1030 3040 1114 3105 quae
1143 3025 1241 3086 nimis
1265 3027 1369 3088 fortiter

131 3125 134 3136 '
213 3130 361 3212 sibiipsi
386 3129 556 3212 adhaeret,
581 3132 644 3211 ita,
679 3129 766 3214 quod
795 3147 856 3193 nec
884 3130 1047 3213 ligonibus
1087 3146 1148 3190 neo
1180 3133 1294 3193 rastris
1320 3146 1368 3193 nec

216 3233 419 3296 ferramentis
442 3244 551 3318 potest
571 3233 699 3297 sulcari.

293 3338 401 3402 Tertio
434 3339 550 3402 dicitnr
583 3339 672 3420 regio
711 3339 793 3402 haec
827 3338 981 3421 solitudo,
1020 3339 1095 3422 quia
1126 3337 1197 3401 sola
1229 3349 1281 3401 est
1318 3355 1366 3400 nec

216 3441 428 3525 frequentiam
451 3443 614 3506 hominum
634 3443 742 3506 hahet.
763 3441 863 3504 'Sola
885 3445 981 3506 etiam
1003 3453 1064 3525 est,
1086 3442 1162 3525 quia
1182 3442 1271 3506 uude
1290 3447 1366 3526 regio

215 3545 448 3629 circumjacens
480 3566 551 3612 enm
575 3557 660 3612 terra
693 3549 752 3612 illa
781 3550 869 3630 cupit
900 3548 1020 3612 hahere
1049 3547 1301 3612 conformitatem
1320 3557 1367 3612 ant

214 3651 535 3716 confoederationem.
577 3653 704 3715 Dicitur
737 3662 843 3715 antem
868 3669 968 3736 saepe
993 3651 1213 3734 inscriptura
1243 3653 1366 3716 solitudo

214 3757 422 3833 vastissima,
446 3757 521 3839 qnia
542 3758 629 3820 nullo
652 3757 744 3819 modo
767 3757 912 3820 culturae
932 3765 983 3818 est
1003 3765 1088 3838 apta.
1132 3753 1208 3818 ldeo
1229 3755 1365 3821 dicebant

213 3858 271 3922 nin
297 3861 398 3923 lsrael
420 3870 669 3943 murmurantes,
697 3863 818 3924 utinam
841 3861 956 3924 mortui
985 3879 1134 3923 essemus
1163 3863 1198 3921 in
1219 3861 1365 3944 Aegypto,

215 3973 247 4028 ot
277 3982 341 4027 non
370 3966 403 4026 in
425 3965 487 4028 huo
516 3976 611 4028 vasta
642 3966 832 4048 solitudine,
864 3967 960 4029 Num.
990 3967 1081 4029 xlv.
1123 3964 1250 4026 Dicitur
1282 3969 1365 4029 etiarn

215 4067 355 4132 solitudo
378 4087 505 4150 magna,
526 4067 718 4151 longissima
740 4078 773 4133 et
793 4071 949 4133 latissima
969 4072 1002 4134 in
1014 4070 1191 4152 Scriptura.
1213 4070 1248 4130 ln
1268 4072 1366 4132 multis

216 4171 299 4230 enim
322 4173 467 4251 partibus
489 4171 571 4234 adeo
593 4191 725 4256 magna,
746 4173 842 4257 longa
865 4182 899 4236 et
920 4175 986 4240 lata
1007 4185 1068 4258 est,
1090 4172 1175 4258 quod
1197 4175 1365 4255 pertransiri

215 4287 279 4328 non
300 4279 418 4351 potest,
440 4291 501 4336 nec
519 4278 679 4355 reperitur
699 4275 806 4359 homo,
829 4279 885 4360 qui
902 4279 985 4344 flues
1007 4281 1079 4361 ejus
1095 4287 1208 4343 contra
1227 4279 1365 4344 oduntem
