2926 5050
656 259 701 322 itt
748 321 753 331 .

6 477 7 518 ι
99 437 228 528 oquitur
261 445 374 508 bantus
405 441 615 506 Bernhardas
655 441 688 502 in
723 455 877 524 mona
910 439 952 502 ad
991 437 1119 504 milites·
1148 439 1257 523 templi

87 567 160 632 capt
181 545 500 612 tt-comnondaottia
619 561 621 568 ·
903 558 910 570 ·

197 697 255 774 lle
287 693 438 774 recessu
469 693 740 799 peregrinorum
773 689 1005 790 a'Jordane¹
1028 701 1155 792 contra

438 815 480 894 S.
502 813 682 892 Johannis
707 809 898 913 capellam.

144 1011 203 1088 De
227 1012 422 1091 solitudine
446 996 621 1092 Jordanis
652 1020 691 1087 et
715 1011 763 1086 de
788 1007 935 1086 deserto
961 1007 1003 1086 s
1027 1006 1208 1089 Johannis

568 1131 768 1234 Baptistae.

181 1276 393 1340 Balnaatione
412 1286 544 1361 peracta
563 1267 639 1339 mox
660 1276 771 1347 asinos
791 1269 1041 1337 reascendimua.
1054 1279 1086 1334 et
1104 1285 1126 1336 a
1141 1279 1256 1348 sarecto
1285 1286 1317 1337 ”.
1424 1335 1426 1342 ,

90 1380 222 1443 flumina
244 1383 439 1444 recessimus
464 1401 528 1466 per
547 1383 656 1456 viam,
673 1397 749 1462 .qua
773 1393 976 1440 veneramus.
1022 1373 1105 1438 Cum
1138 1395 1255 1460 magno

88 1499 169 1564 ergo
188 1484 306 1565 gaudio
327 1476 569 1548 revertebantur
588 1483 636 1546 illi
656 1473 834 1566 peregrini,
855 1481 1070 1563 quimoutenr
1081 1471 1173 1550 Sinai
1191 1499 1257 1545 non

88 1587 297 1654 intendebant
317 1589 482 1671 visitare3'
503 1591 581 1671 qnia
598 1587 665 1671 jam
686 1585 953 1678 peregrinationis
981 1596 1061 1647 suae
1084 1589 1255 1650 terminum

6 1711 7 1738 t
89 1693 261 1774 attigerant
268 1712 277 1773 ;
298 1691 453 1755 dardanis
475 1693 714 1785 enimlultimns
737 1689 893 1752 terminus
915 1691 1256 1776 estperegriuationis
1285 1727 1286 1730 =

88 1777 414 1880 hierosolymitanam
442 1795 661 1859 Ascendimus
684 1811 760 1876 ergo
782 1812 843 1875 per
873 1793 1079 1856 solitudinem
1101 1794 1256 1857 Jordanis

6 1911 8 1946 t
89 1918 162 1980 cum
179 1900 370 1963 ¹festinantia
401 1901 435 1961 in
466 1900 630 1963 desertum
649 1899 809 1961 Jobannis
832 1895 1009 1978 Baptistae,
1046 1899 1102 1980 qui
1134 1895 1254 1960 inillis

6 2017 7 2056 ἐ
89 2006 227 2068 desertis
238 2004 318 2066 locis
340 2003 624 2084 supraJordanem
646 1993 793 2065 babitare
807 2001 922 2080 coepit,
936 2009 1123 2090 postquam
1135 2003 1256 2065 factum

6 2135 7 2146 ¹
89 2117 140 2171 est
160 2110 293 2170 verbum
316 2105 446 2170 Domini
467 2125 565 2189 super
587 2123 659 2168 enm
681 2107 715 2165 in
740 2104 870 2166 deserto
889 2123 991 2185 prope
1008 2104 1136 2166 domum
1154 2108 1256 2187 patris

88 2213 149 2275 sui.
192 2210 269 2274 Ideo
291 2209 406 2272 dicitnr
425 2208 505 2271 hnc.
527 2209 578 2289 3.,
612 2207 697 2288 quod
719 2209 810 2270 venit
844 2209 878 2270 in
914 2207 1079 2290 regionem
1100 2208 1256 2274 dardanis

6 2329 7 2370 l
89 2314 279 2400 praedicans
301 2322 333 2375 et
353 2314 531 2396 baptizans.
575 2312 747 2373 Habitavit
780 2315 878 2374 etiarn
908 2311 950 2375 ad
978 2320 1105 2394 tempus
1134 2315 1167 2375 in
1181 2315 1255 2376 ‘Be'-

90 2421 219 2502 thania,
243 2435 327 2502 quae
349 2427 400 2480 est
420 2427 510 2480 trans
531 2415 725 2494 dordonam,
747 2426 783 2479 ut
803 2417 943 2480 habetur
962 2417 1035 2483 Jolt.
1062 2418 1101 2501 1.,
1124 2425 1157 2480 et
1178 2437 1254 2502 per-

6 2555 8 2570 ·
90 2524 241 2586 transivit
271 2523 421 2606 regiones
441 2519 595 2585 dardanis
618 2521 659 2584 de
680 2521 753 2583 loco
775 2520 816 2583 ad
838 2521 942 2584 locum
966 2529 1099 2604 propter
1125 2524 1255 2605 praedi·
1281 2553 1283 2560 ·

6 2647 7 2672 t
90 2627 260 2695 cationenr.
301 2629 340 2690 In
359 2628 511 2692 hocvero
526 2625 666 2706 deserto,
685 2643 743 2707 per
763 2625 850 2708 quod
867 2623 1083 2710 ascendimus,
1096 2628 1264 2710 quondam

6 2779 7 2798 t
90 2731 249 2798 Dominus
268 2731 370 2792 Jesus
391 2730 432 2793 ad
452 2749 524 2793 eum
544 2731 634 2792 venit
654 2737 769 2809 petens
791 2731 998 2812 baptismum.
1026 2730 1126 2794 ·Snnt
1148 2741 1254 2795 autem

91 2850 190 2915 supra
210 2832 388 2896 Jordanem
411 2820 600 2896 solitudines
622 2849 780 2914 asperae,
803 2833 837 2896 in
858 2835 974 2916 quibus
992 2834 1104 2917 deguit
1130 2837 1257 2899 beatis-

93 2938 197 2998 simus
214 2937 363 3017 Baptista
383 2945 415 2998 et
434 2945 509 3017 post
529 2955 602 2998 enm
626 2936 718 2997 multi
739 2938 843 2999 sancti
864 2946 985 3020 patres,
1006 2939 1062 3020 qui
1085 2938 1126 3001 ad
1153 2942 1256 3002 instar
1280 2963 1282 2970 ¹

91 3039 260 3121 Baptistae
297 3038 390 3102 nouis
420 3037 565 3119 pelliceis
598 3041 743 3101 contenti
779 3037 919 3101 edebant
951 3039 1095 3104 locustas
1131 3052 1163 3105 et
1192 3044 1257 3107 mel
1317 3081 1320 3088 ,

91 3141 243 3205 silvestre
254 3187 264 3225 ,
285 3143 372 3204 sient
390 3142 508 3210 Matth.
528 3141 559 3207 a
583 3140 625 3204 de
645 3139 796 3204 dohanne
817 3140 943 3226 legitur.
987 3141 1055 3211 Sed
1075 3145 1256 3231 videamus,

93 3246 172 3330 qnid
201 3246 246 3308 sit
269 3244 395 3310 locusta
421 3245 477 3308 illa
508 3255 540 3309 st
572 3240 635 3307 mel
654 3241 833 3310 silvestre?
868 3242 1005 3322 Quidam
1027 3246 1149 3331 dicant,
1171 3253 1257 3335 qnod

90 3351 324 3415 locustaesint
343 3351 466 3414 minuta
488 3351 640 3413 animalia
660 3351 828 3414 volitantia
855 3369 913 3432 per
933 3350 1060 3414 modurn
1083 3353 1198 3437 saltus,
1225 3365 1258 3418 et

90 3457 231 3519 habeant
261 3471 369 3518 serras
396 3439 486 3518 'itaer
523 3473 631 3537 crura,
660 3453 747 3518 unda
782 3457 879 3516 stiam
915 3461 1063 3520 serratas
1096 3456 1258 3542 dicuntur,

90 3560 209 3623 habent
230 3566 337 3622 antem
372 3576 491 3641 corpus
522 3559 563 3622 ad
585 3559 711 3626 modum
733 3558 825 3640 digiti
843 3576 960 3622 manns
988 3557 1073 3624 exile
1095 3572 1127 3624 et
1147 3564 1258 3644 breve,

90 3672 123 3726 et
144 3661 285 3726 laciliter
304 3663 389 3725 inter
410 3661 527 3728 herbas
549 3662 719 3744 capiuntur
736 3669 775 3726 'et
785 3662 891 3744 capite
912 3671 1074 3744 amputato
1099 3665 1258 3730 Bixantur

88 3769 123 3830 in
155 3767 227 3832 oleo
253 3773 286 3829 st
307 3761 556 3846 manducantur,
583 3773 618 3828 et
638 3775 689 3828 cst
710 3766 802 3829 cibus
823 3777 1025 3848 pauperum,'
1055 3769 1141 3833 unde
1162 3771 1259 3834 hodie

89 3873 124 3935 iu
145 3869 273 3936 deserto
293 3868 441 3934 Judaaaa
462 3870 665 3954 reperiantur
694 3869 771 3932 illae
802 3870 954 3933 locustae.
998 3869 1049 3931 Be
1072 3873 1124 3935 his
1147 3874 1258 3938 dicunt

91 3973 126 4037 S.
135 3974 322 4039 iohannem
335 3980 464 4054 pastum
482 3973 593 4037 inisse.
639 3971 705 4036 Alii
725 3988 805 4036 vero
822 3973 995 4042 sublimius
1010 3971 1051 4036 do
1061 3975 1259 4041 §.dohanas
1273 3986 1286 4012 ·’

91 4076 271 4142 sentientes
309 4075 434 4140 dicunt:
483 4093 550 4138 nan
594 4091 670 4140 ease
705 4075 900 4158 vensimila,
932 4075 1019 4158 quod
1053 4077 1260 4142 beatissimus

91 4179 241 4260 Baptista
261 4179 455 4246 locustarum
476 4195 592 4244 earnes
613 4161 859 4246 manducaverit
881 4179 1066 4261 indesano,
1081 4181 1147 4261 ,qui
1163 4180 1259 4242 etiam

94 4299 212 4366 panant
243 4283 438 4348 morimeam
472 4284 578 4354 mouit
608 4284 641 4346 in
679 4283 782 4365 prima
817 4279 923 4352 domo.
975 4283 1020 4347 Bt
1050 4281 1099 4345 illi
1139 4280 1258 4364 dicum,
1288 4367 1290 4373 Ι

1006 4381 1025 4436 l
