3030 4872
741 229 802 293 199

183 408 288 472 nabeo
308 406 543 490 gloriationem,
564 407 686 480 utinam
719 428 785 472 nou
809 427 945 493 vanam,
974 410 1008 472 in
1036 409 1094 474 illa
1114 410 1237 490 lllissa,
1269 405 1346 490 quia

183 511 291 595 credo,
314 512 400 596 quod
421 513 455 574 in
476 512 583 577 multis
607 514 701 576 annis
723 523 755 575 et
777 513 862 577 torte
883 533 1071 597 numquam,
1095 513 1211 596 aliquis
1248 510 1346 573 irater

184 616 315 680 Ordinis
322 616 579 696 Praedicatorum
593 615 744 680 Officium
756 623 934 682 cantaverit
946 621 979 682 in
991 619 1150 683 dominico
1163 615 1346 700 sepulchro,

184 722 338 804 nisiago.
381 723 423 784 Et
444 720 569 804 gaudeo
591 721 697 803 hodic,
720 722 806 806 quod
828 722 905 788 mihi
923 733 1011 785 tanta
1032 724 1138 806 gratia
1160 731 1210 785 est
1230 721 1346 803 singu-

183 827 294 892 lariter
315 836 499 909 reservata5
518 828 639 891 utinam
662 836 851 908 megratum
864 831 894 890 ei
909 827 1032 912 reddat,
1054 829 1110 912 qui
1131 847 1174 890 ex
1195 819 1345 889 hocloco

184 933 346 1020 gloriosus
363 934 538 995 resurrexit
560 952 580 994 a
601 933 745 994 mortuis.

196 1099 199 1104 .
266 1038 372 1100 Misso
390 1037 483 1099 finita
503 1025 713 1100 discurrimus
747 1055 811 1099 non
828 1037 900 1100 sine
933 1036 1128 1118 singultibus
1150 1044 1183 1098 et
1214 1035 1346 1097 tristitie

184 1159 242 1224 per
263 1141 335 1204 loca
355 1150 470 1204 sancta
490 1140 601 1223 templi
622 1140 752 1204 Domini
773 1150 807 1202 et
837 1141 966 1204 eisdem·
984 1141 1064 1203 locis
1086 1158 1158 1203 cnm
1183 1139 1346 1202 lachrimis

183 1246 404 1309 valefecimus.
432 1247 570 1322 ,Durum
601 1248 685 1307 enim
708 1247 801 1308 nohis
822 1256 902 1328 erat,
924 1247 1068 1330 separari
1099 1263 1120 1308 a
1151 1243 1347 1306 dulcissimis

184 1359 217 1414 et
237 1352 331 1414 nobis
352 1350 571 1414 dilectissimis
592 1351 673 1413 locis
693 1349 768 1433 illis,
789 1361 920 1433 propter
947 1353 1078 1416 crebras
1096 1348 1347 1427 consolationes,

91 1521 93 1525 ,
184 1475 266 1540 quas
288 1457 377 1520 circa
397 1453 468 1518 loca
488 1455 761 1519 illasonctissima
782 1459 817 1518 in
839 1476 948 1520 eorum
971 1455 1212 1518 deosculatione
1230 1471 1346 1538 paroe-

184 1562 299 1643 pimus.
341 1560 669 1624 Deosculatisautem
691 1560 771 1624 locis
785 1563 908 1626 sanctis
926 1561 1188 1644 exspectavimus
1199 1559 1347 1622 dominos

182 1667 325 1746 Mauros,
358 1666 486 1748 quando
507 1667 655 1728 venirent
684 1673 717 1728 et
738 1685 798 1729 nos
821 1667 976 1748 ejicerent
997 1665 1039 1730 de
1070 1665 1227 1747 ecclesia,
1260 1664 1347 1726 siout

184 1773 274 1854 prius
296 1770 439 1833 fecerant
460 1787 597 1852 semper,
618 1769 679 1832 sed
700 1771 797 1853 longe
819 1760 998 1854 tardabant,
1019 1760 1061 1833 de
1083 1789 1146 1853 qno
1157 1770 1348 1839 mirabamur
1419 1783 1421 1786 ·

184 1884 216 1938 et
238 1875 452 1956 tristabamur,
474 1875 648 1957 timentes,
668 1895 721 1958 ,ue
749 1878 832 1938 torte
866 1895 908 1938 ex
928 1873 1085 1938 industria
1107 1893 1171 1936 nos
1199 1875 1347 1956 captivos

184 1981 325 2068 retinere
341 1977 463 2070 vellent
485 1987 516 2040 et
536 1995 666 2041 causam
689 1982 831 2063 aliquam
863 1988 976 2043 contra
1002 1998 1063 2042 nos
1101 1981 1348 2060 excogitassent

185 2084 314 2146 Interea
332 2082 423 2150 venit
443 2081 484 2142 ad
505 2082 624 2144 ostium
636 2085 745 2166 templi
765 2101 882 2146 servus
894 2081 1154 2180 Caluri-majoris
1171 2079 1281 2164 (254
1291 2082 1346 2164 Δ)

161 2195 220 2262 ⁴et
241 2204 299 2270 per
321 2183 464 2251 foramen
484 2184 566 2262 dixit
592 2187 702 2270 uobis,
724 2186 810 2274 quod
832 2187 979 2251 dominus
1000 2186 1136 2265 Calinns
1157 2187 1347 2262 'l'rutachel-

79 2287 84 2294 ’
180 2291 322 2356 'mannus'
343 2299 453 2354 noster
480 2293 611 2375 paratus
640 2302 730 2357 essct
765 2301 796 2354 et
827 2310 900 2354 enm
928 2293 1060 2354 camelis
1084 2301 1122 2354 'et
1150 2293 1253 2356 a'sinis
1285 2310 1346 2356 nos

154 2399 408 2482 'exspectaret,
445 2405 482 2460 ut
512 2418 572 2462 nos
606 2398 647 2463 de
678 2396 861 2486 Jerusalem
893 2397 1027 2462 duceret
1054 2397 1094 2462 ad
1130 2397 1346 2462 inchoandum

123 2527 137 2554 ·
181 2505 470 2587 peregrinationem
492 2507 610 2570 montis
642 2504 755 2589 Synai.
799 2505 872 2568 Hoc
901 2523 973 2578 oum
989 2505 1260 2587 audivissemus,
1282 2505 1344 2567 im-

183 2611 343 2690 patientes
368 2612 473 2692 magis
503 2611 611 2674 effecti
643 2629 755 2674 sumus
786 2608 827 2672 de
857 2621 968 2674 nostra
997 2611 1121 2675 diutina
1147 2611 1340 2674 detentione.

183 2713 267 2776 Dum
300 2722 407 2776 autem
443 2725 534 2778 esset
564 2734 665 2797 prope
693 2713 878 2797 meridiem,
907 2725 1066 2778 venerunt
1095 2715 1214 2780 domini
1235 2715 1343 2778 Mauri

84 2841 99 2879 ,ι
183 2817 338 2899 clavigeri
359 2816 509 2882 dominici
540 2818 703 2901 sepulchri
739 2827 771 2880 et
793 2837 853 2881 nos
873 2821 1056 2882 emiserunt.
1099 2820 1141 2880 Et
1173 2820 1279 2882 statim
1302 2812 1344 2880 ad

183 2920 255 2982 loca
275 2928 387 2983 nostro
406 2938 467 2984 nos
489 2921 682 2984 contulimus
705 2929 737 2983 ot
763 2939 836 2984 cum
858 2923 1046 2987 festinantia
1067 2923 1235 3006 prandium
1252 2939 1343 2990 sum-

183 3023 339 3086 simus'et
360 3022 399 3085 ad
425 3039 589 3086 recessum
620 3042 680 3086 nos
700 3024 917 3104 disposuimus
939 3027 1044 3110 modo,
1065 3045 1129 3111 qno
1160 3023 1340 3104 subjectum

184 3135 235 3191 est
250 3134 324 3209 post
334 3126 582 3209 descriptionem
594 3127 726 3194 duorum
739 3127 927 3211 templorum
945 3136 980 3191 et
995 3130 1138 3194 civitatis
1147 3128 1340 3192 Jerusalem.

182 3231 220 3302 Ρ.
242 3233 284 3303 ΙΙ.
305 3231 360 3296 fol.
382 3233 404 3296 2
428 3232 470 3294 A.

356 3395 498 3481 Explicit
519 3397 628 3461 totalis
650 3397 864 3504 peregrinatio
886 3398 1160 3466 lerosolimitana.

659 3719 867 3732 m—
