2842 4882
759 236 824 314 ⁴42

203 425 484 517 eum‘eiephante,
513 448 609 514 quem
639 429 738 492 vincit
772 447 873 492 cornu
903 437 1018 512 petens
1048 429 1083 492 in
1112 429 1264 494 moltiori
1306 441 1388 514 parte

202 541 362 624 eorporis,
384 546 417 600 et
437 545 472 600 ut
493 535 610 598 dictum
634 544 695 615 est,
709 535 853 616 virgines
876 535 956 596 miro
978 533 1071 596 modo
1091 544 1303 603 veneratur.

285 641 439 726 Pompeio
474 657 591 722 magno
621 639 681 702 mir
726 657 811 700 uuus
842 639 1018 702 unicornus
1049 638 1192 702 Romam
1229 639 1388 702 adductos

202 769 260 834 pro
281 745 479 832 spectaculo,
503 752 538 808 ut
559 742 637 806 dicit
657 743 813 806 hibertus
836 741 877 804 de
899 741 1099 804 animalibus
1123 743 1294 825 Longam
1322 763 1388 826 ergo

203 872 324 919 moram
344 853 480 916 fecimus
501 848 562 910 sub
585 856 709 928 monte,
741 848 775 908 in
795 865 859 930 quo
879 847 985 908 bestia
1005 849 1126 926 stabat,
1151 857 1187 907 et
1214 849 1384 911 videbatur

202 955 315 1036 nohis,
339 952 424 1037 quod
446 955 532 1017 sicut
553 951 626 1032 ejus
645 960 798 1034 aspectus
819 952 878 1013 fuit
901 951 995 1012 uobis
1018 949 1253 1034 delectabilis,
1289 957 1342 1016 sie
1360 965 1381 1012 u

204 1067 357 1142 aspectus
378 1067 489 1120 noster
508 1056 588 1138 sihi,
616 1055 681 1118 dn
703 1057 787 1118 euim
822 1057 927 1119 stabat
950 1054 1070 1137 hestia,
1100 1073 1165 1118 nee
1199 1057 1297 1138 fugit
1332 1059 1379 1118 n'si

204 1165 299 1227 nohis
319 1161 553 1228 recedentibus.

286 1269 324 1330 ln
352 1283 508 1349 processu
543 1273 705 1348 pastorem
737 1262 877 1325 vidimus
920 1265 1094 1326 minentem
1126 1281 1277 1346 gregem
1336 1284 1376 1346 pn

204 1369 401 1454 crepidinem
430 1371 568 1452 montis,
600 1367 687 1451 quod
714 1368 858 1430 mirabile
888 1368 949 1430 mit
977 1369 1009 1430 in
1031 1367 1135 1431 oeulis
1170 1371 1325 1449 nostris,
1350 1387 1374 1428 ro

207 1474 293 1558 qood
315 1474 368 1537 diu
391 1475 553 1536 homiuem
576 1491 639 1536 noo
661 1472 874 1555 vidissemus,
895 1479 955 1536 aut
974 1473 1109 1534 hostiam
1130 1471 1252 1534 saltim
1276 1473 1374 1536 dome·

204 1581 332 1645 sticum.
374 1577 503 1640 Deinde
536 1579 570 1640 in
600 1576 706 1640 locum
741 1579 908 1660 venimus,
943 1579 976 1640 iu
1009 1595 1073 1659 quo
1105 1574 1373 1658 deprehendimus

204 1681 371 1744 habitasse
392 1683 519 1744 noviter
537 1681 680 1764 Arabes,
703 1683 778 1765 quia
799 1680 905 1743 adhue
926 1681 1056 1742 stabunt
1078 1680 1123 1742 ihi
1147 1681 1266 1764 aliqua
1291 1693 1371 1764 tugo-

204 1785 284 1851 riola
303 1785 345 1848 de
362 1786 544 1868 sarmentis,
564 1785 628 1848 alia
647 1793 740 1848 eraut
761 1787 940 1868 combusta,
968 1803 1101 1869 quorum
1122 1787 1218 1867 iguis
1241 1787 1371 1847 nondum

204 1890 246 1954 ed
267 1889 396 1980 pienum
417 1893 599 1954 exstinctus
621 1899 707 1972 erat,
741 1891 903 1954 timuimus
924 1908 1017 1973 ergo,
1051 1909 1095 1950 ne
1115 1891 1205 1954 iorte
1235 1893 1371 1954 nobisir

206 1997 314 2081 aliquo
335 1996 407 2060 loeo
428 2002 653 2074 occurrerent,
676 1998 762 2060 sicut
782 2005 815 2058 et
842 1991 976 2077 accidit,
998 2002 1033 2055 ut
1054 1995 1190 2075 patebit
1240 1997 1308 2058 Die
1328 1994 1369 2057 ad·

206 2111 459 2185 vesperascente
484 2100 646 2162 desertum
668 2098 814 2183 Schoyie
834 2101 955 2163 dictum
976 2099 1116 2180 ingressi
1145 2118 1267 2162 sumus
1298 2111 1330 2162 et
1348 2102 1368 2159 in

203 2207 292 2270 valle
310 2225 374 2270 uon
394 2223 495 2290 parva
515 2205 653 2267 tentoria
675 2205 803 2267 dicimus
825 2214 858 2268 et
880 2204 1073 2286 diligentiori
1095 2221 1177 2266 cura
1198 2214 1301 2269 noete
1320 2207 1368 2266 iso

206 2311 433 2394 vigilavimus,
454 2329 497 2374 ue
521 2308 648 2372 Arabes
671 2327 773 2392 super
796 2327 856 2372 uos
878 2318 1011 2391 repente
1031 2310 1206 2372 irruerent.

561 2541 694 2616 Gravis
719 2539 857 2613 deserti
884 2539 1018 2618 diaeta.

283 2718 346 2782 Die
365 2719 465 2803 xxl,
486 2739 570 2802 quae
589 2731 639 2784 est
655 2721 815 2783 Matthaei
838 2721 976 2801 apostoli
997 2729 1029 2782 et
1041 2721 1283 2806 evangelistae,
1298 2741 1364 2807 qun

205 2831 274 2888 erat
295 2822 455 2888 dominica
485 2827 577 2888 XVI.
610 2831 686 2909 post
709 2826 884 2904 Trinitatis,
915 2843 1041 2887 summo
1064 2845 1159 2888 mane
1192 2846 1214 2888 a
1237 2827 1363 2910 Schoyir

205 2918 400 2994 recessimus
424 2939 457 2992 et
477 2949 536 3013 per
557 2931 676 2993 vollem
698 2931 779 2991 satis
794 2937 968 2992 'amoenam
991 2928 1199 2993 ascendimus
1222 2933 1362 2994 hahentes

204 3046 353 3119 petrosos
375 3043 501 3098 montes
525 3034 565 3096 ad
587 3043 758 3115 utrumque
779 3033 864 3094 lotus
885 3042 916 3094 et
937 3032 1033 3095 vaide
1054 3035 1215 3116 excelsos,
1232 3047 1266 3097 et
1285 3047 1361 3097 eraut

205 3149 330 3204 montes
352 3141 407 3202 isti
429 3139 575 3203 insuetae
598 3149 629 3200 et
652 3137 807 3202 mirabilis
830 3137 961 3218 formae,
983 3141 1077 3220 quasi
1109 3149 1223 3200 esseut
1246 3139 1360 3201 esseni

204 3254 236 3307 et
258 3253 363 3307 terrae
383 3243 504 3306 fundus
526 3244 660 3306 limosus
679 3248 713 3302 ‘et
727 3244 942 3324 graminosus.
974 3243 1089 3324 Acoipi
1110 3252 1218 3304 autem
1242 3244 1361 3306 faciliter

204 3357 312 3430 potest
337 3348 439 3410 forma
460 3356 493 3409 et
514 3347 683 3428 dispositio
704 3345 829 3408 illorum
851 3347 1005 3409 montium
1025 3347 1058 3408 iu
1078 3347 1226 3428 subjecta
1248 3349 1360 3410 fictione

205 3453 339 3532 poetica,
360 3455 406 3516 ita
427 3460 545 3533 tamen,
558 3449 645 3533 quod
667 3459 830 3532 ponantur
852 3458 979 3513 montes
998 3452 1162 3514 citeriores
1180 3452 1283 3516 fuisse
1301 3463 1360 3513 ante

204 3556 265 3617 hos
296 3557 483 3618 euterioros.
526 3553 694 3638 Siquidem
731 3555 849 3636 Diana,
882 3557 1035 3618 montium
1069 3555 1130 3620 dea
1162 3565 1197 3618 et
1227 3559 1361 3620 venatrix

204 3658 449 3741 rhinocerotum,
470 3669 503 3722 et
525 3676 661 3743 praeses
682 3660 825 3740 viarum,
847 3676 867 3720 a
894 3658 1056 3724 littoribus
1087 3661 1186 3724 maris
1216 3661 1361 3724 idrithrsei

205 3765 348 3826 venitin
371 3772 487 3828 terram
519 3763 651 3826 Madian
677 3773 773 3826 vecta
794 3780 889 3826 curru
911 3767 1163 3846 pretiosissimo,
1185 3783 1280 3846 quem
1310 3765 1362 3826 ribi

204 3869 294 3932 cervi
323 3867 503 3949 trahebant,
523 3867 677 3934 tendebat
698 3877 805 3931 autem
838 3869 872 3929 in
905 3869 1065 3932 altissima
1102 3875 1270 3951 montana,
1291 3887 1363 3951 quae

204 3978 334 4032 veteres
354 3966 521 4036 Orchades
543 3971 762 4048 uominahaut,
782 3989 842 4034 nos
862 3991 943 4035 vero
965 3991 1024 4035 eos
1044 3982 1119 4055 post
1141 3972 1248 4035 datum
1266 3975 1363 4056 Moysi

203 4073 309 4157 legem
325 4074 415 4140 Oreb
436 4085 470 4139 et
481 4076 572 4140 Sinai
593 4076 741 4158 dicimus,
755 4085 786 4138 et
808 4076 852 4138 ibi
867 4077 981 4138 venari
1001 4077 1138 4141 volebat.
1166 4077 1252 4139 Dum
1267 4087 1363 4140 eumn

201 4176 352 4242 inlocum
370 4178 468 4260 hujus
481 4181 589 4262 vallis,
603 4180 659 4263 qui
670 4179 809 4244 nondum
823 4179 921 4242 vullis
940 4191 1019 4264 erat,
1038 4181 1193 4263 venisset,
1205 4181 1364 4264 impeditus

204 4277 264 4338 fuit
299 4297 415 4341 cursum
450 4300 620 4347 cervorum
664 4301 791 4372 currum
831 4302 923 4346 suum
960 4287 1173 4367 trahentium,
1195 4285 1262 4368 (b)
1299 4289 1364 4370 quir
