2954 4914
198 545 304 608 locum
325 549 358 604 et
380 554 443 604 uon
464 540 550 604 ultra
572 540 664 604 duret
694 542 809 606 salvus
832 508 1013 607 mnduot'os
1034 543 1309 611 Trusehelmnni
1333 545 1378 608 de

198 646 383 713 Jerusalem
407 645 646 730 adaequantes
668 646 831 728 articulos,
853 665 937 730 quos
959 665 1020 710 nos
1039 667 1112 712 cum
1134 649 1216 729 ipsis
1238 658 1273 710 et
1307 651 1375 732 ipsi

184 751 365 816 nobiseum
388 750 595 821 conlecirurrs.
870 789 874 799 ·
1219 797 1221 800 -

282 853 411 920 Primus
428 854 592 930 articulos.
637 853 732 932 Quod
749 857 821 938 ipso
843 837 991 919 dominus
1002 851 1258 939 Subathytanco,
1271 853 1372 918 Cali-
1439 849 1440 854 ’

173 1021 175 1026 .
197 979 260 1026 nus
281 960 393 1042 major,
415 943 614 1041 permitteret
634 961 749 1046 nobis,·
762 957 849 1042 quud
872 960 984 1022 salvos
1002 945 1065 1024 nou
1087 960 1205 1023 ducere
1224 959 1372 1043 dispon-

196 1055 264 1130 eret
280 1063 321 1128 ab
339 1065 417 1130 ltine
426 1081 531 1147 nsque
546 1065 579 1126 in
590 1065 756 1145 Flgyptum
772 1081 832 1146 par
847 1062 919 1134 loca
938 1065 1094 1146 praelata,
1106 1074 1138 1127 et
1154 1065 1322 1148 quodipse
1334 1065 1369 1128 iu

194 1169 323 1254 propriu
342 1184 484 1251 persona
503 1169 574 1230 suis
592 1168 747 1250 *arpensis
772 1176 806 1229 et
830 1168 988 1232 sumtibus
1009 1187 1071 1242 nos
1090 1170 1236 1232 comitari
1258 1169 1368 1232 debe-

195 1283 246 1340 ret
267 1293 287 1337 a
304 1267 487 1336 Jerusalem
504 1275 660 1356 usquein
679 1270 852 1340 (laceranti
883 1272 924 1332 Et
941 1272 1003 1336 hoc
1022 1273 1087 1334 fide
1104 1273 1180 1336 data
1200 1276 1364 1356 promisit.

278 1377 461 1443 Secundus
503 1375 597 1454 Quod
619 1377 661 1438 da
681 1379 852 1442 theloneis.
864 1377 937 1443 sivo
957 1377 1172 1459 vectigalibus
1196 1388 1231 1440 et
1245 1397 1364 1449 exac-

193 1483 333 1548 tionibus
364 1481 568 1566 praestandis
603 1483 642 1544 ab
671 1482 854 1544 Jerusalem
888 1499 992 1564 usque
1014 1483 1172 1545 Generum
1198 1484 1274 1566 ipse
1299 1503 1361 1565 pro

192 1588 288 1652 uobis
321 1587 361 1652 de
396 1587 470 1652 suto
503 1587 711 1649 satisfaceret
739 1588 897 1672 sumtibus
938 1596 971 1649 et
1002 1589 1157 1669 pecuniis.
1222 1589 1265 1650 Et
1295 1589 1360 1650 hoc

191 1693 358 1774 exegimus
379 1692 419 1753 ab
441 1704 492 1774 cup
513 1692 590 1774 quia
611 1692 777 1776 scivimus,
795 1707 855 1754 uos
875 1691 972 1759 umis
983 1692 1065 1762 alias
1085 1711 1143 1774 per
1154 1690 1359 1758 Sarracenos

189 1796 320 1882 grovmi
343 1815 402 1878 per
420 1795 510 1858 illam
530 1797 630 1865 viano.
1009 1876 1013 1884 Ι

269 1901 406 1964 'lortius
450 1897 545 1977 Quot
567 1900 743 1985 uuictu'qpc
772 1903 942 1985 peregrino
962 1922 1021 1986 pro
1053 1885 1198 1985 eqtritatn
1225 1905 1355 1965 asinum

189 2005 374 2089 disponeret
411 2023 482 2070 ctam
516 2004 700 2068 ductoribus
732 1991 932 2089 eorumdem,
946 2009 1011 2090 qui
1044 2006 1195 2070 ductores
1217 2008 1355 2070 mucreli

188 2113 401 2193 nominantur,
424 2119 457 2174 et
478 2109 564 2193 quod
584 2109 681 2174 iidem
704 2111 834 2175 asinarii
855 2115 956 2177 nostri
978 2122 1088 2178 essent
1108 2111 1297 2199 Christiani,
1321 2121 1354 2174 et

187 2220 228 2282 ab
249 2217 325 2282 hinc
346 2235 452 2299 usqne
479 2215 520 2278 ad
543 2216 745 2280 Mathaream
764 2216 888 2298 egypti
920 2235 981 2280 nos
1004 2217 1158 2280 ducerent
1180 2226 1213 2278 at
1241 2220 1352 2302 servi-

186 2334 279 2405 rent‚.
290 2332 324 2385 et
340 2324 442 2386 asinis
465 2331 497 2384 et
518 2323 580 2384 sibi
605 2320 687 2402 ipsis
705 2321 739 2382 in
753 2322 1183 2404 victualibusprovisioncm
1194 2321 1350 2404 lacerant,

185 2429 249 2489 nisi
274 2428 358 2489 forte
377 2434 493 2506 sponte
514 2427 643 2506 propria
663 2425 825 2508 peregrini
847 2428 896 2490 eis
916 2428 1080 2510 quippiam
1099 2427 1326 2489 ministrarent

269 2526 377 2609 (219
390 2511 454 2608 Ἀ)
497 2515 636 2611 Quarto,
661 2521 881 2613 quodomncs
903 2549 955 2594 res
977 2538 1221 2612 nostras,=pnta
1243 2531 1350 2592 vesti-

186 2640 295 2694 menta
315 2640 349 2693 ct
370 2633 498 2713 cibaria,
519 2634 590 2694 suis
611 2637 766 2723 expensis
788 2636 907 2698 deferri
937 2637 1081 2698 facerent
1112 2653 1132 2696 a
1151 2634 1346 2716 Jerusalem,

183 2743 217 2797 et
238 2735 279 2798 ad
300 2753 401 2816 saepe
422 2733 537 2797 dictam
551 2733 724 2819 Generum,
746 2749 882 2824 excepto
904 2740 974 2803 sblo
994 2741 1082 2820 vino,
1105 2738 1189 2822 qpod
1208 2739 1272 2820 ipsi
1284 2733 1345 2802 uos

183 2842 303 2904 nostris
324 2841 489 2904 sumtibus
511 2843 677 2905 nobiscum
697 2842 903 2918 ducebamus.
1151 2908 1157 2919 ,

263 2943 402 3030 Quinto,
422 2947 508 3029 qnod
529 2950 562 3011 in
586 2941 717 3013 Gazara
738 2951 832 3013 uobis
853 2949 1038 3032 provideret
1065 2950 1168 3032 ipsius
1190 2947 1343 3030 expensis

181 3050 222 3116 de
244 3053 388 3136 camelis,
410 3054 466 3137 qui
486 3071 597 3118 omues
623 3071 676 3121 ras
695 3065 827 3123 nostras
847 3043 1010 3137 portarent
1031 3051 1189 3138 usquead
1203 3059 1343 3116 montem

180 3156 285 3242 Synai
324 3167 357 3222 et
397 3158 472 3222 inde
501 3161 535 3224 in
568 3162 733 3242 Egyptum
765 3159 807 3222 ad
845 3160 1062 3242 Mathaream‚
1102 3167 1135 3220 et
1163 3157 1342 3240 ,hospitium

179 3263 350 3328 honestum
372 3273 405 3325 et
426 3256 613 3346 competens
633 3265 668 3328 tn
687 3261 780 3326 Gaza
801 3265 998 3346 disponeret.
1090 3313 1096 3324 .

262 3367 381 3448 Sexto,
410 3367 497 3448 qnod
525 3369 618 3429 nobis
639 3387 737 3435 unum
763 3367 804 3430 de
824 3372 896 3431 suis
922 3369 1131 3449 familiaribus
1160 3367 1339 3449 deputaret,

177 3471 233 3551 qni
268 3487 328 3532 nos
360 3469 435 3530 loco
471 3471 523 3530 sui
554 3473 760 3536 comitaretur
791 3490 812 3535 a
846 3476 939 3548 Gaza
969 3493 1074 3558 usqne
1111 3473 1153 3536 ad
1175 3471 1339 3554 Chayrum

176 3572 307 3653 Egypti.
350 3573 398 3632 Er
422 3572 613 3657 petivimus,
634 3583 672 3638 ut
693 3579 833 3640 mitteret
853 3579 1020 3662 probianum
1034 3577 1249 3662 niphathatto,
1284 3575 1338 3657 qui

176 3673 437 3739 dicitanaliuns
459 3677 570 3761 minor,
593 3683 764 3764 quisaepe
786 3700 928 3765 numero,
951 3692 987 3745 nt
1006 3685 1140 3766 patebit,
1157 3699 1337 3764 cumperc-

174 3781 277 3862 grinls
298 3798 357 3861 per
384 3779 548 3846 desertum
568 3784 735 3866 profectus
760 3788 884 3871 ¹[erat],
911 3789 1006 3872 eique
1027 3797 1209 3853 terreremur
1228 3787 1337 3849 faeere

174 3882 388 3967 provisionem
412 3885 452 3950 de
473 3887 544 3951 cibo
561 3907 602 3950 ex
621 3907 748 3953 annona
767 3887 888 3957 nostra.
909 3914 916 3924 ·
995 3922 1007 3943 »

253 3986 408 4074 Septimo,
430 3993 516 4075 qnod
537 3993 667 4057 cuilibet
677 3996 916 4076 peregrinantum
928 4005 1139 4061 ulrcmuunm
1152 3996 1334 4078 disponeret

171 4107 230 4174 pro
252 4109 335 4176 aqua
357 4093 544 4159 devehenda
565 4116 623 4179 per
644 4096 817 4182 desertum,
839 4119 915 4163 uam
936 4101 977 4164 ad
998 4102 1107 4185 plures
1137 4119 1238 4182 saepe
1265 4099 1333 4164 dies

171 4213 331 4280 nusquam
354 4216 438 4283 aqua
459 4200 567 4262 invia
587 4201 641 4264 illa
663 4204 830 4285 reperitur.
871 4246 874 4251 -
1260 4283 1269 4294 ἡ

253 4301 396 4386 Octavo,
429 4303 515 4387 quod
550 4304 764 4370 concederent
800 4311 894 4374 nobis
930 4311 1094 4374 licentiam
1128 4308 1332 4394 comparandi

170 4407 247 4472 vina
268 4411 302 4472 in
312 4409 496 4475 Jerusalem
518 4408 742 4474 aChristianis
757 4413 981 4496 orientalibus,¹
997 4424 1031 4478 et
1049 4415 1134 4499 qnod
1145 4416 1179 4476 in
1201 4413 1330 4478 camelis
