2896 4872
798 390 804 403 ἱ

211 457 244 518 in
267 469 381 534 campo
401 451 485 514 iuter
506 460 645 516 armatos
664 453 812 536 spiritum
836 451 985 520 reddidit.
1019 455 1120 520 Porro
1142 473 1239 522 anno
1260 457 1402 524 Domini

210 557 379 623 ttcxbtt.
407 553 525 620 accidit
546 575 601 620 res
620 559 681 620 lati
712 555 950 622 christianitati
969 557 1066 622 valde
1086 541 1265 626 damnosa.
1312 565 1400 628 Nam

211 681 286 726 eura
322 661 471 726 dominus
502 659 623 744 Falco,
660 681 718 725 rex
749 664 946 740 Jerusalem,
981 661 1022 726 ad
1053 662 1305 730 Ptolemaidem
1331 670 1399 733 sire
1431 691 1432 694 ¹

211 769 440 832 Acbouensam
472 767 584 828 urbem
610 783 730 832 moram
755 770 903 832 -tralreret
941 785 981 830 ac
1013 775 1106 832 extra
1137 771 1260 834 urbem
1294 791 1395 838 causa

211 874 319 938 solatii
339 871 556 954 perrexisset,
591 887 670 934 casu
691 870 829 956 accidit,
862 882 898 936 ut
920 873 1108 956 lepusculus
1129 877 1282 940 mnibus
1305 879 1394 942 exti-

211 985 300 1042 tatus
323 977 459 1060 lugeret,
478 993 572 1059 quem
596 976 774 1058 fugientem
796 977 916 1041 clamor
938 980 1081 1040 universi
1105 981 1283 1044 exereitus
1305 984 1393 1045 inse-

211 1085 328 1168 quitur,
347 1100 404 1144 rex
425 1088 531 1144 autem
554 1099 638 1164 equo
659 1080 807 1145 insidens
828 1091 862 1146 et
883 1081 1065 1146 inconsulte
1081 1083 1252 1147 festinans
1268 1090 1393 1149 'acem-

211 1189 272 1262 rit‚
302 1185 362 1250 sed
395 1201 498 1270 equus
531 1186 564 1248 iu
598 1204 756 1270 praeceps
802 1189 909 1271 agitru
946 1205 1165 1271 corruensque
1199 1189 1237 1250 in
1276 1199 1389 1253 terrun
1422 1224 1428 1269 t

213 1311 322 1377 regem
345 1290 433 1353 dedit
453 1291 678 1374 praecipitem,
711 1291 809 1377 adeo,
838 1300 875 1356 ut
903 1291 985 1355 sella
1004 1299 1102 1376 caput
1122 1287 1216 1375 regis
1247 1296 1389 1360 totaliter

213 1401 505 1480 conquassaretur,
534 1395 580 1456 ita
606 1404 642 1459 ut
675 1397 844 1462 cerebrum
877 1407 942 1460 tant
973 1415 1033 1479 per
1063 1403 1160 1462 nares
1191 1413 1303 1479 quam
1337 1418 1389 1482 per
1430 1413 1431 1424 ¹

159 1508 161 1517 ’
213 1516 309 1564 aures
332 1499 508 1583 emitteret5
540 1501 640 1583 igitur
664 1513 738 1564 curru
762 1504 987 1566 universorum
1008 1500 1130 1583 gemitu
1152 1499 1197 1564 ad
1219 1503 1387 1566 civitatem

213 1605 334 1668 relatus
371 1602 477 1666 triduo
508 1606 582 1666 sine
617 1623 717 1668 sensu
750 1605 857 1670 adbuc
891 1605 1053 1687 palpitans
1079 1607 1180 1668 vitam
1216 1611 1385 1690 protraxit,
1423 1594 1431 1623 ¹

213 1715 327 1792 quarta
347 1726 427 1771 vero
448 1707 501 1770 die
531 1711 679 1793 spiritum
702 1710 876 1774 exhalavit.
918 1707 1000 1790 Ejus
1027 1725 1145 1792 corpus
1167 1709 1386 1776 durren-untia

212 1812 395 1878 Jerusalem
428 1823 460 1877 ct
481 1813 515 1876 in
537 1813 608 1876 loon
633 1814 796 1876 calvariae
816 1813 1047 1895 sepeliverunt,
1065 1812 1119 1876 ubi
1138 1817 1272 1896 priores
1296 1837 1385 1902 reges

212 1917 397 1981 latinorum
420 1918 538 2002 sepulti
559 1918 700 1998 fuerant,
717 1920 772 1982 ubi
793 1927 825 1980 et
846 1937 955 1982 eorum
978 1926 1184 1982 monumenta
1205 1919 1313 1986 hodie
1332 1940 1385 2006 pa·

214 2032 282 2087 teut
316 2031 350 2088 et
372 2040 529 2090 marmore
550 2023 649 2106 polita
671 2023 806 2108 fulgent.

577 2288 718 2367 Quintus
741 2309 798 2352 rex
818 2287 1011 2351 Jerusalem.

295 2469 364 2560 (B)
387 2469 547 2532 Defuncto
568 2469 714 2534 Falcone
734 2479 847 2554 quarto
870 2487 948 2552 rege
962 2468 1147 2532 Jerusalem
1168 2471 1383 2536 successitci

212 2575 299 2637 fliius
320 2576 352 2637 in
374 2591 491 2657 regno,
513 2577 641 2638 nornine
664 2577 856 2659 Bellienus,
892 2575 988 2657 hujtts
1010 2572 1149 2652 nominis
1187 2578 1307 2637 lortius
1330 2595 1383 2639 rex

212 2689 244 2742 ct
267 2676 378 2740 ordine
400 2678 547 2761 quintus,
568 2681 622 2761 qui
644 2682 704 2744 init
725 2681 916 2744 adolescens
936 2679 1076 2760 optimae
1107 2675 1246 2759 indolis,
1271 2699 1382 2743 omues

213 2783 355 2867 pueriles
379 2784 515 2847 vitiosos
537 2784 686 2868 devitans
708 2805 832 2868 mores,
863 2793 895 2847 et
925 2791 1073 2846 sanctum
1102 2797 1238 2864 regnum
1263 2787 1382 2867 optime

212 2890 421 2974 gubernabat.
450 2889 626 2972 Postquam
648 2899 755 2954 antem
778 2891 885 2953 iactus
906 2897 958 2952 est
978 2886 1129 2970 vtr,‘tuit
1149 2905 1288 2970 corpore
1306 2909 1382 2973 pro·
1433 2855 1434 2944 l

212 3012 308 3060 cerus
344 3002 498 3077 tantaque
531 2994 652 3058 formae
677 2997 823 3077 praeibat
849 2994 1039 3075 eminentia,
1071 2999 1108 3054 ut
1127 2989 1252 3074 ignaris
1286 2997 1379 3057 etiam

213 3102 331 3165 eximia
352 3099 487 3184 quadarn
507 3099 540 3161 in
563 3118 601 3161 eo
623 3100 803 3183 refulgente
824 3099 980 3182 dignitate
1002 3105 1125 3160 certum
1162 3097 1204 3165 de
1225 3115 1265 3160 se
1287 3107 1319 3162 ct
1341 3099 1380 3162 de

215 3207 304 3287 regia
325 3205 497 3287 majestate
526 3203 616 3267 daret
648 3204 813 3268 indicium.
852 3200 1012 3268 'Affebilts
1041 3207 1110 3262 erat
1136 3207 1170 3261 et
1197 3199 1379 3261 misericors

215 3308 365 3388 multum,
388 3310 484 3373 alicui
506 3310 635 3373 minime
656 3309 803 3390 cupidus,
823 3325 885 3370 nec
905 3305 1122 3386 subjectorum
1145 3321 1234 3366 more
1254 3303 1378 3386 prodigi

215 3409 385 3492 opulentiis
406 3412 634 3496 insidiabatur,
657 3413 853 3476 litteraturae
872 3411 1042 3477 mediocris
1064 3416 1134 3472 erat
1163 3416 1196 3470 et
1228 3408 1377 3471 historias

214 3517 414 3600 antiquorum
437 3535 548 3599 regum
573 3528 605 3581 et
632 3518 784 3581 bellorum
813 3515 954 3579 'libenter
982 3515 1126 3596 legebat,
1161 3522 1195 3576 et
1215 3515 1249 3576 in
1275 3514 1376 3580 dubiis

213 3621 308 3684 bellis
331 3621 426 3684 valde
440 3623 601 3703 providus
623 3631 703 3686 erat.
725 3623 840 3705 Coepit
863 3631 968 3684 autern
992 3637 1129 3704 regnare
1149 3637 1235 3682 arrno
1250 3619 1375 3682 Domini

212 3725 377 3790 Mcxbtt.
403 3733 436 3788 et
457 3730 551 3790 arinis
572 3727 687 3790 XXlV
707 3728 855 3810 regnavit
876 3726 909 3788 iu
927 3723 1123 3792 Jerusalem.

138 3916 143 3926 Ι
296 3831 365 3894 Sub
391 3833 453 3895 hoo
488 3851 565 3915 rege
586 3832 697 3914 Turni,
729 3831 885 3914 Aegyptii
919 3839 951 3892 et
975 3829 1147 3892 Sarraceni
1179 3845 1219 3890 ac
1251 3825 1374 3889 Arabes

213 3943 325 4000 contra
344 3936 459 4000 fldeles
483 3938 735 4017 insurrexerunt,
756 3938 839 4000 inter
860 3953 943 4019 quus
962 3933 1137 4017 Sagrriuns,
1159 3933 1211 3996 vir
1232 3928 1372 3994 scelera·

213 4048 283 4122 tus,
305 4041 479 4105 'lurcorum
511 4043 770 4124 potentissimus,
788 4040 968 4121 Edessam,
999 4057 1083 4122 quae
1103 4038 1179 4100 olim
1212 4035 1372 4097 dicebatur

212 4145 325 4229 Reges
356 4145 543 4227 Medorum,
575 4145 684 4210 latinis
715 4145 842 4230 populis
875 4143 1029 4208 refertam
1070 4141 1197 4208 obsedit
1229 4146 1263 4201 et
1291 4139 1371 4222 capit

213 4259 249 4312 et
283 4252 363 4313 mira
390 4249 580 4313 crudelitate
611 4269 724 4314 omues
760 4249 908 4332 peremit.
954 4248 1030 4311 Rex
1064 4256 1170 4310 autem
1201 4242 1373 4306 llalduirrus

213 4353 352 4414 adunato
391 4353 534 4414 exercitu
567 4353 692 4433 eripere
723 4353 883 4417 Edessam
929 4328 1203 4531 ιιιιιιιοιιιιθι
1230 4347 1374 4432 repulsus
