2954 4914
758 267 822 352 ιἰιι.

110 471 116 480 ’
197 447 267 537 ¹cul
289 465 482 562 insidebam,
502 484 630 534 cursum
653 467 772 551 incepit
794 473 828 530 et
848 467 1057 551 praecurrere
1077 467 1256 530 conabatur
1277 477 1414 532 caete-

216 595 292 659 ms,
314 593 409 659 quam
433 590 506 638 cum
530 573 620 637 lreuc
656 575 795 636 retinere
815 572 951 656 vellem,
984 571 1102 654 abjecit
1119 581 1190 663 me,
1205 565 1251 634 'ot
1276 591 1406 635 casum

189 680 311 746 'valde
339 669 473 764 gravem
495 671 619 762 accepi.
645 676 740 757 Quod
762 676 879 739 videns
901 677 1032 780 Ameth,
1055 675 1183 742 ductor
1198 685 1327 760 noster,
1356 679 1405 741 de

213 805 297 872 equo
319 803 379 848 suo
396 781 537 866 desiliit,
562 791 595 846 et
616 803 669 845 me
686 783 847 865 jacentem
870 782 1014 864 levavit,
1044 781 1186 844 membra
1207 800 1286 844 mea
1309 783 1403 846 deli-

27 917 30 924 ’
87 930 90 936 ·
150 863 153 872 ’
198 892 298 955 ·nivlt
334 897 367 951 et
398 887 495 951 traxit
529 885 571 950 ad
592 885 811 970 -rcaptaudum
842 885 1002 967 juncturis
1030 891 1062 947 et
1083 905 1181 950 unum
1217 887 1415 952 deservis

101 995 104 1002 '
149 993 154 1002 “
213 997 295 1060 suis
303 995 337 1057 in
359 992 513 1056 vallem
498 995 628 1054 cur'rere
644 991 753 1074 jussit,
770 997 815 1053 ut
825 991 943 1053 mulam
964 999 1077 1072 meatu,
1094 999 1190 1072 ·'quae
1208 991 1401 1053 lasciviens

214 1099 415 1182 decurrebat,
438 1094 617 1178 reduceret,
643 1106 676 1159 et
696 1093 818 1162 tautam
840 1095 992 1177 pietatem
1012 1093 1150 1184 Maurus
1169 1095 1233 1158 isle'
1254 1095 1411 1190 gentilis

215 1207 366 1272 ethnicus
390 1201 536 1263 exhibuit
555 1202 662 1264 mihi'
652 1222 686 1298 ιιι
708 1220 781 1266 mea
806 1203 984 1294 urrsielate,
1007 1209 1172 1282 quautam
1177 1183 1396 1263 Christianus

168 1323 171 1330 ·
215 1305 535 1370 misericordissimus
557 1306 665 1369 lacere
688 1307 856 1388 potuisset.
889 1305 946 1367 dle
968 1307 1161 1388 reintegrato
1182 1283 1370 1386 potenter
1358 1322 1394 1367 ιιι

160 1407 163 1412 ’
215 1413 333 1474 mulam
352 1409 558 1492 sublevavit,
581 1412 688 1494 quia
674 1411 816 1473 brachiis
838 1429 890 1471 me
900 1409 1027 1491 juvare
1048 1431 1111 1473 nou
1133 1418 1289 1493 poteram,
1315 1407 1393 1470 uul-

214 1517 279 1579 lum
312 1522 420 1577 tamen
438 1514 620 1577 'membrum
652 1515 712 1578 fuit
745 1515 822 1576 milri
849 1515 1049 1578 confractum
1056 1537 1083 1597 ,·
1101 1514 1141 1577 de
1168 1531 1231 1596 quo
1265 1511 1391 1574 Ameth

101 1607 105 1616 ’
214 1607 392 1682 mirabatur
418 1613 452 1708 et
479 1618 779 1712 laetabatur,·quia
809 1621 842 1681 in
874 1606 972 1682 cu'r'su
1003 1621 1112 1683 mulae
1130 1621 1326 1700 'impetuose
1357 1616 1390 1712 in

207 1719 376 1802 scopulos·
393 1722 506 1786 cecidi.
550 1723 617 1786 Oro
645 1723 897 1806 autenticum,
930 1733 967 1787 ut
988 1727 1180 1787 misereatur
1200 1723 1249 1784 illi
1267 1721 1390 1783 Sarra·

214 1843 296 1887 ceno
322 1826 453 1910 gentili,
487 1829 574 1892 sicut
595 1831 719 1913 etipse
741 1831 892 1892 misertus
913 1811 964 1893 es't
986 1833 1059 1894 mei.
1104 1815 1226 1892 Ameth
1243 1843 1324 1908 ergo
1353 1831 1389 1886 et

214 1946 277 2012 ego
300 1939 372 2011 post
394 1935 503 1995 s'ocios
534 1953 625 1997 meos
649 1929 890 2014 festinavimus,
923 1935 978 2016 qui
1000 1934 1099 2018 louge
1131 1937 1386 2008 antecesserant,

215 2029 247 2095 et
268 2034 414 2098 similiter
435 2039 632 2118 pervellem
657 2038 836 2104 Gchennue
865 2039 1088 2121 ascendimus,
1118 2046 1151 2101 et
1173 2036 1255 2101 dum'
1278 2027 1387 2096 adhuc

214 2140 247 2201 in
266 2140 427 2222 proluudo
448 2142 545 2206 vallis
577 2162 735 2226 essemus,
759 2142 886 2206 taudem
911 2142 952 2206 do
973 2142 1131 2226 prolirndo
1161 2139 1385 2224 suspicientes

214 2245 381 2306 civitatem
402 2255 548 2308 sanctam
559 2248 742 2311 Jerusalem
766 2249 799 2310 in
821 2247 987 2310 altissimis
1009 2250 1157 2310 situatam
1171 2245 1384 2326 refulgentem

214 2346 404 2432 vidimus,'
395 2369 428 2410 ιιι
450 2351 544 2433 cujus
566 2362 700 2433 aspectu
726 2354 862 2435 contigit
884 2354 992 2436 nobis,
1014 2355 1098 2416 sicut
1121 2345 1382 2435 procofeltis

214 2451 251 2512 B.
296 2452 440 2533 Ingressi
462 2463 569 2516 autern
602 2458 765 2520 civitatem
800 2465 947 2520 sanctam
981 2457 1203 2521 enarravimus
1229 2451 1384 2549 iratribus
1466 2537 1467 2546 ι

198 2555 351 2652 nostris,
374 2557 431 2639 qui
450 2553 688 2643 remanserant,
721 2579 806 2646 quae
826 2559 967 2648 vidimus
996 2571 1030 2626 et
1050 2580 1134 2646 quae
1155 2539 1279 2628 nobis
1269 2578 1304 2622 ιιι
1327 2558 1385 2620 via

215 2655 411 2724 acciderunt.

143 2901 148 2909 '
215 2864 451 2998 Sollicitudo
456 2887 726 3002 peregrinorum
751 2922 818 3001 pro
832 2886 982 2996 recessu
1007 2894 1055 2974 ad
1078 2873 1233 3001 nlenten
1251 2853 1381 2997 Syriai.

297 3078 410 3143 'l'ertia
430 3078 555 3144 decima
574 3080 645 3164 die,
669 3090 827 3164 quaeest
845 3067 1036 3166 Hyppolitlri
1066 3090 1098 3144 et
1119 3079 1277 3146 sociorum
1296 3071 1381 3158 ejus,

214 3198 310 3280 marre
340 3183 450 3247 audita
485 3187 606 3248 Missa
623 3185 656 3246 in
695 3193 804 3249 moute
838 3185 929 3270 Syon
958 3185 1108 3250 abierunt
1142 3183 1272 3280 domiui·
1285 3185 1381 3278 perc'-

214 3285 300 3364 &¹5⁰5
327 3285 374 3347 fid
407 3289 622 3368 semetipsos,
655 3294 690 3348 et
710 3307 809 3373 super
841 3301 951 3377 noslrc
973 3303 1127 3375 recessu,
1164 3307 1260 3374 quem
1285 3294 1378 3369 opta-

89 3454 94 3462 ,
166 3457 170 3466 ι
214 3387 321 3449 vimus
331 3390 523 3470 ,consolati
543 3385 871 3459 sumus.'Videbalur
892 3387 975 3460 e'uim
998 3396 1092 3460 uoliis
1112 3395 1248 3459 Caliuus
1269 3386 1377 3471 major,

214 3489 523 3556 'l'rutschelmauuus
560 3495 687 3578 n'oster,
728 3516 894 3563 recessum
930 3505 1075 3566 nostrum
1106 3497 1157 3564 de'
1196 3493 1375 3562 Jerusalem

111 3683 116 3693 ι
214 3593 385 3704 impedire,
408 3606 441 3659 et
464 3597 591 3681 longior
618 3599 755 3664 tardatio
777 3606 988 3690 nobissimis
1013 3603 1251 3690 praejudicialis
1271 3601 1374 3663 futura
1415 3629 1418 3636 ·

180 3783 183 3791 Ι
214 3709 320 3781 esset,
342 3696 407 3762 uon
427 3700 557 3784 quidem
578 3693 667 3787 ideo,
690 3707 776 3791 quod
798 3685 934 3772 laedium
959 3712 1047 3773 esset
1071 3712 1164 3796 nobis
1195 3722 1326 3780 manere
1341 3703 1373 3764 iu

214 3803 346 3866 civitate
376 3815 507 3889 sancta,
539 3807 572 3869 in
605 3813 670 3891 qua
704 3811 916 3877 libentissime
947 3823 981 3878 et
1009 3789 1241 3899 jocundissime
1266 3808 1372 3872 morati

212 3925 341 4012 sumus,
364 3911 422 3974 sed
442 3911 630 3996 timuimus,
659 3917 745 3997 quod
767 3917 1012 4002 negligeremus·
1027 3935 1131 3984 naves
1153 3914 1371 3982 alexandrinas

155 4085 158 4094 ,
212 4015 387 4098 onerarias,
408 4017 441 4079 in
463 4019 611 4101 quibus
601 4039 633 4080 ιιι
655 4021 801 4084 ltaliam
800 4025 957 4126 navigare
979 4025 1237 4088 decreveramus
1248 4019 1324 4102 (B),
1341 4025 1371 4080 tl

111 4131 114 4138 ’
171 4159 175 4166 -
195 4119 245 4180 ·lu
255 4119 454 4184 Alexandria
475 4113 617 4188 hiemare
638 4140 840 4216 cogeremur,
837 4121 937 4212 quod
956 4121 1051 4194 uobis
1072 4131 1189 4193 luisset
1208 4123 1370 4212 plurinum

121 4282 124 4288 .
210 4225 355 4307 poenale.
385 4220 503 4289 Simul
526 4247 604 4312 ergo
624 4233 835 4296 transivimus
855 4235 898 4300 ad
919 4235 1048 4299 domum
1077 4235 1198 4299 domini
1227 4229 1369 4314 Naydon,

210 4331 365 4411 praefecti
402 4331 608 4414 Jerusalem,
648 4355 720 4402 cum
761 4359 826 4423 quo
866 4351 899 4404 et
940 4339 1103 4404 dominum
1139 4338 1368 4404 Vacca'rdloun
