2926 5050
685 251 729 334 ‚pp

1 463 3 502 r
117 435 264 500 mira-ibi
282 439 382 518 gesta
407 441 460 496 ast
488 431 579 498 loona
597 429 702 513 serii,
729 439 769 493 et
788 445 853 512 non
872 428 1012 512 agendii,
1041 429 1137 494 flattu
1166 436 1204 494 et
1225 447 1289 494 non
1349 485 1352 490 .

118 544 221 623 risus,
253 540 415 610 orationis.
429 546 464 602 et
484 556 549 600 non
581 534 752 616 clamoris,
787 536 1015 617 prostrationis
1035 543 1068 598 et
1090 553 1155 600 uon
1181 535 1289 600 lucta·

118 646 235 728 tionis,
264 645 483 726 poenitentiae
505 649 538 704 et
564 657 631 702 non
652 635 859 721 petulantiae.
903 639 971 704 Sed
992 641 1154 722 peregrini
1174 629 1286 720 stilum

1 801 2 820 ,
122 757 267 831 vertunt,
290 757 322 810 et
343 750 377 811 in
397 746 468 810 loco
490 755 555 809 tam
574 742 708 806 terribili
725 742 844 807 timore
866 743 1014 830 deposito
1037 744 1139 825 *frena
1161 744 1289 830 debitae

120 854 311 916 maturitatis
332 852 458 934 laxant,
480 847 609 933 etideo
626 847 802 931 puniuntur
822 849 921 930 aliqui
941 851 976 910 in
998 849 1181 930 exemplum
1204 849 1289 914 alio-

1 1004 2 1018 ,
120 975 199 1019 rum.
242 957 333 1020 Nilail
354 963 468 1018 autem·
483 953 654 1016 molestum
685 952 835 1015 accidere
856 951 941 1044 solet
967 961 1092 1017 mature
1112 961 1147 1016 et
1169 952 1289 1036 devote

119 1080 158 1124 se
178 1061 448 1144 baptizantibus,
461 1058 556 1122 sicut
575 1059 665 1140 petet
691 1060 726 1120 iu
756 1056 942 1140 mulieribus
970 1057 1168 1140 peregrinis,
1204 1075 1289 1141 qtsae

1 1202 3 1230 t
119 1173 219 1248 supra
239 1183 300 1229 uos
321 1167 355 1227 iu
385 1162 597 1227 arundinibus
619 1161 716 1224 etiam
749 1161 940 1224 balneantur
971 1179 1043 1227 cum
1069 1162 1223 1245 pudore,
1239 1161 1289 1252 ⁵d·

119 1270 237 1352 lentio,
267 1267 442 1336 devotione
475 1276 518 1330 -et
554 1285 627 1329 cum
671 1267 875 1350 maturitate,
919 1267 1020 1338 multo
1050 1267 1157 1350 magis
1190 1284 1285 1349 quant

119 1393 190 1436 nos.
233 1372 409 1457 Optassem
441 1392 505 1454 pro·
520 1371 585 1444 illis
612 1371 743 1454 vetulis,
770 1373 862 1456 vulgi
893 1373 1015 1436 famam
1038 1372 1147 1436 sortiri
1171 1373 1206 1434 in
1237 1372 1287 1434 eis

1 1521 2 1548 ι
120 1479 279 1541 effectum.
295 1541 297 1546 ,
311 1479 425 1541 Refert
445 1477 531 1540 euim
551 1475 683 1559 vulgus,
706 1474 792 1560 quod
806 1478 923 1559 quiin
944 1476 1089 1542 Jordane
1109 1477 1288 1556 balneator,

1 1627 2 1662 ι
119 1582 255 1645 ulterius
278 1581 521 1663 consenescit,
543 1589 576 1642 et
598 1598 670 1644 cum
692 1580 765 1663 hoc,
788 1580 941 1664 qrramdiu
961 1583 994 1645 iu
1016 1571 1148 1664 flumine
1168 1581 1287 1663 manet,

1 1735 2 1738 ,
121 1696 186 1750 tam
209 1687 263 1750 diu
280 1686 484 1769 juvenescit,
505 1693 541 1748 ut
562 1692 657 1768 pote,
679 1687 710 1748 si
730 1703 796 1748 una
816 1685 895 1748 hora
917 1685 1101 1770 balneatur,
1123 1705 1188 1770 una
1208 1687 1288 1751 hora

1 1839 2 1862 ,
117 1791 226 1872 junior
247 1773 403 1874 efficitur,
425 1792 454 1854 si
476 1790 601 1854 duabus
623 1789 770 1870 duabus,
799 1791 829 1851 si
851 1793 953 1853 tribus
975 1792 1096 1875 tribus,
1117 1793 1146 1855 si
1168 1809 1288 1876 anuum

1 1955 3 1979 ,
120 1913 249 1958 annum.
272 1897 428 1978 Indignae
447 1895 588 1958 fuissent
611 1900 743 1956 nostrae
761 1894 871 1956 sociae
893 1895 955 1958 hoc
975 1896 1090 1958 balneo
1109 1896 1171 1958 LX
1191 1895 1287 1958 aunis

119 1998 160 2062 ad
182 1999 435 2083 recuperandam
463 2000 703 2081 juventutem,
721 1999 797 2080 quia
828 1998 958 2062 fuerunt
995 2001 1224 2083 octogenariae
1254 2001 1287 2062 et

119 2101 215 2168 ultra.
259 2104 296 2166 Si
327 2103 518 2166 balneantes
550 2103 584 2164 in
611 2100 756 2164 Jordane
774 2121 848 2164 ¹non
880 2113 1111 2188 senescerent,
1142 2105 1287 2194 profecto

119 2209 237 2272 malum
258 2209 409 2271 balneum
430 2217 539 2290 esset,
571 2225 643 2268 cum
664 2205 823 2268 Dominus
843 2225 902 2289 per
933 2210 1121 2291 prophetam
1152 2209 1285 2272 Esaiam

120 2311 199 2396 Oap.
222 2313 274 2376 65.
296 2313 396 2376 dicat:
424 2331 505 2397 puer
525 2321 653 2376 centum
676 2329 830 2376 annorum
852 2313 1021 2396 morietur,
1043 2323 1075 2378 ot
1090 2295 1287 2378 ‘maledictus

1 2495 2 2510 χ
120 2422 202 2488 erit,
231 2418 381 2502 Optabile
411 2438 470 2502 per
496 2419 610 2482 ‘omnia
645 2415 795 2478 balneum
825 2426 931 2500 esset,
966 2419 995 2482 si
1024 2417 1289 2498 invaletudinem,

121 2514 355 2586 deformitatem
384 2533 417 2587 et
436 2531 640 2606 senectutem
673 2521 816 2604 corporis
834 2521 974 2606 tolleret,
1004 2533 1037 2587 et
1059 2525 1174 2590 mentis
1196 2522 1288 2610 oani-

1 2687 2 2708 ,
121 2627 197 2690 tiem
219 2626 360 2690 afferret.

204 2730 305 2794 Porro
338 2731 422 2794 bauo
444 2732 624 2796 fatuitatem
645 2731 701 2795 vel
722 2732 958 2814 simplicitatem
990 2734 1081 2798 multi
1100 2735 1288 2814 saeculares

124 2835 272 2932 habent,
286 2835 372 2917 quod
392 2834 547 2917 credunt,
575 2837 659 2898 siin
680 2836 825 2900 Jordane
849 2841 1068 2922 baptizentur,
1099 2838 1186 2922 quod
1214 2847 1290 2921 post

120 2939 184 3002 boc
204 2957 270 3000 uon
292 2948 483 3020 senescant,
516 2947 550 3002 et
577 2939 651 3002 ideo
674 2949 763 3003 tanto
792 2945 961 3006 conamine
992 2944 1156 3024 laborant,
1188 2951 1225 3004 ut
1246 2941 1288 3004 ad

92 3065 95 3070 ·
120 3025 297 3104 Jordanem
317 3044 523 3124 perveniant,
545 3051 578 3105 ot
599 3044 796 3106 seinvicem
818 3044 1003 3125 baptizant,
1029 3043 1157 3108 scilicet
1178 3046 1288 3138 quistiu

120 3143 314 3230 profundum
334 3144 527 3227 immergunt
548 3154 662 3209 contra
692 3147 867 3210 secundam
898 3146 1144 3229 prohibitionem
1166 3139 1285 3214 Sarra-

122 3267 284 3312 cenorum.

201 3351 285 3416 Cum
301 3359 409 3415 autem
429 3352 504 3416 linis
524 3353 739 3418 balneatiouis
760 3354 958 3440 advenisset,
971 3355 1100 3441 quidam
1122 3359 1286 3440 peregrini

120 3461 154 3519 in
177 3458 349 3540 amphoris,
371 3459 406 3518 in
426 3459 632 3542 flasconibus,
653 3461 687 3522 in
708 3461 802 3524 vitris
823 3463 1000 3527 hausemnt
1020 3481 1136 3546 aquam
1156 3462 1288 3526 delor-

121 3562 221 3645 daue,
244 3572 280 3626 nt
301 3579 412 3626 secum
437 3564 480 3627 ad
498 3567 634 3646 patriam
657 3565 795 3648 ferrent,
818 3561 930 3632 'eontra
950 3569 1076 3632 tertiam
1097 3568 1288 3650 prohibitio·

120 3685 195 3729 nem
215 3666 483 3751 sarracenorum,
505 3669 561 3750 qni
582 3669 622 3732 ad
643 3670 834 3735 instinctum
855 3682 1060 3756 patronorum
1082 3673 1144 3736 hoo
1175 3670 1287 3754 prohi-

120 3772 267 3854 buerunt,
289 3774 461 3840 nonenim
483 3773 644 3836 sustinent
659 3775 802 3854 navium.
809 3779 1044 3858 gubernatores
1064 3795 1181 3860 aquarn
1202 3777 1288 3840 hanc

120 3876 153 3939 iu
175 3877 331 3959 navibus,
353 3878 430 3958 quta
450 3875 586 3940 eredunt
607 3877 753 3961 lirantes,
774 3881 865 3963 quod
883 3899 987 3944 naves
1006 3881 1092 3964 illae,
1104 3883 1147 3958 in
1169 3881 1288 3964 quibus

120 3978 245 4062 aliquid
269 3979 311 4044 de
331 3998 417 4064 aqna
436 3979 590 4062 lordonis
608 3991 676 4065 est,
709 3985 774 4046 siut
796 3984 1030 4069 infortunatae,
1065 4003 1127 4048 nec
1147 3985 1288 4050 habeant

121 4084 304 4166 expeditam
326 4086 567 4170 navigationem
596 4093 632 4148 et
661 4095 749 4150 stent
767 4090 801 4149 in
824 4087 986 4171 periculo,
1010 4107 1106 4172 qnam
1129 4087 1183 4152 diu
1204 4104 1289 4169 aqua

120 4187 275 4252 Jordnrns
302 4191 399 4254 etiam
420 4192 454 4256 in
475 4190 606 4254 minima
635 4193 814 4276 quantitate
845 4193 1000 4258 habeatur
1020 4194 1054 4258 in
1075 4195 1160 4258 novi.
1202 4192 1288 4256 Nau

121 4293 184 4358 hoe
217 4310 317 4379 saepe
351 4293 437 4377 vidi,
477 4294 565 4380 quod
592 4297 750 4362 ‚instante
787 4299 931 4379 periculo
965 4301 999 4360 iu
1039 4296 1119 4362 mari
1158 4304 1288 4380 propter
