2948 4876
163 415 333 496 impressa.
374 409 437 474 iiis
459 409 541 476 visis
562 409 741 492 reingressi
762 425 879 472 sunus
900 405 1073 477 eeclesiam
1105 409 1147 476 ad
1178 411 1340 494 umbram,
1467 399 1468 410 ’

165 519 235 600 (Β)
256 525 291 580 et
311 513 512 599 protulerunt
533 514 597 580 duo
617 513 665 578 iili
677 515 828 596 monaehi
842 523 990 578 catenam
1004 509 1110 598 unam,
1133 535 1229 600 quam
1242 516 1341 580 dixs-

166 630 241 686 rnut
270 639 346 684 esse
375 619 479 704 iiiam,
506 637 580 683 cnm
613 637 678 703 qua
698 618 734 681 S.
757 617 898 682 Georins
930 620 1061 684 vinctus
1088 630 1198 685 tentus
1220 623 1337 684 suerat.

165 728 262 790 Hane
283 734 428 789 catenam
451 723 630 788 deoseulati
650 741 779 806 sumus,
808 741 912 807 eaque
932 725 1017 788 colia
1040 733 1152 788 nestra
1175 727 1340 788 cinximus

166 849 245 914 pree
264 831 447 899 devotione.
489 827 557 892 Sed
583 837 617 892 et
652 829 717 910 ipsi
738 827 912 892 Sarraceni
944 830 1206 912 cumplurimum
1231 847 1340 892 vene-
1393 856 1400 864 ·

167 945 292 1017 rantur,
328 935 414 1016 siout
441 940 473 994 et
504 933 645 1015 vestigia
674 934 750 1016 equi
778 935 812 996 in
846 951 943 1016 rupe,
971 943 1004 996 et
1033 951 1272 1016 nonnumquam
1294 932 1339 996 ad
1466 985 1468 1014 ,

166 1047 288 1104 uotum
310 1037 398 1101 iliius
419 1045 554 1102 catenae
573 1036 691 1100 infirmi
714 1038 929 1101 restituuntur
950 1037 1089 1100 sanitati*
1108 1035 1194 1119 apud
1213 1035 1338 1098 Sarra-

166 1161 276 1208 cenos.
318 1142 402 1205 Miro
433 1141 552 1204 etenim
584 1141 693 1204 modo.
713 1159 826 1205 omnes
857 1141 1096 1211 orientales,
1137 1147 1338 1204 venerantur

167 1248 320 1312 Georium
342 1263 421 1328 prae
441 1246 559 1308 ceteris
584 1245 731 1328 nanctis,¹
747 1254 781 1308 et
805 1247 841 1326 in
862 1244 934 1330 ejus
955 1245 1109 1308 honorem
1137 1255 1214 1308 sunt
1239 1247 1335 1328 quasi

167 1367 279 1416 ornnes
301 1349 460 1412 eeclesiae
482 1349 771 1412 schismaticorum·
784 1358 1000 1414 consecratae.
1041 1350 1167 1414 Deinde
1176 1357 1335 1433 portave-

166 1461 242 1519 runt
261 1454 355 1517 uobis
374 1453 437 1516 duo
464 1454 612 1517 monachi
632 1453 679 1516 illi
700 1457 899 1536 paximacios
920 1465 953 1519 et
975 1475 1093 1540 aquam
1114 1464 1145 1519 et
1164 1455 1279 1536 salem,
1302 1463 1336 1516 et
1363 1475 1368 1480 ·
1448 1471 1453 1476 ·

167 1560 303 1623 fecimus
318 1557 520 1620 collationem
542 1575 615 1620 cum
637 1560 697 1641 eis,
719 1567 752 1620 et
773 1558 910 1650 libenter
928 1561 1223 1646 communicassent
1238 1557 1336 1620 nohis

166 1666 288 1746 omnia,
318 1681 402 1747 quae
424 1662 546 1724 habere
559 1663 765 1751 potuissent,
799 1661 951 1747 quamvis
979 1663 1180 1728 schismatici
1208 1669 1335 1723 essent.

166 1766 374 1848 Comedimus
396 1784 474 1849 ergo
496 1773 530 1828 et
551 1766 688 1830 bibimus
711 1769 744 1830 in
766 1768 907 1833 ecclesia
922 1766 979 1850 illa
1000 1775 1032 1830 et
1058 1769 1141 1830 bene
1152 1767 1336 1848 refrigerati

167 1873 302 1952 fuimus,
336 1878 368 1931 et
395 1871 489 1952 quasi
519 1869 644 1934 duabus
672 1873 762 1934 horis
794 1873 838 1936 ibi
860 1874 1037 1936 mansimus
1081 1881 1115 1936 et
1146 1871 1335 1936 monasterii

167 1976 276 2040 ruinas
297 1973 484 2058 diligentius
504 1973 722 2040 lustravimus.
925 1959 931 1970 ’

308 2225 368 2298 De
394 2249 497 2322 aqna,
528 2225 565 2298 in
591 2249 660 2324 qua
684 2227 868 2302 cunuchus
893 2227 960 2302 tuit
983 2210 1196 2328 baptizatus.

250 2403 281 2464 A
304 2402 376 2464 loco
395 2403 450 2465 illo
471 2419 531 2466 nos
553 2388 790 2492 consequenter
816 2411 995 2490 movimus,
1025 2414 1060 2480 et
1090 2409 1123 2469 in
1155 2415 1333 2490 progressa

167 2506 208 2569 ad
231 2506 531 2588 clivumquendam
552 2515 714 2594 venimus,
737 2510 778 2578 de
797 2533 862 2600 qno
884 2531 988 2596 oquae
1009 2515 1108 2576 vivae
1128 2511 1163 2573 in
1185 2509 1333 2592 pleribus

166 2613 255 2675 locis
268 2613 471 2692 emanabant,
493 2611 579 2695 quod
601 2621 707 2678 tamen
730 2635 836 2680 rarum
855 2626 905 2680 est
933 2619 966 2681 in
998 2618 1093 2680 terris
1116 2614 1330 2682 orientalium.

167 2716 275 2798 Supra
302 2717 334 2778 in
367 2717 433 2779 alto
462 2715 601 2780 vidimus
634 2721 743 2783 ruinas
772 2723 857 2804 rupti
889 2722 1005 2804 castri,
1034 2719 1121 2804 q'uoo
1152 2718 1331 2800 antiquitus

148 2821 333 2892 vdicebatur
353 2823 523 2907 Bethauna,
554 2831 587 2885 et
609 2833 679 2886 erat
708 2825 940 2888 firmissimum*
957 2825 1161 2906 fortalitium,
1192 2823 1234 2886 dc
1264 2839 1330 2904 qno

168 2927 233 2991 dixi
255 2928 310 2994 fol.
333 2927 394 2997 189
414 2931 452 2990 Β.
494 2928 546 2991 De
560 2947 624 3012 qno
645 2939 757 2992 contra
775 2930 894 2992 vallem
909 2929 1141 2994 fertilissimam
1163 2924 1331 3008 prooessi-

168 3052 241 3098 mus
263 3036 343 3098 non'
359 3043 480 3098 remote
504 3051 526 3095 a
553 3032 648 3097 domo
668 3033 859 3116 Zachariae,
888 3033 930 3096 de
951 3049 1014 3114 quo
1041 3032 1162 3095 dictum
1181 3028 1330 3091 estfolio

167 3141 222 3201 ubi
239 3155 345 3223 supra.
388 3142 425 3202 ln
446 3140 502 3201 illo
522 3139 609 3201 ualle
629 3139 768 3202 vidimus
789 3137 890 3200 muita
917 3137 1077 3201 domicilia
1105 3146 1136 3199 et
1163 3137 1329 3198 hortorum

167 3242 329 3322 viridaria,
351 3244 475 3305 consita
495 3242 659 3324 ficulneis,
681 3233 802 3305 vitibus
842 3251 875 3304 et
896 3243 1001 3306 olivis.
1055 3241 1198 3304 'l'oudem
1221 3246 1327 3301 antem

167 3347 372 3425 pervenimus
394 3345 435 3408 ad
456 3346 557 3426 ripam
573 3348 749 3410 viventium
764 3364 929 3429 aquarum,
952 3363 1035 3430 quae
1052 3345 1098 3408 'de
1118 3345 1204 3408 saltn
1219 3361 1328 3404 erum-

123 3464 132 3480 ·
166 3457 246 3531 punt
266 3456 298 3510 et
320 3466 378 3530 per
398 3449 485 3510 mam
507 3465 580 3510 oum
594 3450 722 3532 ¹impetn
742 3452 775 3513 in
797 3451 924 3537 vollem
937 3451 1118 3514 decurrunt.
1162 3445 1328 3510 Ascendi-

167 3569 238 3612 mus
260 3569 337 3633 ergo
355 3568 413 3633 per
433 3553 519 3614 uam
540 3569 644 3636 usque
665 3555 707 3618 ad
727 3555 842 3637 locum,
863 3557 919 3618 nbi
941 3563 1109 3637 emanant,
1139 3561 1172 3616 et
1187 3554 1242 3614 ibi
1273 3552 1327 3613 in-

166 3654 316 3716 venimus
346 3656 456 3717 ruinas
485 3674 620 3739 magnas
647 3659 832 3722 destructae
858 3660 1033 3741 ecclesiae,
1066 3676 1151 3743 quae
1182 3664 1327 3738 tempore

165 3756 418 3822 Christianorum
437 3762 481 3824 ibi
502 3764 601 3826 stetit.
644 3764 704 3826 Est
726 3764 810 3826 enim
832 3764 881 3826 ibi
898 3764 989 3827 locus
1009 3761 1074 3844 ille,
1094 3761 1326 3842 ubiPhiiippns

165 3861 340 3942 baptizavit
358 3863 560 3950 Aethiopem,
581 3867 763 3932 eunuchum
785 3867 949 3930 candacis
968 3867 1111 3950 reginae,
1133 3876 1168 3929 ut
1188 3867 1326 3928 habetur

164 3965 275 4028 Actor.
297 3968 328 4031 8.
358 3968 545 4037 ¹h'rotenim
564 3969 716 4035 Candaee
737 3973 849 4054 regina
859 3971 1062 4054 Aethiopiae,
1083 3969 1170 4054 qnod
1191 3985 1326 4052 regnum

164 4088 227 4134 non
249 4070 311 4132 nisi
330 4089 389 4153 per
411 4072 567 4138 foeminas
589 4077 768 4158 regebatur,
791 4083 828 4139 et
846 4095 958 4140 ornnes
980 4077 1112 4160 reginae
1135 4073 1326 4138 dicebantur

164 4175 332 4260 Gondace,
368 4178 452 4240 sicut
485 4195 597 4241 omnes
626 4198 722 4262 reges
742 4181 886 4263 Aegypti
918 4181 1107 4244 dicebantur
1126 4179 1326 4257 Pharaoues,

164 4290 196 4344 et
217 4301 329 4350 omnes
340 4281 555 4346 Romanorum
577 4284 786 4365 imperotores
808 4284 994 4348 dicebantur
1015 4281 1186 4348 Caesams.
1231 4281 1325 4364 Sunt,
