2842 4882
528 279 683 347 .tut

66 471 204 536 ιιι-ιιι
226 463 541 534 imant-evene
565 472 599 526 n
618 461 845 526 suasanus
872 441 1068 546 nonnus
1086 463 1160 530 ιιι.
1180 466 1236 533 oo.

66 575 201 640 dicitnr:
224 570 444 637 'tabernacula
465 587 575 632 norum
593 571 627 630 in
649 576 735 630 terra
754 566 942 650 salsuginis.

151 682 189 747 in
209 660 281 742 bos
292 678 430 744 miseros
448 673 603 738 bestiales
622 674 772 736 homines
792 671 906 734 effudit
926 673 998 755 ipse
1011 671 1237 745 blachomatns

9 799 11 860 t
68 784 382 866 maledictns'primo
402 797 531 842 venena
550 797 632 842 suae
649 777 825 861 pestiferae
844 764 1009 842 doctrinae
1041 799 1163 866 00qu
1195 785 1237 848 ad
1311 777 1315 784 ’

9 921 12 970 ι
70 910 110 954 aa
131 889 297 954 inclinavit
319 894 351 950 et
372 882 448 972 inde
469 901 543 946 enm
565 885 614 946 cis
635 881 769 966 gladiis,
790 883 894 945 hastis
915 892 947 944 et
969 884 1107 949 arcubus
1128 899 1239 952 caete-

9 1033 10 1072 ι
69 1015 123 1061 ras
145 1003 262 1078 gentes
283 991 325 1055 ad
350 1007 388 1052 se
413 989 447 1051 vi
476 987 566 1052 duxit
595 998 627 1050 et
648 989 693 1049 ita
722 981 880 1050 ⁴mundum
902 990 1058 1070 pervertit
1079 975 1237 1075 adjutorio

9 1135 12 1178 Ι
69 1101 193 1192 illorum
210 1098 483 1176 miserrimorum,
505 1094 591 1156 sicut
621 1091 778 1156 Romulus
801 1100 834 1156 at
854 1089 996 1156 uenus
1030 1098 1177 1162 attractis
1198 1099 1240 1162 ad

9 1243 12 1308 t
70 1217 162 1270 suam
190 1200 358 1284 sequelam
387 1198 581 1282 introitibus,
618 1193 783 1280 fugitivis,
815 1198 1018 1280 pastoribus
1028 1215 1184 1282 pecorum
1205 1213 1239 1266 et
1316 1186 1320 1194 ¹

9 1309 203 1396 ignobili
223 1303 341 1390 popula
362 1313 395 1367 et
412 1303 745 1374 oonmsohnnnorun
767 1317 869 1385 reguo
889 1318 982 1365 suum
1005 1323 1138 1387 regnum
1160 1315 1241 1371 san

9 1416 173 1504 gntae
193 1415 400 1474 innocentum
428 1408 587 1476 lbomulns
607 1408 728 1474 imbuit.

9 1675 12 1716 ι
71 1631 203 1733 incipit
228 1629 365 1705 deserti
379 1627 624 1731 peregrinatio
645 1633 687 1705 et
711 1626 759 1703 dc
784 1627 916 1731 tripiici
934 1631 995 1706 via
1019 1615 1240 1726 solitudinis,

9 1781 11 1824 ι
71 1754 168 1831 sicut
191 1749 316 1827 haberi
337 1759 461 1852 potest
476 1767 536 1826 ‘ex
558 1756 665 1823 textu
689 1743 854 1842 Bibliac,
880 1753 920 1826 ci
944 1751 992 1826 de
1025 1752 1085 1830 via
1107 1751 1241 1834 beatae

9 1891 12 1932 ι
238 1869 413 1968 Virginis·
430 1893 516 1961 cum*
534 1890 649 1970 puero
672 1867 766 1944 Jesu
791 1869 830 1942 in
853 1870 1078 1974 Aegyptum.
1127 1939 1130 1945 .
1232 1883 1233 1888 '

9 1995 12 2042 ι
157 2053 320 2136 ungasto
340 2071 398 2134 per
418 2050 639 2112 vastissimum
654 2043 865 2112 ,solitudinem
887 2051 992 2114 facilis
1011 2069 1096 2114 nuno
1118 2051 1244 2117 descri-

9 2191 12 2256 ι
66 2161 182 2235 ,Ιιιιιιιίιι
201 2160 281 2239 erit,
301 2155 518 2239 praecognitis
540 2153 643 2217 asinis
664 2162 697 2216 et
717 2155 884 2237 asinariis,
916 2156 1049 2220 carnalis
1072 2163 1106 2219 et
1133 2174 1246 2220 came-

74 2267 181 2346 lariis,
216 2259 390 2326 solitudine
418 2267 453 2322 et
481 2259 660 2341 Arabibus,
706 2258 827 2322 deserti
861 2260 985 2324 ineolis.
1036 2260 1100 2324 Pro
1131 2261 1246 2342 majori

9 2415 12 2464 Ι
74 2384 183 2438 tamen
207 2366 376 2431 intellectu
403 2364 596 2446 notandum,
627 2364 713 2447 quod
741 2383 783 2428 ex
804 2363 972 2449 Scriptura
1005 2383 1100 2429 sacra
1127 2365 1246 2451 triplex
1276 2399 1279 2408 ι

9 2523 12 2570 ,
74 2478 234 2564 reperitur
258 2469 378 2552 deserti
398 2471 462 2533 via.
506 2469 582 2531 Alia
603 2478 654 2531 est
675 2465 759 2532 euim
781 2470 846 2553 via,
870 2489 928 2553 per
949 2489 1044 2554 quarn
1063 2471 1122 2534 iiiii
1144 2469 1245 2535 lsrael

75 2585 119 2648 (ie
137 2589 247 2646 monte
267 2577 375 2661 Synai
390 2581 550 2638 venerunt
571 2575 603 2636 in
626 2571 742 2638 terram
764 2585 920 2638 salictam.
962 2575 1048 2661 Alia,
1070 2595 1247 2662 perquam

77 2688 240 2752 Abraham
268 2680 435 2744 descendit
471 2695 529 2762 per
556 2679 760 2742 desertum
751 2700 784 2742 ιιι
815 2682 1001 2766 Aegyptum
1024 2692 1056 2745 et
1077 2682 1181 2747 Jacob
1214 2691 1247 2745 et

74 2793 135 2857 filii
156 2789 237 2882 ejus,
258 2783 386 2867 quando
407 2785 535 2844 inemnt
555 2786 663 2845 vocati
684 2784 726 2846 ad
747 2786 882 2867 Josepb,
905 2792 939 2847 et
956 2783 1068 2848 eadem
1095 2789 1152 2848 via
1173 2801 1256 2867 cre-¹

78 2895 163 2958 ditur
184 2875 393 2954 descendisse
416 2887 542 2967 Josepir
561 2877 632 2948 cum
656 2903 778 2967 sponsa
801 2905 877 2969 sna,
901 2889 1086 2953 beatissima
1106 2889 1248 2971 Virgine

79 2995 186 3059 Maria
207 2998 241 3051 et
260 3006 360 3070 puero
381 2978 478 3071 lesu,
500 2991 534 3052 in
556 2991 614 3071 fug
593 3007 634 3050 a
654 2987 804 3071 Herodis,
828 2991 987 3053 Matthaei
1012 2993 1053 3052 ll.
1081 2991 1168 3073 Alia,
1190 3013 1250 3076 per

80 3117 177 3182 quam
199 3095 360 3178 Propheta
381 3095 495 3158 Helias
516 3103 549 3155 et
572 3093 748 3156 illidens
738 3097 878 3174 ingressi
898 3103 974 3157 sunt
997 3115 1055 3178 per
1077 3094 1242 3162 desertum

81 3202 124 3267 ad
153 3209 292 3264 merrtem
322 3199 444 3282 Synai,
494 3217 558 3262 uon
589 3195 719 3279 quidem
751 3197 872 3281 sirunl,
900 3198 959 3261 sed
991 3201 1183 3266 successive
1212 3212 1250 3265 ut

81 3305 269 3372 lrabeturd
291 3302 374 3386 Reg.
397 3303 486 3366 XlX.
695 3353 701 3358 .
1160 3327 1162 3330 ·
1243 3303 1285 3319 ”

166 3408 239 3472 Filii
259 3407 388 3492 quidem
418 3407 540 3473 lsrael
555 3408 683 3470 inerunt
712 3405 800 3470 ducti
834 3407 880 3494 (lt
882 3413 898 3485 J
851 3405 972 3469 lade
992 3408 1147 3493 Aegypto
1184 3429 1250 3475 nou

84 3517 207 3581 directe
236 3532 295 3598 per
315 3516 417 3596 viam,
449 3531 532 3597 quae
559 3499 668 3595 dirigit
690 3512 732 3604 ad
763 3522 879 3576 terram
894 3501 1070 3597 'surrctunn
1104 3515 1164 3578 sed
1193 3536 1252 3600 per

82 3627 168 3688 viam
192 3622 289 3686 maris
311 3621 397 3684 rubri
419 3617 659 3710 adscenderunt
680 3617 722 3680 uri
744 3628 883 3680 montem
915 3617 1034 3702 Synai,
1067 3619 1152 3682 sicut
1175 3621 1251 3704 jus-

82 3735 174 3792 serat
193 3727 369 3806 Dominus,
401 3741 464 3786 uec
486 3742 505 3785 a
526 3731 634 3786 monte
655 3721 757 3805 Synai
782 3725 839 3786 uia
872 3726 1089 3808 propinquiori
1122 3713 1252 3788 fuerunt

85 3831 191 3910 ducti,
223 3829 281 3892 sed
310 3829 406 3911 longe
435 3839 493 3910 pet
520 3828 683 3892 desertum
720 3829 850 3911 longum
879 3829 966 3890 ducti
997 3837 1030 3890 et
1064 3829 1186 3891 reducti
1219 3837 1253 3890 et

85 3934 305 4033 circumducti,
328 3952 496 4016 quousque
517 3934 685 3995 linirentur
698 3933 759 3995 xi.
782 3934 867 3998 arrui.
892 3933 1003 3996 Causa
1025 3941 1254 4016 autem,quare

88 4057 151 4100 ιιοιι
154 4037 406 4154 propinquiori
433 4039 487 4098 aia
514 4057 571 4119 per
596 4038 812 4100 Palaestinam
841 4036 993 4118 Aegypto
1022 4038 1252 4122 conterminam

88 4118 207 4200 luerint
228 4137 350 4200 inducti
359 4142 528 4222 ,ponitur
559 4141 668 4203 Exodi
686 4141 774 4211 Xlli.
817 4139 1001 4232 Palaestina
1029 4143 1113 4202 euim
1142 4141 1253 4203 habuit

89 4243 242 4305 civitates
273 4259 427 4326 magnas,
459 4243 575 4326 plenas
602 4246 798 4328 gigantibus.
842 4243 934 4321 eros
955 4245 984 4306 si
1006 4242 1062 4305 iiiii
1095 4244 1231 4307 lsrael
1222 4265 1255 4308 ιιι

89 4349 192 4433 primo
213 4363 350 4429 agressu
371 4347 542 4425 vidissent,
566 4350 689 4436 reversi
711 4350 744 4411 iu
760 4348 944 4431 Aegyptum
968 4347 1106 4412 fuissent
1127 4359 1256 4432 propter

992 4445 1045 4506 26*
