2896 4872
576 183 1095 302 '·ao..'''

201 391 376 486 aexteram
420 415 516 488 ,liano
544 409 670 480 (ianam
699 415 814 498 postea
841 385 1054 481 describam.¹
1071 419 1166 490 istae
1188 439 1278 506 ergo
1304 433 1387 486 suut

200 523 343 610 quinque
361 495 571 604 metropoles
579 521 666 584 illius
687 512 829 604 regionis
850 501 1065 617 Palaestinae,
1086 525 1214 605 plures·
1222 530 1317 591 alias
1339 532 1385 590 ci-

139 633 143 640 '
199 631 320 692 vitatas
340 627 401 690 sub
431 643 469 688 se
491 613 669 688 hahentes.
693 613 929 708 Processimus
954 645 1032 710 ergo
1053 645 1113 711 per
1132 631 1234 713 plana
1255 633 1381 698 Palae-

201 735 311 798 stinae
351 739 464 796 contra
496 740 639 794 anstrum
690 739 723 794 et
756 731 912 795 meniana
933 732 1092 810 Judaeae
1128 736 1169 797 ad
1206 738 1379 798 sinistram

129 865 133 874 ·
170 839 400 918 habuimus,
418 853 507 898 marc
524 831 604 897 vero'
632 835 950 922 mediterranenmin
980 837 1093 901 dextro
1116 841 1230 921 latere,
1262 850 1299 902 et
1328 843 1378 903 ita

168 983 180 1020 .·
200 922 269 1008 loto
292 941 345 1006 die
365 943 398 1005 in
412 939 578 1028 ardoribus
600 929 680 1002 solis
701 927 924 1028 itineraiimns
944 961 1051 1028 usque
1070 942 1191 1024 adeius
1209 943 1371 1004 declina-

26 1067 29 1074 ·
112 1061 116 1068 *
144 1063 161 1070 ’·
200 1052 331 1112 tloncru.
373 1047 420 1110 lu*
432 1062 550 1107 occasu
573 1043 656 1108 solis
683 1047 833 1138 venimus
860 1045 900 1123 ad
921 1047 1091 1141 ,quandam
1117 1047 1234 1128 villam,
1269 1065 1368 1132 qnae

139 1147 143 1154 ’
166 1145 170 1154 ’
203 1153 326 1216 dicitnr·
340 1149 513 1229 Zacharia,
533 1158 565 1211 et
585 1149 619 1209 in
642 1143 863 1232 diversorium,
887 1153 971 1234 qnod
992 1141 1199 1216 sotevillam
1221 1145 1282 1234 est,
1306 1152 1374 1215 de-

169 1261 173 1269 '
203 1257 396 1320 clinavimus
425 1263 457 1316 et
478 1255 525 1317 lbi
549 1254 673 1317 bes'tias
693 1256 940 1338 exoneravimns
971 1267 1003 1319 et
1031 1257 1073 1320 ad
1101 1257 1298 1342 manendum
1327 1249 1373 1318 ihi

201 1369 406 1445 pernoctem
429 1359 737 1442 ncs'disposu'imus.
781 1361 860 1422 Erat
881 1371 986 1428 autem
1009 1361 1223 1426 diversorium
1245 1364 1381 1444 spatio·

201 1482 272 1528 sum
294 1483 367 1528 cam
389 1463 534 1547 pluribus
564 1463 703 1526 stabulis
725 1472 757 1527 et
778 1466 969 1540 habitaculis
998 1475 1030 1528 et
1061 1469 1220 1549 munitum
1245 1477 1278 1534 et
1301 1483 1369 1526 mu-

201 1579 322 1652 ratum,
350 1571 444 1652 qnasi
466 1577 623 1651 castrum,
651 1587 713 1631 nec
741 1589 838 1632 orrum
867 1572 1026 1634 homiuem
1054 1574 1086 1642 iu
1118 1591 1156 1633 eo
1180 1559 1366 1652 reperimus

189 1657 333 1739 'Locatis
352 1675 460 1756 igitur
490 1674 607 1736 bestiis
628 1681 678 1736 ‚et
710 1676 807 1753 rebus
840 1677 1026 1758 compositis
1058 1677 1284 1748 ,instruximus
1314 1692 1364 1756 pro
1423 1663 1424 1688 l

202 1775 305 1844 coena
333 1769 368 1840 'el
392 1795 451 1860 pro
478 1775 577 1860 liguis
606 1777 798 1860 colligendis
825 1785 895 1863 p'er,
912 1797 1043 1863 campos
1084 1761 1300 1842 discurrimus
1318 1785 1364 1846 ,οι

195 1869 300 1968 ‘sepes
332 1870 480 1966 agrorum
515 1892 547 1965 ιιι
575 1881 739 1946 hortorum
767 1883 1006 1968 discerpsimns,
1036 1877 1363 1967 quapropter'rnatiei

144 2069 151 2076 η
202 1983 375 2054 Sarraceni
396 1994 602 2050 accurrentes
630 2003 702 2050 oum
724 1989 884 2071 lapidibus
908 1989 1166 2069 insequebantur·
1181 1999 1246 2051 nos
1268 2005 1362 2069 usque

191 2077 234 2158 ¹in
257 2095 479 2162 diversorium.
496 2091 675 2164 Nencrunt
696 2101 801 2155 antem
820 2094 1049 2176 aliqui'rustici
1070 2101 1244 2173 portantes
1266 2091 1362 2174 pullos

119 2239 123 2248 ·
204 2209 239 2263 et
259 2200 398 2281 gallinas
419 2206 451 2260 at
466 2210 587 2280 panem
611 2206 643 2260 et
664 2204 796 2281 aquam,
818 2197 995 2281 dequibus
1016 2199 1151 2260 emimus
1174 2205 1209 2280 et
1230 2204 1362 2260 mactata

199 2302 346 2366 volatilia
358 2302 504 2364 coximus
524 2309 557 2363 et
570 2299 742 2382 jocundam
753 2305 791 2364 ‘et
809 2299 921 2365 borram
934 2281 1266 2366 'coenam'habuimus¹
1293 2301 1363 2362 Poal

201 2423 334 2469 comtum
355 2408 471 2468 ostium
486 2405 658 2470 diversorii
680 2397 898 2469 obstruximus
926 2406 1140 2470 advolventes
1161 2423 1363 2488 saxa-grau-

201 2510 254 2592 dia
267 2518 299 2571 et
312 2507 410 2592 sup'er
424 2530 532 2574 muros
543 2507 1013 2597 posuimuscustodesprapter
1024 2513 1154 2580 timores
1172 2517 1362 2573 nocturnos:

201 2615 365 2679 timuimus
397 2615 481 2677 enim
488 2660 499 2698 ,
529 2634 572 2677 ne
605 2617 688 2680 forte
713 2612 796 2682 alins
823 2598 986 2678 caercitns
1015 2618 1112 2686 etlam
1135 2614 1261 2677 veniret
1283 2612 1364 2682 etsi

145 2763 149 2772 -
200 2719 314 2784 tortior
334 2721 427 2783 nohis
450 2701 585 2805 lnffiset,
615 2739 676 2785 nos
699 2720 739 2782 de
772 2719 949 2782 diversorio
979 2721 1161 2802 repulisset.
1203 2715 1366 2778 Slo.enim

203 2826 302 2890 moris
324 2833 375 2888 est
401 2825 488 2888 lllius
508 2827 645 2908 patriae,
675 2818 760 2907 quod
782 2825 894 2888 fortior
919 2823 961 2886 de
986 2825 1127 2906 hospitio
1153 2821 1242 2904 ejicit
1275 2820 1365 2883 debi-

201 2932 329 3014 liorem3
368 2919 441 2994 ideo
472 2929 513 2993 ad
554 2929 788 2994 defendendum
828 2947 888 2992 nos
919 2929 1136 3011 disposuimus
1169 2936 1204 2988 et
1239 2925 1364 3008 lapides

182 3029 322 3098 'multos
344 3053 443 3117 super
463 3053 571 3126 muros
600 3037 801 3116 portavimus
838 3032 879 3095 ad
904 3034 1124 3096 obsistendum
1159 3030 1361 3095 nocentibus.

200 3141 407 3205 Adhaerebat
428 3147 538 3202 nostro
559 3139 737 3202 diversorio
758 3156 824 3200 una
852 3138 1006 3200 muschea
1033 3139 1182 3221 pulchra,
1213 3138 1249 3201 in
1273 3153 1364 3221 quam

201 3263 260 3326 per
287 3245 443 3308 foramina
471 3244 643 3330 testudinis
670 3245 845 3344 potuimus·
856 3239 1061 3325 prospicere,
1096 3241 1172 3324 (ta
1194 3249 1241 3318 ιι)
1284 3241 1364 3304 unde

201 3348 331 3430 qnidam
354 3350 545 3433 peregrinus
575 3356 671 3410 nocte
698 3365 757 3428 per
783 3347 926 3408 foramen
956 3349 988 3410 in
1021 3363 1092 3410 eam
1124 3347 1364 3422 stercoriaavit‚

176 3521 179 3526 ,
201 3469 273 3514 cnm
296 3472 359 3536 quo
379 3472 439 3516 nos
460 3455 694 3517 anaxarchum
717 3451 890 3534 periculum
909 3453 1037 3532 ‚posnit,
1063 3447 1169 3512 tamen
1192 3460 1365 3533 antequam

151 3547 156 3556 ’
198 3559 275 3640 quis
312 3558 497 3622 muscheam
531 3559 679 3637 intraret,
719 3567 779 3618 uos
811 3539 1061 3634 recesseramus.
1116 3555 1224 3638 Prope
1270 3559 1363 3618 ιιιίιιιι

181 3671 280 3725 -erat-
302 3658 459 3748 quaedam
485 3655 921 3756 cisternaproirn'tdissima',
947 3659 990 3728 'de
1019 3679 1081 3743 qna
1096 3677 1227 3742 ‚magara
1257 3661 1368 3723 labora

202 3769 286 3829 hona
308 3767 534 3831 extrahebatur
553 3785 646 3848 aqua.
672 3766 851 3836 Pretiosac
861 3766 966 3836 suut
958 3785 990 3826 ιιι
1012 3766 1085 3827 istis
1099 3764 1185 3828 locis
1203 3765 1371 3827 cisternae

82 3887 86 3893 ·
112 3887 114 3892 ’
202 3879 251 3954 ct
267 3889 384 3961 aqua
388 3871 497 3934 brevis
535 3881 568 3934 et
596 3888 680 3934 cara.
741 3868 849 3957 Unde
873 3869 909 3938 S.
950 3869 1154 3964 patriarchae
1189 3867 1371 3952 Abrabam,

103 4033 120 4040 .,
202 3945 297 4037 isaac
318 3984 350 4065 et
371 3975 475 4039 Jacob
497 3977 648 4058 leguntur
668 3974 779 4056 plures
800 3950 923 4047 fodisse
943 3984 1099 4063 puteos,
1103 3979 1141 4034 et
1153 3972 1265 4055 litigia
1288 3977 1374 4038 inter

112 4101 114 4106 ·
201 4093 297 4155 reges
318 4059 387 4138 orta
406 4077 508 4139 fuisse
529 4089 659 4170 propter
689 4089 820 4160 puteos,
853 4087 887 4139 ut
912 4087 1003 4160 patet
1022 4075 1143 4140 Genea.
1165 4077 1218 4140 ιθ.
1263 4079 1375 4178 ¹Igitur

201 4182 298 4235 nocte
319 4176 489 4257 ingruente
507 4181 675 4258 posuimus
697 4182 756 4242 nos
784 4169 954 4244 dormitum
984 4174 1083 4270 snpra
1108 4173 1189 4250 ιιιιιιι
1210 4171 1374 4250 ambitum

78 4315 82 4324 .
172 4261 177 4272 ”
201 4254 261 4330 snb
282 4275 356 4355 dio,
375 4280 450 4356 qnia
471 4277 609 4339 cellulae
630 4291 720 4344 erant
742 4283 931 4346 immundae.
1002 4356 1008 4366 ι
