2842 4882
495 282 670 366 'aar

48 486 144 550 Sicut
165 491 272 551 antem
283 481 405 548 Arabia
425 481 481 546 illa
493 479 622 546 deserta
643 487 695 547 est
715 488 803 548 tarra
822 480 1046 548 infelicissima
1068 487 1103 546 ot
1123 478 1221 546 valde

49 590 146 673 mala,
167 574 346 653 itaArabia
366 587 444 676 alia,
455 584 534 650 felix
554 585 651 666 dicta,
672 593 723 650 est
744 583 936 658 felicissima
955 595 989 650 ct
1009 586 1107 652 volde
1126 587 1221 676 bona,

50 713 138 778 quae
158 691 318 778 quondam
340 690 499 756 Cadrusia
526 689 586 754 fuit
612 689 713 772 dicta,
748 687 836 753 hand
872 689 970 773 louge
1006 691 1047 754 ab
1069 688 1221 774 Aegypto

50 798 189 863 distans.
230 800 354 861 Aurum
382 797 416 859 in
447 813 487 857 ea
517 792 674 877 abundat,
702 791 788 877 quod
810 813 830 854 e
850 795 1009 870 cuniculis
1036 794 1124 858 nulla
1151 802 1223 862 arto

52 904 151 982 iactis
173 901 343 985 effodiunt,
366 897 438 964 non'
462 899 592 983 quidem
618 896 705 981 qnod
735 898 813 980 igno
842 899 1039 982 exprimunt,
1060 897 1120 962 sed
1151 899 1224 981 ipsa

51 1017 166 1072 natura
196 1017 326 1090 purum*
345 1025 387 1071 ex
417 1005 515 1070 burno
540 1001 689 1086 producit
715 1002 747 1068 in
775 1002 869 1066 nucis
900 1003 1089 1086 quantitate.
1131 1003 1224 1064 llaec

51 1113 174 1194 Arabia
195 1112 291 1196 etiam
313 1111 401 1176 Saba
421 1109 556 1191 dicitur,
578 1103 607 1170 a‘
619 1107 751 1180 civitate
771 1107 892 1190 insigni
918 1101 1012 1190 ejus,
1035 1125 1119 1190 quae
1140 1115 1227 1178 terra

51 1237 172 1299 eornm,
194 1235 278 1299 quae
299 1214 383 1297 apud
405 1231 466 1278 nos
485 1212 819 1294 suntpretiosissima,
842 1211 904 1274 fort
932 1220 965 1274 et
986 1214 1073 1302 omni
1095 1210 1237 1296 pecoris.

51 1339 174 1404 genero
200 1329 253 1386 est
281 1321 421 1403 copiosa
464 1316 626 1382 odoribus
656 1317 752 1380 etiam
783 1317 957 1399 suavibus,
986 1334 1068 1399 quos
1103 1315 1225 1400 passim

51 1435 169 1489 natura
188 1425 304 1508 gignit,
327 1442 438 1488 omnes
459 1424 607 1486 nationes
629 1429 770 1504 superat.
799 1422 837 1482 In
858 1421 1026 1486 maritimis
1047 1420 1130 1486 locis
1151 1419 1239 1508 balae
1274 1499 1278 1504 Ι

52 1548 165 1596 samus
181 1531 286 1596 oritur
301 1535 337 1592 'et
358 1529 466 1596 cassia
486 1537 518 1592 et
538 1529 573 1589 in
595 1527 689 1624 silssvis
710 1525 781 1608 ejus
809 1543 946 1610 magnae
967 1535 1044 1590 sunt
1061 1527 1164 1610 thuris
1192 1533 1226 1588 et
1263 1514 1273 1592 ’,.

51 1653 180 1718 myrrae
201 1635 350 1716 arbores,¹
363 1633 490 1718 palmae
510 1633 653 1714 insuper,
676 1631 849 1700 arundines
871 1649 910 1695 ac
929 1631 1140 1698 cinamomum
1162 1639 1224 1696 etc.

52 1739 171 1822 Neque
192 1741 277 1804 enim
308 1738 421 1804 referri
442 1745 578 1820 possunt
608 1735 809 1818 singulorum
830 1737 975 1819 specics,
997 1755 1082 1820 quae
1113 1745 1227 1800 natura
1304 1797 1309 1812 x

56 1844 140 1908 adeo
163 1845 334 1912 affluenter
351 1844 384 1906 in
396 1861 437 1904 ea
458 1842 659 1924 aggregavit.
688 1840 740 1902 De
762 1841 824 1904 hoc
843 1840 921 1904 vide
932 1840 1106 1905 Diodorum
1121 1840 1160 1905 Ir.
1171 1818 1226 1904 Ill.

56 1947 94 2012 C.
119 1949 192 2015 ΧΗ.
216 1958 248 2012 et
269 1949 307 2012 11·
330 1948 389 2012 lV.
432 1948 525 2009 llaec
547 1944 664 2012 fertilis
695 1953 728 2008 et
749 1945 828 2012 felix
856 1953 944 2008 terra
964 1945 1142 2032 intantum
1164 1945 1229 2014 ‹nf-

57 2052 120 2113 sert
142 2051 182 2114 ab
204 2051 261 2112 illa
279 2052 341 2112 sibi
361 2051 469 2113 vicina
490 2048 613 2113 Arabia
632 2047 771 2114 Petraea
802 2059 835 2113 et
856 2050 1002 2132 deserta,
1023 2067 1063 2112 ac
1090 2050 1229 2120 sifmille

56 2157 98 2220 ab
120 2174 159 2217 ea
181 2153 316 2220 distaret
336 2154 493 2218 milliaria.
522 2155 616 2217 Haec
637 2153 766 2218 deserta
780 2154 957 2220 Arabiand
978 2171 1129 2218 occasum
1151 2173 1230 2217 ver·-

55 2261 106 2344 git
128 2268 161 2322 et
183 2277 321 2326 arenosa
341 2268 391 2324 est
414 2259 554 2341 penitus,
576 2268 609 2321 ct
630 2261 684 2342 'qui
699 2278 763 2342 per
785 2277 856 2326 eam
875 2263 937 2326 iter
958 2260 1091 2343 iaciunt,
1114 2276 1229 2342 quem-

58 2364 229 2428 admodum
258 2345 305 2427 in'
320 2366 400 2428 mari
429 2372 547 2428 nautae
567 2364 660 2434 Arcti
695 2366 807 2450 (arcti)
837 2366 933 2452 signa
959 2365 1061 2432 duces
1092 2366 1227 2432 habent..
1282 2375 1289 2387 '

54 2471 93 2534 In
115 2471 178 2536 hcc
199 2479 305 2534 autem
336 2469 407 2550 loco
437 2469 543 2534 solum
576 2469 743 2538 locuturus
772 2488 844 2536 sum
873 2471 915 2536 de
945 2471 1119 2550 solitudine
1146 2470 1228 2556 Syn,

58 2593 144 2658 quae
165 2593 185 2638 a
205 2579 292 2638 terra
314 2584 428 2638 sancta
455 2577 568 2658 incipit
595 2584 629 2638 et
660 2574 703 2642 nd
724 2574 860 2638 radices.
875 2576 995 2641 montis
1017 2575 1122 2660 Synal
1143 2586 1175 2640 ct
1196 2577 1230 2641 in

57 2680 219 2746 littoribus
238 2681 335 2744 maris
357 2681 443 2744 rubri
465 2679 573 2747 linitur
592 2681 626 2743 in
650 2680 818 2762 provincia
844 2679 986 2760 llladiau.
1009 2678 1104 2760 Quod
1122 2677 1230 2746 autem

56 2802 151 2850 anons
166 2783 275 2866 Synai.
289 2786 332 2850 sit
353 2787 386 2848 in
400 2785 532 2866 Arabia,
553 2792 642 2872 patet
663 2803 721 2866 per
741 2785 934 2867 Apostolum
955 2784 1064 2850 Galol.
1084 2786 1155 2868 1V.,
1176 2783 1231 2850 ubi

58 2887 155 2952 dicit:
177 2886 270 2970 Syna
291 2889 375 2962 enim
405 2907 499 2952 mons
521 2897 579 2964 est
604 2889 637 2950 in
658 2885 858 2973 distinqui
887 2887 1081 2971 conjunctus
1119 2899 1170 2954 cst
1191 2891 1232 2966 ei,

58 2995 114 3074 qni
138 3009 224 3057 nunc
244 3001 296 3057 eat
307 2991 498 3057 Jerusalem.
522 2991 686 3074 Similiter,
710 2993 838 3075 quando
860 2994 941 3058 dicit
958 2995 1088 3078 Haymo
1112 2993 1154 3060 ad
1175 2994 1232 3059 lit-

58 3106 176 3160 teram:
200 3094 293 3178 Syna
313 3105 367 3157 ost
388 3115 481 3162 mons
501 3097 660 3179 Arabiae,
683 3099 738 3179 qui
758 3116 820 3163 suo
840 3096 1070 3186 mngnitudine
1085 3099 1235 3180 diversas

57 3201 245 3284 provincias
267 3201 371 3282 tangit
400 3209 434 3264 et
456 3215 527 3266 'sua
552 3203 757 3286 extremitate
781 3203 978 3286 conjunctus
999 3213 1053 3270 cst
1072 3205 1235 3271 montibus
1261 3239 1264 3243 ·
1321 3201 1324 3206 ’

57 3315 166 3371 terrac
192 3305 434 3390 promissionis,
464 3307 498 3370 in
526 3310 644 3391 quibus
673 3317 724 3374 est
742 3309 937 3376 Jerusalem.
979 3309 1056 3374 ldco
1084 3318 1153 3374 tota
1179 3309 1235 3378 itta
1321 3292 1337 3320 ⁹

60 3409 204 3474 solitudo
227 3409 343 3476 dicitur
360 3410 444 3494 Syn,
459 3430 543 3494 quae
563 3422 670 3478 tamen
692 3414 787 3496 habet
805 3415 925 3486 mullas
945 3413 1137 3488 solitudines
1158 3421 1235 3497 parss

59 3514 236 3598 ticulares,
263 3524 299 3578 ut
319 3505 523 3582 solitudinem
545 3519 669 3600 lithan,
696 3519 806 3601 Mara,
828 3518 953 3602 Helim,
975 3520 1130 3604 Daphnea,
1161 3519 1235 3582 aliis

56 3610 260 3704 Rapbadim,
282 3620 443 3705 meroth,
465 3621 629 3708 Rechma,
650 3609 830 3704 canenti
861 3630 1018 3708 caetera,
1037 3625 1124 3694 sicut
1143 3632 1235 3710 patet

57 3725 228 3790 Numeros.
253 3723 291 3790 C.
314 3727 366 3792 3³.
399 3727 473 3792 Hae
499 3737 606 3794 autem
627 3727 820 3808 solitudines
842 3715 928 3791 nnnc
948 3727 1014 3792 alia
1036 3730 1155 3796 babent
1173 3748 1235 3792 nc·-

59 3829 147 3892 mina
162 3830 303 3913 arabica,
316 3832 400 3896 sicut
422 3834 545 3915 patebit
566 3836 600 3920 in
621 3850 778 3915 processu
798 3831 1065 3918 peregrinationis
1082 3830 1123 3896 de
1142 3849 1236 3896 man-

58 3931 208 3998 sionibus
239 3937 499 4020 peregrinorum,
521 3941 554 4001 in
582 3939 701 4020 quibus
731 3937 833 4004 lixere
859 3938 1006 4002 tentoria.
1050 3935 1166 4017 Qualis
1193 3937 1253 3999 sit·
1296 3973 1299 3978 ι

59 4052 139 4116 ergo
171 4035 228 4099 illo
248 4039 398 4116 scotitudo
426 4050 459 4104 ot
488 4044 619 4126 quantis
647 4041 828 4106 defectibus
851 4041 1035 4125 subjaceat,
1063 4043 1097 4106 in
1125 4040 1236 4106 multis

59 4140 140 4207 locis
173 4156 268 4204 sacra
289 4141 456 4225 Scriptura
484 4147 646 4228 enunciat.
688 4145 875 4218 Notandum
906 4156 1027 4222 tamen,
1049 4145 1135 4228 quod
1170 4144 1237 4208 de-

58 4251 181 4308 sertum
203 4243 328 4311 dicatur
347 4259 483 4331 quatuor
505 4251 619 4318 modis.
655 4251 763 4318 Primo
792 4251 887 4321 modo
917 4251 1034 4319 dicitur
1062 4250 1154 4315 locus
1176 4248 1238 4313 dc-

57 4357 181 4414 scrtum
203 4349 258 4415 vcl
278 4349 447 4436 toronos,
459 4355 494 4420 in
515 4373 581 4440 qno
600 4365 811 4440 possotcaso
826 4357 991 4441 habitatio,
1007 4355 1067 4422 sod
1089 4376 1152 4422 non
1174 4364 1236 4441 ost,

395 4459 402 4472 ¹
957 4457 991 4519 2⁵
1005 4459 1022 4498 ⁴¹
