2842 4882
593 243 597 250 .
678 237 745 307 m
782 195 787 212 ἱ

128 421 263 488 redaota
294 430 364 504 eet,
396 441 482 508 quae
517 421 645 487 deserta
678 419 800 487 dieitur
824 393 935 486 Aetor.
963 419 1056 492 Vlll.
1087 420 1207 486 'Nove
1237 438 1300 486 an·

127 536 195 592 tem
225 527 322 592 lrodie
352 529 491 612 insignis
520 529 638 592 olvitas
669 527 876 592 Palaestinae
905 533 976 609 est,
1008 528 1042 591 in
1071 524 1169 610 duplo
1198 526 1300 608 major

128 651 227 716 qnam
260 634 304 696 sit
330 633 531 718 Jerusalem,
562 633 721 717 populosa
750 642 784 696 et
815 632 957 716 pinguis.
999 630 1094 696 Unde
1120 630 1300 716 vulgariter

127 735 290 820 loquendo
315 745 368 800 est
386 738 479 800 ‘fossa
501 739 626 822 butyri,
648 745 683 801 et
703 739 811 802 omnia
832 737 874 800 ad
906 739 1079 800 humanam
1101 737 1200 799 vitam
1222 745 1300 818 per-

127 843 268 905 tinentia
288 852 364 906 sunt
385 843 430 906 ibi
449 844 483 906 in
505 844 598 926 eopia
625 852 674 906 et*
691 845 774 907 bono
797 843 879 909 loro.
919 843 982 904 'l'ot
1002 842 1053 905 ibi·
1067 842 1201 905 arborea
1220 849 1299 904 snat

5 953 6 992 ι
126 946 321 1032 palmarum,
343 947 429 1031 quod
450 949 568 1012 civitas
587 945 716 1012 videtur
733 947 844 1031 jaoere
864 949 903 1022 inv
920 945 1014 1010 silva.
1055 945 1177 1011 llomos
1197 946 1299 1010 trahet

126 1050 235 1114 luteos
266 1061 300 1115 et
330 1054 483 1136 miseras,
516 1053 576 1116 sed
597 1053 769 1117 mnaolmas
790 1049 827 1116 et
843 1053 1006 1116 aestuaria
1026 1042 1125 1130 ualde
1143 1051 1298 1134 pretiosa,

113 1141 268 1222 ‘nonest
298 1159 547 1244 murocincto,
574 1159 634 1222 sed
666 1167 772 1223 turrea
802 1156 923 1225 multas
961 1165 994 1220 et
1024 1156 1109 1220 altas
1138 1155 1235 1219 habet
1256 1156 1297 1218 at

126 1261 223 1324 lutra.
254 1263 315 1325 llst
337 1263 453 1326 eivitas
470 1263 648 1348 morimur,
669 1281 734 1327 non
754 1271 862 1326 mmm
883 1279 984 1344 prope
1004 1277 1104 1344 snper
1123 1261 1200 1324 litus
1220 1260 1295 1342 sito,

128 1367 190 1429 sed
204 1365 253 1429 ‘ad
284 1385 380 1430 unum
412 1369 607 1435 teutonicum
636 1367 781 1433 millrure.
824 1366 1002 1450 Nootibns,
1036 1364 1164 1450 quando
1190 1364 1298 1428 omnia

127 1471 283 1534 tenebant
303 1472 474 1556 silentium,
488 1471 671 1537 andivimus
691 1476 725 1537 in
750 1482 861 1538 nostre
882 1474 973 1536 ouria
990 1473 1131 1535 sonitum
1149 1479 1183 1533 et
1197 1469 1297 1532 maria

128 1575 277 1658 rugitum.
320 1577 415 1640 Multi
436 1587 632 1643 mercatores
652 1579 687 1642 in
718 1577 814 1642 Gaza
834 1578 979 1642 resident
1006 1578 1133 1640 etoooi
1156 1574 1294 1658 plurimi,

127 1691 161 1744 et
181 1681 231 1746 est
251 1683 285 1746 in
307 1702 346 1747 ea
366 1684 522 1748 mirabilis
544 1684 687 1768 gentium
715 1666 901 1746 commixtio
922 1682 1135 1746 diversarum.
1176 1678 1294 1742 Plures

125 1796 202 1850 sunt
222 1788 481 1877 ibiVAethiopes,
513 1788 605 1852 multi
631 1788 777 1871 Arabes,
805 1787 961 1874 Aepyptii
982 1797 1014 1852 et
1044 1787 1138 1871 Syri,
1168 1783 1239 1847 lndi
1260 1791 1294 1846 et

127 1891 307 1956 (llrristiani
340 1894 536 1977 orientales,
574 1891 654 1956 nulli
681 1892 800 1956 Latini
853 1894 1012 1978 'l'empore
1043 1893 1156 1956 ultimo
1193 1886 1295 1950 chri-

113 1999 306 2060 'stlanorum
343 2008 412 2062 erat
450 2000 494 2061 tlri
531 2000 636 2063 bonus
669 2006 702 2060 et
736 1998 931 2062 honorabilis
971 1999 1186 2082 episoepatns.
1236 1990 1292 2055 nd

127 2100 439 2176 commendationem
471 2116 550 2163 vero
578 2100 675 2184 hujus
707 2103 851 2166 civitatis
885 2102 949 2166 duo
983 2103 1102 2166 notavi.
1141 2099 1294 2178 Primum,

127 2206 214 2290 quod
247 2206 324 2268 milri
355 2222 420 2268 nou
448 2203 597 2290 ridetur,
626 2206 714 2291 quod
745 2225 896 2292 nmquam
917 2208 1022 2271 looom
1046 2206 1101 2271 vel
1129 2205 1293 2269 eivitetem

125 2310 281 2393 viderim,
312 2311 345 2373 in
374 2299 575 2393 quaomnia
602 2314 734 2375 sintin
763 2321 827 2376 tum
856 2316 941 2380 bono
966 2315 1055 2398 foro,
1084 2329 1169 2396 quae
1198 2310 1293 2372 lrorno

126 2413 300 2498 desiderat,
323 2417 409 2488 sicin
429 2417 462 2478 in
485 2413 587 2480 (iana.
632 2416 784 2482 Secundo
811 2419 959 2483 homiues
991 2428 1068 2482 mint
1087 2417 1132 2481 ibi
1153 2413 1292 2499 pretet,

123 2539 297 2605 numquam
319 2521 404 2584 enim
426 2522 605 2585 molestiam
626 2524 802 2586 intulemut
823 2524 918 2588 uobis
937 2523 1091 2606 aliquam,
1104 2539 1166 2585 neo
1184 2515 1293 2585 vexa-

124 2633 200 2690 runt
230 2643 308 2711 nos,
336 2627 421 2690 sieut
447 2627 481 2688 in
501 2627 606 2690 Roma
627 2637 660 2691 et
687 2630 834 2712 Joppeu,
870 2639 902 2692 et
924 2636 1116 2712 tamenper
1141 2628 1235 2690 vieos
1257 2632 1292 2688 et

125 2732 250 2814 plateas
271 2731 405 2793 cottidie
425 2712 522 2794 oruoe
541 2717 661 2814 signati
683 2738 882 2798 enourrimus
914 2742 948 2798 et
970 2751 1041 2798 oum
1064 2734 1113 2796 eis
1134 2737 1292 2793 tmotatus

125 2835 295 2898 habuimus
318 2837 392 2897 sine
410 2836 498 2896 omni
529 2837 686 2900 molestia
721 2839 800 2921 Ego
821 2838 1014 2924 aliquotiens
1036 2837 1128 2902 solus
1149 2839 1184 2895 in
1206 2833 1292 2898 olbis

126 2937 282 3002 incedens
303 2938 438 3000 transivi
470 2939 567 3022 longe
593 2941 725 3004 eorrria
751 2951 862 3007 nostra
900 2954 933 3007 ot
961 2960 1131 3026 numquam
1162 2941 1291 3002 unicum

126 3043 369 3127 opprobriosum
385 3041 509 3106 audivi.
547 3045 675 3107 Vemm·
691 3035 835 3135 lroo'uon
856 3051 1006 3112 omnibns
1026 3044 1216 3130 peregrinis,
1235 3041 1293 3125 qni

126 3157 201 3210 ante
221 3164 283 3211 nos
303 3148 348 3210 ibi
370 3166 488 3210 moram
511 3158 691 3233 traxerant,
714 3151 841 3230 aeoidit,
864 3153 923 3216 sed
943 3162 979 3216 nt
1000 3152 1066 3234 legi
1087 3151 1120 3212 in
1142 3148 1292 3229 peregri-

126 3253 262 3336 uelibns,
286 3253 415 3337 qnidam
435 3255 480 3318 ibi
502 3255 633 3318 multum
670 3255 810 3320 tribulati
849 3257 987 3321 fuerant.
1029 3255 1071 3318 llt
1093 3260 1216 3317 tanturn
1250 3249 1292 3314 de

126 3358 187 3421 hae
209 3358 351 3424 ciuitate.

124 3597 379 3713 consideratio
403 3635 508 3714 trium
529 3645 619 3756 onte,
638 3637 778 3716 deserti
799 3599 1004 3740 ingressum
1025 3650 1086 3716 est
1105 3639 1165 3716 hio
1180 3660 1289 3742 proe-

194 3755 356 3876 notendo
365 3809 376 3852 ,
411 3757 555 3836 stilioet
578 3757 628 3834 de
648 3759 784 3852 amum,
821 3761 971 3838 oemelis
1003 3771 1043 3840 et
1066 3761 1115 3838 de
1136 3760 1218 3863 ipso
1345 3808 1348 3818 .

230 3917 233 3925 ·
572 3895 577 3902 '
596 3877 803 3957 solitudine.

138 4095 140 4098 ·
204 4077 387 4160 Antequam
419 4079 637 4164 ingrediamur
675 4080 855 4166 desertum,
890 4092 926 4146 ut
958 4083 1031 4168 ipsa
1068 4079 1284 4165 peregrinatio

124 4179 241 4244 deserti
262 4181 382 4254 elarius
400 4193 527 4269 pateat,
549 4186 610 4248 tria
630 4195 707 4249 aunt
728 4187 976 4272 praemittenda,
999 4186 1040 4251 de
1063 4186 1181 4270 quibos
1203 4203 1284 4248 oon·

123 4286 212 4350 tinna
231 4289 371 4352 mentio
402 4289 439 4352 tit
476 4291 511 4354 in
552 4291 773 4376 sequentibus.
828 4291 970 4355 Primum
1012 4296 1065 4353 est
1108 4290 1284 4373 descriptio
