2926 5050
176 626 263 711 oepit
272 624 457 690 Antiochus
472 620 579 706 junior
600 631 632 686 et
645 622 763 687 multas
777 621 944 688 molestias
973 641 1015 687 ex
1025 641 1065 688 eo
1080 621 1185 704 intulit
1196 622 1348 712 ludaeis,

175 741 211 794 ut
232 729 351 794 dieitur
369 730 393 793 2
412 730 559 794 blaeeab.
584 729 622 793 ll
645 736 679 790 el
701 728 754 798 13.

260 834 313 897 Ab
336 832 401 896 alia
420 841 512 916 parte
533 831 651 895 montis
673 840 723 894 est
746 831 823 898 lons
839 829 913 912 ille,
935 831 969 893 ln
997 849 1060 913 quo
1080 830 1248 915 Philippus
1260 830 1346 913 bap-

176 939 292 1002 ttmvtt
313 936 506 1019 eunuchum,
527 943 563 998 ut
582 951 643 998 suo
662 935 734 1000 loeo
755 934 885 1018 patebit.

257 1041 479 1105 llellethsura
493 1045 545 1102 est
563 1048 733 1121 respeotus
749 1055 855 1123 usque
875 1041 910 1102 iu
926 1038 1123 1124 Jerusalem,
1145 1047 1179 1102 et
1194 1045 1345 1124 poteraut

174 1147 224 1230 hi,
254 1147 364 1232 quiin
384 1145 544 1208 bethsura
569 1144 775 1226 habitabant,
806 1140 884 1206 dare
912 1145 1009 1227 sigua
1028 1145 1098 1227 his,
1123 1144 1182 1227 qui
1210 1144 1245 1206 iu
1266 1159 1345 1206 aree

174 1253 264 1337 Syon
287 1258 396 1333 erant,
418 1258 452 1312 et
472 1267 492 1312 e
512 1264 686 1330 converso,
721 1254 867 1331 tempore
888 1247 1056 1317 bellorum.
1097 1245 1344 1329 Consequeuter

173 1367 279 1422 antem
298 1355 491 1422 bethsuram
512 1353 786 1437 posttergavimus
806 1357 841 1416 et
865 1368 925 1434 per
948 1351 1067 1416 vallem
1087 1349 1326 1416 descendimus

352 1601 413 1678 De
437 1602 539 1679 sonte
564 1603 798 1680 beatissimae
824 1601 988 1702 Virginis
1013 1601 1166 1678 Mariae.

260 1785 340 1848 l’oat
362 1783 556 1847 deaoensum
578 1786 661 1846 satta
682 1783 813 1866 longum
834 1785 985 1848 venimus
1004 1785 1088 1848 inter
1109 1782 1192 1848 duos
1221 1783 1342 1847 monti·

176 1890 269 1956 eulos
301 1889 342 1952 ad
373 1906 471 1951 uuum
504 1888 626 1952 iontem
654 1888 688 1950 in
716 1886 821 1952 modio
843 1886 1086 1952 monticulorum
1118 1895 1341 1968 emanantem,

174 1994 314 2080 rigidas,
346 1993 452 2056 olaras
472 1998 507 2054 et
528 2008 627 2055 sanas
656 2009 759 2077 aquas
790 1994 979 2075 habentem,
1014 1993 1070 2075 qui
1098 1977 1236 2054 effluens
1263 1990 1342 2068 val-

170 2101 234 2164 lem
265 2097 438 2184 pertransit
469 2097 638 2178 ipsamque
677 2097 789 2179 irrigat
832 2105 865 2158 et
902 2097 1093 2180 foecundat,
1127 2104 1168 2158 ot‘
1191 2095 1341 2178 perutilis

172 2212 225 2268 est
262 2203 312 2267 illi
343 2200 475 2286 patriae.
531 2202 629 2263 Hune
658 2201 780 2266 iontem
819 2200 932 2264 dieunt
968 2201 1091 2263 meritis
1130 2199 1341 2263 beatissimae

172 2309 299 2374 Mariae
328 2306 476 2390 Virghrls
513 2305 662 2388 primitus
702 2304 745 2368 ad
788 2304 860 2387 ejus
900 2305 1119 2387 praesentiam
1156 2316 1339 2385 emanasse,
1444 2339 1446 2364 .

173 2413 302 2497 quando
336 2409 378 2472 de
415 2410 582 2473 Nazareth
614 2409 761 2473 aseendit
802 2419 835 2472 et
865 2409 1036 2473 Elisabeth
1078 2410 1182 2471 tribus
1216 2408 1341 2469 mensi-

175 2517 237 2579 bus
266 2515 414 2577 servivit.
458 2512 598 2577 Volebat
622 2516 707 2576 enim
739 2516 834 2577 beata
861 2514 966 2596 Virgo
987 2531 1101 2598 aquam
1124 2513 1285 2593 recipere,
1304 2519 1341 2574 et

172 2635 352 2702 puerperae
375 2615 543 2680 Elisabeth
571 2625 699 2698 portare
729 2626 797 2712 tam
816 2616 857 2681 ad
883 2616 1011 2680 domum
1037 2617 1219 2680 inferiorem
1241 2631 1338 2698 quam

173 2723 216 2786 'ad
237 2722 455 2803 superiorem3
477 2719 638 2805 siqnidem
659 2699 838 2784 Zacharias
860 2719 954 2784 dives
975 2731 1044 2784 erat
1064 2719 1227 2803 sacerdos,
1249 2721 1314 2782 et
1304 2739 1340 2782 ιιι

172 2827 286 2892 eodem
307 2825 379 2886 loeo
400 2823 511 2886 villam
528 2824 646 2921 hahuit,
667 2822 779 2886 hortos
801 2825 968 2909 olivarum,
987 2826 1084 2888 lieeta
1105 2833 1139 2887 et
1160 2830 1281 2907 vineta,
1302 2830 1338 2887 et

173 2936 208 2995 ln
228 2933 365 3012 utroque
386 2926 559 2990 montioulo
583 2915 697 2990 habuit
719 2927 864 3011 domum,
896 2938 930 2993 et
950 2930 1106 2993 familiam
1135 2948 1195 3012 pro
1225 2943 1273 3010 se,
1302 2938 1338 2993 st

174 3054 232 3120 pro
242 3034 355 3098 bestiis
369 3021 503 3134 alendis,
526 3042 558 3096 et
569 3033 741 3096 alternatis
748 3035 875 3098 vioibus
887 3036 1006 3096 mansit
1016 3051 1102 3096 nune
1119 3035 1151 3096 in
1162 3031 1271 3111 (100
1282 3023 1337 3111 Δ)

174 3140 240 3226 illa,
262 3157 348 3204 nuno
365 3139 399 3202 in
430 3138 511 3222 ista,
543 3136 721 3202 seeundum
742 3141 897 3222 temporis
927 3137 1124 3222 qualitatem,
1153 3148 1187 3202 et
1208 3138 1338 3202 tonsio

172 3245 277 3310 medio
298 3246 406 3310 stabat
427 3253 460 3307 et
483 3245 611 3329 utrique
632 3242 741 3309 domui
759 3243 973 3306 deserviebat
1016 3235 1169 3307 lllovero
1182 3243 1336 3338 temporo

172 3347 301 3435 quaudo
320 3347 531 3432 beataVirgo
551 3351 643 3412 venit
668 3348 708 3411 ad
728 3335 933 3412 salutandum
945 3356 979 3412 et
997 3346 1203 3411 serviendum
1224 3347 1337 3411 illisa-

171 3454 260 3535 beth,
273 3439 483 3515 habitabant
473 3469 507 3512 ιιι
519 3443 623 3534 domo,
635 3469 720 3533 quae
729 3453 888 3518 humiliori
900 3453 971 3517 loeo
984 3461 1060 3534 stat,
1071 3452 1129 3514 sed
1143 3470 1240 3536 quum
1251 3461 1337 3515 teur-

172 3573 234 3640 pus
247 3545 586 3638 pariendiJohanuem
602 3554 774 3635 baptistam
794 3557 1102 3640 appropinquabat,
1092 3574 1126 3618 ιιι
1138 3547 1336 3640 superiorem

173 3661 302 3724 domum
330 3655 527 3721 ascendebat
554 3658 627 3740 ipsa
645 3657 813 3723 Elisabeth
842 3679 915 3724 oum
929 3655 1039 3724 'beata
1059 3661 1166 3724 blaria
1186 3661 1334 3744 Vn'gioe,

108 3816 113 3826 .
170 3768 204 3826 et
225 3751 461 3826 obstetricibus
488 3767 523 3824 et
549 3761 740 3826 famulabus.
782 3762 963 3830 Zaoharias
993 3783 1073 3828 vero
1100 3759 1174 3828 oum
1200 3765 1283 3828 vlrls
1302 3773 1336 3827 et

171 3867 277 3930 servis
298 3865 439 3930 ‘interius
471 3859 635 3936 manebat.
689 3865 775 3932 Olim
809 3871 894 3934 enim
912 3887 978 3933 uon
1000 3865 1188 3932 manaerunt
1212 3864 1335 3932 virilu

171 3971 319 4066 domibus
337 3979 575 4055 puerperarum,
595 3965 747 4056 quamdin
768 3981 895 4057 tempus
916 3961 1243 4058 puerperii'dnrabat.
1333 3993 1339 4002 ·

170 4199 230 4277 De
255 4200 350 4297 loeo,
374 4201 495 4324 inquo
512 4204 708 4310 Elisabeth
734 4229 757 4280 a
779 4204 889 4282 beata
905 4205 1061 4306 Virgine
1079 4205 1237 4290 salutata
1252 4205 1333 4292 fuit.

235 4382 336 4448 'Cum
358 4381 453 4468 'ergo
492 4385 535 4450 de
565 4385 656 4450 toute
681 4387 793 4450 beatae
823 4387 969 4468 Virginis
998 4387 1204 4471 bibissemus,
1236 4387 1333 4449 etiam

165 4485 299 4568 jejum
337 4481 505 4553 stomioho
548 4491 770 4571 prooessim'us
801 4488 843 4552 ad
885 4488 971 4550 latus
1014 4490 1181 4553 sinlstrurh
1222 4497 1334 4553 eontra
