2948 4876
177 426 306 506 Quoto
328 426 441 490 videro
461 433 581 508 restat,
596 424 600 432 ’
613 443 655 486 on
676 423 881 488 Christianus
902 425 975 487 sino
999 431 1137 507 peceato
1158 423 1263 508 poesit

68 535 285 596 muscheonr
310 533 449 616 intrare,
480 548 545 592 non
574 528 615 592 ad
637 528 849 612 odorandum,
884 547 946 592 neo
965 529 1008 592 cd
1039 529 1262 613 perditionem,

70 659 153 703 nnec
178 639 224 701 sd
249 627 458 721 ignominium
478 645 534 699 sut
555 633 683 700 truffom
705 632 903 720 iaciendum,
932 634 992 698 sed
1020 635 1124 698 solum
1144 633 1187 700 od
1208 635 1264 699 vi-

75 742 258 825 dendum,
293 750 357 805 tom
379 721 564 804 musonium
600 759 697 825 qnam
730 742 825 803 ritum
853 738 934 822 ojus.
978 737 1105 820 Credo,
1139 741 1263 802 sisino

75 850 241 933 periculo
271 845 407 930 ingredi·
429 847 548 930 poterit
588 854 621 908 et
642 849 724 908 sine·
748 853 840 927 nota,
864 842 964 926 *quod
993 861 1057 906 non
1089 845 1265 906 committet

76 973 248 1038 magnum
269 937 454 1036 peccatum,
476 951 626 1035 quemvis
648 951 795 1013 curiosus
820 941 970 1011 uideatur
990 965 1083 1030 esse,
1113 949 1179 1010 nisi
1204 948 1264 1011 de-

79 1062 187 1123 votio
219 1077 293 1121 eum
322 1066 355 1120 et
387 1075 452 1119 non
481 1056 652 1118 curiositas
683 1053 884 1136 impelleret*
916 1051 954 1116 Si
990 1054 1075 1115 enim
1108 1051 1262 1116 mesenes

82 1173 161 1228 stat
188 1166 223 1228 in
249 1164 321 1226 loco
353 1162 462 1245 aliquo
494 1168 625 1241 semoto,
655 1169 689 1222 et
717 1159 922 1223 Christianus
951 1158 1078 1221 occulto
1098 1165 1204 1241 potest
1232 1167 1266 1219 et
1395 1149 1398 1155 ’

14 1291 15 1318 u
79 1273 169 1333 'sine
204 1276 282 1332 noto
309 1274 343 1329 et
375 1266 519 1352 periculo
556 1265 689 1328 habere·
705 1265 889 1347 ingressum
911 1271 944 1325 ct
975 1279 1160 1346 egressum,
1197 1271 1284 1324 turn.

87 1365 214 1437 mer'ito
246 1379 355 1455 potest
400 1369 524 1453 ingredi
562 1378 594 1432 et
631 1377 750 1434 terram
793 1368 974 1432 deosculari
1014 1371 1050 1432 ‘et
1086 1369 1264 1431 orationem

87 1478 245 1560 fundere,
267 1479 353 1540 siout
373 1476 509 1538 fecimus
529 1475 561 1537 in
583 1475 747 1556 moechos,
759 1494 844 1559 quoe
864 1483 916 1538 est
938 1493 1037 1557 supro
1056 1473 1265 1556 sepulchrum
1295 1481 1301 1490 '

14 1605 15 1622 ¹
88 1583 225 1666 David,
256 1578 693 1664 ·cequof01.o⁷.·n.··nt
721 1580 859 1643 libenter
879 1576 1081 1642 'icc'is'semns
1112 1576 1199 1640 idern
1225 1577 1260 1639 iu

89 1687 253 1750 muschus
279 1686 403 1765 Euroo,
434 1692 590 1766 quaeest
624 1701 724 1766 super
744 1665 905 1769 duplicem
935 1685 1142 1767 speluncam,
1162 1685 1262 1772 ,sicut

14 1819 15 1852 r
91 1793 194 1876 potet
210 1792 296 1854 Port.
327 1787 702 1852 intonationem
736 1809 800 1852 uon
822 1796 932 1872 potest
949 1789 1064 1851 heberi
1093 1790 1264 1871 ingressus

91 1898 159 1959 nisi
185 1913 259 1958 cum
281 1893 426 1977 periculo
452 1893 508 1956 vel
531 1910 603 1955 oum
636 1895 791 1975 mannus
814 1893 983 1976 expensis,
1003 1911 1067 1955 non
1089 1892 1265 1975 prudenter

96 2001 195 2081 facit,
219 2001 275 2080 qui
297 1999 395 2060 tutem
417 1997 523 2060 locum
545 1997 734 2078 ingreditur.
777 1999 867 2060 Novi
888 1997 1036 2078 militem,
1059 2005 1093 2059 et
1113 1997 1211 2059 hodie
1225 1998 1266 2058 in

14 2137 15 2146 κ
98 2104 255 2168 humanis
273 2103 375 2183 vivit,
398 2102 453 2184 qui
475 2100 634 2166 desiderio
650 2101 783 2164 videndi
806 2101 975 2184 templum,
1013 2101 1054 2163 de
1075 2103 1142 2183 quo
1158 2102 1266 2184 loqui-
1288 2131 1291 2138 v

14 2273 15 2280 χ
98 2226 188 2290 mur,
211 2215 350 2286 tractus,
373 2213 501 2289 pactum
528 2203 760 2289 cnm'·qnodom
781 2197 985 2272 Momalucco
1007 2206 1101 2286 iecit,
1134 2214 1170 2268 ut
1192 2223 1265 2267 eum

97 2312 245 2376 indutum
268 2312 378 2376 habitu
397 2311 603 2402 sarracenico
625 2310 804 2395 induceret,
827 2331 890 2395 quo
912 2313 998 2375 fecto
1019 2317 1115 2373 vctus
1136 2310 1265 2372 Mamo-

99 2418 214 2480 luccus
242 2433 321 2480 cnm·
336 2427 431 2480 veste
458 2416 604 2479 indutum
627 2416 750 2480 socium
785 2427 930 2481 nostrum
947 2416 1078 2479 induxit
1098 2433 1203 2499 osque
1223 2415 1266 2478 od
1292 2407 1294 2411 ’

100 2525 261 2586 introitum
284 2524 356 2586 sirii
376 2514 502 2604 templi,
523 2522 577 2582 nbi
599 2521 674 2584 dum
696 2531 808 2585 essent
832 2519 869 2586 ‘et
900 2525 962 2586 iarn
985 2525 1106 2586 intrare
1121 2521 1260 2603 ¹veilent,

102 2635 209 2690 tentus
245 2634 348 2690 terror
383 2627 507 2690 invasit
534 2626 684 2709 militem,
721 2625 806 2710 qnod
832 2645 911 2710 prce
938 2637 1077 2690 tremore
1097 2629 1156 2689 r'ix
1177 2635 1264 2688 storo

103 2739 244 2814 poterut,
277 2749 339 2794 uec
359 2749 459 2794 ausus
482 2731 541 2792 fuit
571 2732 708 2812 intrare,
724 2767 727 2772 -
742 2731 800 2795 sed
834 2749 987 2794 reversus
1015 2733 1106 2795 venit
1124 2731 1169 2795 nd
1191 2749 1263 2815 nos,
1328 2751 1332 2766 ·

87 2836 248 2918 'gaudens
276 2855 313 2898 so
343 2835 510 2898 libcrctnm
532 2852 552 2895 s
573 2839 746 2918 proposito.
788 2836 861 2899 Nec
891 2838 1016 2918 mirum,
1037 2837 1124 2920 qnod
1156 2831 1263 2900 timuit

107 2947 236 3023 propter
277 2940 368 3002 vitoe
406 2927 600 3022 pericnlum,
639 2957 713 3002 cum
751 2939 792 3000 de
826 2939 982 3003 fidelitate
1026 2944 1078 3004 sui
1120 2940 1263 3004 ductoris

106 3054 212 3107 certus
241 3061 306 3107 nou
338 3042 406 3104 init.
450 3035 608 3118 Quemvis
636 3029 735 3106 ctiam
765 3062 830 3126 ego
856 3045 928 3126 ipse
958 3045 1096 3106 libenter
1123 3063 1210 3108 novo
1230 3055 1265 3108 et

109 3149 232 3211 curioso
254 3144 394 3230 videam,
413 3143 524 3228 (268
533 3147 587 3230 Δ)
609 3147 649 3209 ad
670 3148 823 3230 templum
846 3157 953 3211 temen
972 3147 1050 3210 iilud
1076 3150 1264 3232 ingredien-

110 3255 177 3317 dum
199 3271 371 3336 numquam
392 3253 440 3315 fui
462 3259 622 3335 tentatus,
654 3251 782 3319 suffecit
804 3254 1055 3337 mihiospeotus
1075 3254 1163 3338 ejus,
1199 3275 1273 3340 quo.

110 3359 205 3423 icteur
231 3379 284 3422 me
312 3375 469 3442 persaepe
501 3358 604 3421 inisse
637 3361 798 3421 turbidum
828 3365 862 3422 et
885 3359 1155 3443 scandalizatum,
1187 3361 1264 3425 dum
1297 3381 1299 3388 ’

112 3461 214 3547 templi
235 3463 321 3526 illius
343 3463 543 3554 munditiem,
568 3469 713 3526 ornatum
732 3473 765 3526 et
786 3465 1048 3547 compositionem
1072 3465 1113 3528 ud
1130 3475 1261 3530 nostrus

111 3587 280 3651 comparem
304 3567 471 3654 eeclesias,
493 3587 586 3651 quse,
606 3588 664 3651 pro
688 3569 805 3652 pudor!
828 3571 922 3654 qussi
941 3569 1069 3632 stabula
1088 3571 1262 3633 besticmm

113 3681 187 3737 sunt.
228 3673 325 3736 Stant
359 3675 444 3735 enirn
477 3680 609 3736 nostrae
633 3674 799 3750 *ecclesiae
826 3673 1025 3755 immundae,
1058 3678 1191 3757 pervios
1226 3685 1262 3738 ut

113 3777 292 3860 diversoria,
313 3777 476 3860 spurcitiis
501 3779 687 3861 inquinatae
694 3793 704 3860 3
731 3780 764 3841 in
786 3786 929 3842 nostram
953 3779 1129 3842 maximnm·
1145 3779 1263 3842 coniu-

115 3884 236 3965 oionem,
248 3889 281 3944 et
300 3883 334 3944 in
355 3875 627 3946 odoramentorum
642 3890 836 3946 contemtum
855 3892 887 3946 ot
899 3882 1118 3966 vilipendium.
1141 3885 1262 3965 Ingens

115 3986 248 4048 coninsio
279 3995 348 4070 est,
380 3986 493 4050 videre
525 3989 559 4049 in
594 3987 776 4050 Jerusalem
801 3989 981 4050 'ecclesiam
1016 3989 1261 4050 resurrectionis

116 4088 223 4153 Christi
240 4097 327 4153 storo
338 4110 443 4173 poeno
458 4093 584 4174 absquo
601 4091 728 4174 decore,
744 4099 904 4174 tamquam
925 4089 1085 4174 hospitale
1103 4092 1263 4155 fumosum

117 4204 145 4258 et
162 4211 287 4256 munere
308 4195 478 4259 ecclesiam
491 4177 686 4260 Moohdmcti
708 4195 839 4260 nitidum
862 4205 896 4260 et
916 4195 1077 4276 mundam,
1097 4201 1260 4276 tamqnam

119 4300 214 4382 rogale
225 4299 384 4381 polonum.
404 4299 539 4384 Onnum
550 4299 718 4364 dissimilis
727 4300 888 4382 proportio
900 4309 932 4361 et
948 4299 1054 4363 eliens
1064 4299 1260 4381 comparatio
