2954 4914
449 215 528 272 ...'
622 245 718 342 ,m
818 267 822 274 .

74 433 112 492 tn
125 427 281 512 chryso.
294 429 336 491 nt
348 412 775 514 triremuntsmornnas,
786 429 1264 518 etflnreormtpnetpenomt
1284 423 1287 430 “

18 553 22 560 ·
51 541 99 596 'e
124 535 271 616 majore,
291 515 392 619 mljor
414 535 520 598 antem
543 525 716 618 extorquet
735 555 775 600 ea
795 554 819 598 e
835 527 1024 620 peregrinis.
1070 539 1114 600 Et
1131 537 1261 624 qnando

76 638 131 700 ilii
156 637 441 702 'Irntsohelmanni
462 633 650 715 snnt'reoti
668 646 710 726 et
723 629 831 726 propi,
867 641 952 704 hene
972 650 1062 706 stent
1082 641 1292 728 peregrini-,1

76 735 150 804 sed
175 741 303 824 qnando
323 751 422 806 seons
435 751 512 828 est,
529 745 610 807 luno
628 752 703 808 sunt
723 743 885 829 peregrini
905 744 1042 828 perditi,
1064 749 1150 812 sient
1166 758 1260 830 pate-

78 847 134 908 trit
157 847 194 908 in
212 863 375 928 processu.
411 840 518 928 Major
537 847 847 916 'l'rutstlrelmannns
869 847 911 910 de
936 849 1129 931 Jerusalem,
1153 849 1260 914 Saba-
1307 917 1310 922 ,

80 948 262 1034 thytanoo,
300 959 369 1028 erat
396 951 492 1014 homo
531 951 664 1036 longos,
697 969 818 1034 senex,
848 936 960 1036 dives,
990 961 1024 1014 et
1049 953 1190 1037 multura
1219 953 1261 1018 de

79 1053 189 1118 elaris
231 1056 393 1136 moribus,
426 1055 608 1136 peregrinis
645 1054 746 1118 dnrns
779 1055 813 1117 in
850 1057 1003 1122 oonfinna
1036 1056 1189 1120 ductione
1228 1066 1262 1121 et

79 1145 203 1241 gravis
219 1159 264 1222 ,in
287 1158 495 1239 pecuniarum
525 1158 749 1248 mulctatione,
768 1167 901 1238 ⁴etnon
932 1161 1014 1233 eatis
1045 1161 1132 1230 bene
1158 1164 1262 1224 tenuit

80 1269 294 1343 eompaetate
314 1270 347 1323 et
366 1263 401 1323 in
422 1263 531 1325 multis
552 1263 721 1344 promissis
750 1264 851 1337 cessit
858 1284 868 1345 3
890 1264 973 1326 satis
993 1263 1132 1328 fideliter
1152 1275 1260 1328 temen

81 1383 152 1428 nos
176 1355 327 1441 defendit,
342 1373 375 1426 et
395 1365 429 1427 in
443 1367 565 1450 tpnibns
587 1384 660 1431 enm
682 1365 915 1460 irittoo'avimus,
932 1365 1104 1450 diligenter
1123 1368 1257 1452 adjuvit.

69 1467 228 1533 ‘Calinns
249 1464 453 1540 vereminor
472 1471 513 1533 de
533 1469 726 1553 Jerusalem,
748 1471 954 1554 Elphaltallo,
978 1481 1052 1552 erat
1070 1474 1122 1538 vir
1142 1465 1259 1558 senex,

29 1575 30 1580 ’
82 1564 190 1636 oredo
208 1573 282 1656 plns
299 1564 395 1656 onam
420 1576 660 1656 octogenarios,
692 1576 832 1656 simplex
854 1584 888 1637 et
909 1584 1018 1640 reetns
1040 1577 1255 1662 Sarracenos,

81 1685 118 1739 et
142 1679 243 1740 multa
263 1678 396 1760 pollens¹
413 1677 533 1766 morali
547 1680 684 1761 virtute,
707 1679 794 1742 illins
816 1681 1060 1760 autem-erroris
1080 1683 1150 1764 fnit,
1169 1681 1256 1766 qnod

80 1767 237 1868 eredidit,
256 1800 369 1849 omnes
390 1782 538 1863 hemines
558 1782 680 1878 seli-rari
700 1801 800 1865 posse
820 1785 854 1847 in
874 1803 915 1848 ea
934 1783 1016 1867 fide,
1039 1787 1073 1850 in
1103 1805 1167 1870 qna
1187 1788 1256 1852 nati

4 1935 10 1942 .
80 1895 177 1970 snnt,
207 1887 237 1950 si
267 1887 356 1950 illam
387 1887 550 1968 integram·
581 1898 769 1974 servarent,
802 1900 835 1952 et
856 1893 895 1952 eb
924 1889 1057 1969 selide
1090 1900 1254 1976 apostatas

81 2007 201 2055 omnes
224 1990 308 2060 dixit
331 2007 407 2052 esse
427 1990 644 2079 damnandos,
673 1991 747 2054 ideo
767 1976 990 2062 Mamalneeos
1018 1979 1099 2057 snae
1119 1995 1212 2082 lidei,
1234 2017 1255 2060 a

80 2093 153 2156 lide
174 2095 293 2184 Christi
314 2102 491 2178 apostatas,
512 2085 742 2179 damnavit,›et
763 2116 876 2161 omaes
894 2099 1070 2163 orientales
1091 2099 1254 2166 masna-

12 2243 17 2255 .
82 2215 149 2260 nos
177 2196 257 2260 dixit
284 2215 360 2260 esse
391 2199 607 2284 damnandos,
643 2221 701 2283 pro
731 2221 789 2284 eo,
821 2200 906 2284 quod
934 2203 1111 2284 gentilibus
1140 2216 1253 2269 essent

19 2371 23 2384 ¹
81 2303 270 2366 conformes
298 2313 330 2368 et
363 2304 580 2380 confoederati
602 2308 746 2389 'regibus
766 2325 885 2370 eornm.
929 2306 1087 2372 Similiter
1106 2309 1252 2375 ludaeos

53 2469 56 2476 .
79 2409 169 2474 inter
200 2425 258 2470 eos
290 2403 450 2472 viventes.
491 2407 543 2472 De
561 2397 634 2472 ''fide
661 2417 826 2474 nostrast
852 2411 961 2505 alnte
986 2431 1105 2496 magu
1135 2415 1250 2498 sensit,

80 2511 142 2574 sed
164 2511 316 2594 eredidit,
339 2515 461 2595 siipse
482 2514 694 2607 suam'fidem
718 2514 972 2599 derelinqueret,
993 2518 1027 2580 in
1048 2517 1115 2582 fide
1138 2527 1252 2588 nostre

80 2599 205 2694 salvari
225 2636 290 2680 non
309 2627 438 2702 posset,
461 2619 546 2685 siout
569 2638 631 2682 neo
652 2619 802 2710 oredIdit,
826 2619 1045 2702 Christianum
1067 2632 1249 2706 apostatem

81 2720 115 2781 in
138 2739 199 2784 sna
218 2722 283 2785 fide
301 2741 401 2806 posse
420 2725 552 2791 selvam
577 2724 630 2786 lle
650 2723 702 2787 his
718 2742 818 2808 saepe
839 2726 959 2806 eontpli
980 2745 1054 2814 enm
1079 2747 1130 2812 eo,
1152 2731 1251 2792 seivit

82 2827 170 2888 enim
190 2826 310 2908 lingam
342 2828 482 2892 italioam
521 2835 555 2890 et
576 2838 760 2913 eorruptnm
787 2830 904 2894 malum
928 2833 1141 2918 tentonicam,
1163 2833 1249 2915 qood

83 2928 238 2992 didicerat
259 2949 280 2992 a
299 2934 490 3016 peregrinis,
507 2950 581 2996 enm
600 2935 717 3017 quibus
746 2934 890 2996 XLVIII
906 2935 1034 3000 vicibus
1054 2956 1115 3022 per
1134 2935 1249 2999 deser-

83 3042 152 3094 tnm
180 3030 220 3094 ad
244 3044 383 3100 montem
405 3037 510 3122 Synai
531 3038 700 3123 transivit,
736 3045 768 3098 et
789 3046 879 3101 tanto
901 3037 1020 3102 affeetu
1050 3037 1249 3102 Christidnirt

82 3139 308 3203 transmarinis
337 3141 491 3225 afficitur,
522 3141 608 3226 qnod
638 3142 740 3204 vitam
775 3157 870 3213 suem
898 3142 1058 3204 cumillis
1087 3142 1250 3226 perderet,

80 3245 189 3326 immo,
211 3265 269 3327 pro
287 3246 336 3328 eis
357 3263 394 3308 se
416 3247 527 3310 mortis
549 3245 703 3330 perieulis
725 3246 865 3328 exponit,
890 3247 977 3330 qnia,
999 3263 1071 3331 epm
1093 3248 1136 3309 sit
1155 3248 1249 3312 senio

80 3349 252 3440 coniectus
291 3331 325 3412 et
354 3351 388 3412 in
426 3351 626 3444 genitalibnp
651 3360 781 3434 raptus,
825 3369 899 3415 oum
928 3351 1109 3434 peregrinis
1139 3359 1247 3415 temen

80 3453 211 3517 deserta
230 3455 421 3537 pertransit,
442 3455 564 3537 nullius
589 3457 723 3538 praemii
742 3456 870 3538 intuitu,
891 3454 951 3518 sed
972 3464 1008 3518 nt
1028 3455 1072 3520 sit
1092 3473 1164 3519 enm
1186 3457 1245 3519 eis.

77 3558 200 3641 Ingens
221 3561 284 3622 sibi
307 3577 384 3621 onra
411 3569 479 3641 est,
515 3553 673 3650 quomodo
703 3562 866 3643 peregrini
886 3569 961 3643 post
987 3577 1080 3622 snam
1113 3569 1254 3652 mortem¹

78 3665 207 3744 possint
226 3661 300 3726 dnoi
319 3683 379 3747 per
399 3663 559 3728 desertum
588 3673 623 3728 et
644 3685 702 3748 per
721 3665 795 3748 illas
817 3667 979 3746 regiones.
1026 3661 1093 3725 Sed
1115 3664 1246 3728 etmihi

78 3768 141 3848 ipsi
163 3786 242 3830 eura
263 3776 331 3850 est,
354 3777 387 3830 et
407 3757 541 3835 mortem
562 3770 633 3851 ejas
655 3772 789 3852 horreo,
817 3771 904 3832 siout
920 3772 961 3830 'et
978 3775 1114 3839 mortem
1135 3767 1244 3832 fratris

78 3873 254 3956 Iohannis,
277 3871 319 3934 de
342 3871 461 3956 quibus
482 3872 558 3936 vide
571 3875 636 3955 ¹fol.
659 3875 722 3940 183
742 3875 780 3936 Β.

3 3960 7 3967 ’
163 3977 299 4042 Calinns
330 3978 388 4041 ille
424 3978 486 4042 fuit
516 3979 677 4062 qnondam
711 3979 859 4042 Viennae
899 3975 984 4060 apud
1014 3980 1243 4062 Imperatorem

80 4081 278 4147 Friderionm
300 4085 356 4144 III.
380 4091 413 4146 et
431 4082 557 4146 &mae
578 4081 664 4166 epod
685 4082 808 4165 Po'pam
827 4080 998 4146 Nicolaum
1007 4082 1061 4166 V,
1087 4081 1172 4168 qnod
1193 4081 1243 4146 sio

80 4186 207 4250 aeotdit.
250 4186 397 4265 Quodam
419 4187 721 4270 annomilitesper
742 4187 902 4251 desertam
924 4187 1029 4269 duxit,
1052 4190 1136 4251 inter
1161 4205 1242 4271 qnos

81 4300 147 4354 erat
168 4309 253 4354 nnus
274 4300 393 4374 potens
414 4292 508 4358 miles
518 4293 722 4392 nlomannns,
739 4293 916 4376 quivimm
936 4296 1107 4358 tenerrime
1120 4292 1241 4376 dilexit,
