2926 5050
181 629 307 688 nantes
337 617 481 682 Arabiae
515 617 649 684 minoris
674 619 852 704 pertransit
860 623 925 702 ‚in
951 629 1099 705 compunt
1118 620 1262 685 Jeriebo
1283 635 1352 701 per·
1417 628 1428 699 'p

181 727 272 792 venit
306 731 342 788 ot
363 723 408 786 lbi
436 721 585 786 sannone
617 725 718 788 moris
753 726 870 789 mortui
902 724 1045 790 illabitur
1080 734 1113 790 ot
1134 727 1180 788 ab
1205 723 1353 788 coexci-

180 833 276 918 pitur.
319 827 403 894 Sunt
423 833 531 890 autem
553 828 594 890 ab
619 847 659 892 eo
686 829 777 915 loco,
808 830 936 914 quode
963 831 1043 894 mari
1064 827 1243 894 Galilaeae
1264 845 1352 908 cgra-

181 936 282 1019 ditor‚
303 932 346 997 arl
366 933 472 996 locum
494 949 617 1016 usque,
658 933 714 998 ubi
736 950 826 998 maro
846 941 1004 998 mortuum
1032 934 1239 1017 ingreditur,
1282 931 1353 994 Vlll

120 1061 122 1066 ·
180 1039 296 1104 dietae.
341 1037 453 1118 lpum
483 1045 591 1100 anton
627 1055 716 1100 rnaro
747 1046 910 1102 mortuum
941 1038 1042 1101 babet
1073 1041 1108 1102 iu
1145 1035 1354 1120 longitndine

180 1145 324 1227 quinquo
355 1139 479 1223 dietas,
509 1150 545 1204 ot
576 1141 782 1224 conjungitur
810 1143 874 1205 boo
894 1159 984 1206 maro
1015 1159 1090 1207 curn
1120 1145 1242 1225 aquis,
1277 1155 1354 1224 quae

179 1247 285 1313 Exodi
305 1245 372 1309 XV
404 1254 564 1310 vocantur
594 1263 698 1329 aquae
729 1247 879 1330 blaratb,
906 1253 941 1309 ot
972 1265 1079 1330 oquae
1109 1247 1253 1311 Meroth
1280 1241 1354 1306 mari

180 1354 275 1419 rubro
307 1348 506 1434 copulantur.
543 1351 637 1412 Marc
665 1369 743 1414 vero
773 1353 902 1416 rubrum
934 1354 1142 1415 continuatur
1168 1369 1250 1414 curn
1274 1347 1349 1410 mari

180 1456 309 1538 indico,
331 1450 419 1536 quod
435 1453 540 1518 allinit
560 1452 602 1516 do
622 1471 753 1520 onemo
797 1457 841 1520 ut
866 1457 921 1522 bio
941 1465 993 1519 cat
1017 1455 1176 1520 decuma
1197 1449 1354 1520 Jordanis
1427 1489 1428 1566 1

181 1569 215 1625 et
235 1577 295 1623 suo
315 1556 471 1642 principio
492 1557 657 1643 usquead
678 1559 775 1625 tinem
798 1560 917 1644 longus
937 1560 1044 1624 valdo.

270 1985 423 2051 dordonis
447 1986 553 2070 qualis
573 1987 618 2051 sit
636 1985 750 2049 videre
766 1984 834 2067 jam
853 1994 989 2068 oportet,
1014 1985 1151 2050 Fluvius
1171 1985 1231 2049 ille
1252 1995 1350 2046 sauc-
1427 1999 1428 2008 ¹

180 2102 234 2158 tus
253 2111 319 2156 nou
340 2099 391 2154 ert
412 2091 545 2153 multum
563 2089 658 2172 latus,
675 2089 732 2153 vix
753 2091 838 2152 enirn
857 2090 1028 2154 babotlrli
1049 2109 1168 2174 passus
1183 2092 1218 2153 iu
1241 2091 1348 2162 latum,

180 2205 216 2262 et
237 2198 314 2260 licet
333 2197 378 2261 sit
398 2213 518 2279 parvus
540 2193 718 2278 latitudine,
739 2202 919 2258 esttamen
940 2194 1120 2278 profundus
1140 2193 1259 2274 vuldo,
1281 2189 1349 2268 sig-

180 2309 296 2368 nanter
317 2302 480 2364 tamenin
502 2301 576 2364 looo
597 2307 731 2363 nostrae
751 2299 982 2382 balneatiouis‚
1000 2298 1133 2362 fundum
1154 2300 1256 2362 habet
1276 2309 1360 2356 are·¹

180 2426 296 2473 uosnm
318 2415 350 2468 et
373 2407 481 2468 littora
501 2405 617 2487 lutosa,
640 2424 697 2487 pro
715 2411 858 2486 temporo
878 2408 995 2470 crescit
1016 2413 1049 2467 et
1060 2403 1230 2487 decrescit,
1253 2413 1349 2483 prac-
1427 2443 1428 2500 p

181 2514 276 2593 cipue
297 2518 407 2573 tamen
430 2517 575 2590 ternpore
592 2511 710 2570 messis
731 2509 828 2571 tritici
846 2509 1042 2591 intumescit,
1062 2509 1125 2572 boo
1145 2515 1209 2590 est,
1224 2498 1347 2570 vernali

181 2621 346 2696 tempore,
378 2615 455 2693 quia
484 2613 519 2674 in
540 2611 746 2674 Palaestinae
774 2613 921 2694 partibus
951 2611 1005 2674 illo
1034 2621 1178 2696 ternpore
1209 2611 1347 2676 triticum

182 2725 399 2782 maturescere
433 2714 538 2795 solet,
569 2724 605 2777 nt
637 2715 776 2778 babetur
804 2717 928 2780 donuae
952 2716 984 2780 b
1035 2714 1236 2802 Quamquam
1268 2711 1346 2776 odeo

184 2817 351 2900 redundat,
371 2817 456 2902 quod
478 2825 571 2880 extra
591 2819 718 2880 alveum
750 2837 844 2886 onum
868 2841 927 2905 per
951 2839 1084 2904 campos
1113 2839 1152 2884 se
1178 2817 1345 2894 diffundat,

184 2925 259 3007 quio
281 2922 381 2985 multa
405 2929 439 2984 et
459 2921 590 2986 ilumiua
617 2932 650 2984 et
674 2929 832 2988 torrentes
860 2927 893 2988 iu
926 2945 999 2990 eum
1027 2926 1195 3009 labuntur,
1225 2935 1262 2988 ut
1297 2925 1346 2981 est

183 3029 315 3112 Jaboth,
329 3027 458 3111 fluvius,
475 3026 559 3090 ultra
582 3046 676 3112 quem
689 3028 871 3093 luctabatur
879 3030 983 3094 Jacob
993 3049 1065 3095 cum
1078 3030 1203 3114 augeio.
1236 3027 1346 3092 Habet

183 3152 263 3218 ergo
294 3135 420 3197 alveum
449 3134 531 3198 satis
561 3133 778 3217 profundum,
813 3143 848 3198 et
870 3135 936 3198 alta
962 3135 1079 3198 littora.
1123 3135 1239 3218 Aquae
1276 3129 1345 3213 ejus

184 3240 298 3304 dulces
320 3245 398 3303 suut
420 3246 451 3301 et
471 3237 513 3304 ad
533 3238 708 3324 potandum
729 3239 866 3322 habiles,
890 3242 1060 3324 potissimo
1079 3243 1113 3302 ln
1135 3241 1241 3303 bieme
1261 3247 1345 3300 tem·

183 3365 262 3428 pore
288 3344 424 3427 frigido,
455 3345 489 3407 iu
524 3353 647 3406 aestate
668 3352 747 3407 sunt
778 3346 875 3408 nimis
904 3343 1049 3428 tepidae,
1073 3346 1217 3408 turbidas
1249 3340 1345 3405 habat

187 3466 302 3529 aquas,
327 3450 438 3509 nescio
449 3449 479 3509 si
492 3465 622 3529 semper
632 3449 682 3509 sic
692 3449 768 3530 siut,
781 3447 1069 3530 piscibusbonisct
1083 3449 1230 3512 dulcibus
1241 3447 1344 3509 abuu-

493 1803 552 1880 De
576 1801 810 1904 qualitatibus
834 1802 1017 1881 Jordanis.

184 3551 248 3614 dat.
284 3551 420 3612 Cursum
442 3568 504 3612 non
528 3550 624 3613 habet
655 3552 885 3637 impetuosum,
907 3553 966 3617 sed
987 3572 1060 3618 cum
1083 3553 1212 3617 silentio
1243 3548 1344 3614 venit.

184 3655 404 3719 Veruntamen
425 3660 632 3742 transnatans
654 3656 753 3718 scutit
775 3657 809 3720 iu
830 3658 937 3721 medio
957 3658 1029 3742 ejus
1043 3661 1196 3742 impetum
1215 3665 1343 3720 nontra-

183 3759 346 3824 vonientis
368 3775 479 3841 aquae.
553 3773 556 3778 ·

266 3862 318 3927 Ab
356 3872 427 3926 ortu
455 3877 515 3923 suo
547 3860 609 3924 hoc
635 3863 841 3929 aCaesarea
867 3867 1006 3950 Philippi
1041 3884 1147 3950 usque
1176 3865 1216 3944 ad
1248 3865 1342 3927 linem

183 3968 281 4029 maris
303 3969 418 4030 mortui
441 3966 510 4030 fore
530 3983 588 4048 per
609 3977 737 4033 centum
758 3969 904 4034 milliaria
924 3973 1021 4036 habet
1041 3972 1082 4034 ob
1104 3981 1241 4053 utraque
1253 3974 1343 4053 parta

183 4071 268 4132 latos
294 4086 443 4153 compos,
476 4071 532 4152 qui
557 4069 635 4134 altis
673 4074 835 4137 montibus
863 4060 1082 4140 terminantur.
1145 4072 1341 4140 solitudines

183 4181 260 4237 suut
277 4172 371 4255 juxta
390 4173 586 4260 Jordaucrn,
611 4185 648 4239 ut
676 4178 812 4242 habetur
833 4181 930 4242 etlam
950 4178 1070 4243 Esaiae
1092 4182 1152 4264 ta,
1174 4182 1208 4245 in
1229 4179 1339 4264 quibus

182 4285 275 4340 orant
295 4277 370 4340 olim
393 4281 491 4344 multa
505 4284 700 4344 monasteria
710 4291 744 4345 et
762 4283 984 4365 religiosorum
1002 4283 1188 4367 habitioula,
1210 4299 1338 4366 quorum

181 4379 277 4446 hodie
311 4392 484 4449 cernuntur
522 4389 643 4451 ruinae.
704 4390 743 4450 lu
775 4386 1003 4450 solitudinibus
1041 4398 1074 4450 et
1108 4387 1338 4470 campestribus

182 4485 334 4548 Jordauis
362 4499 493 4551 currunt
519 4489 638 4552 multae
659 4489 831 4552 silvestres
853 4491 958 4569 serae,
977 4498 1010 4551 et
1030 4497 1174 4571 tompore
1202 4491 1337 4552 serotino
