2926 5050
215 633 372 699 XXXIV.
413 633 477 698 Xst
497 625 694 697 honorabilis
722 627 871 692 omnibus
888 621 1082 690 hominibus
1129 625 1214 690 Nam
1238 627 1300 692 hoa

134 733 253 803 mllites
273 741 452 820 Imperator
471 739 619 819 honorat,
641 751 756 818 reges,
777 731 959 815 principes,
980 731 1118 795 comites
1145 741 1179 795 et
1205 735 1304 797 baro-

134 861 216 927 nes,
248 843 396 907 similiter
421 843 522 926 Papa,
544 837 736 920 cardinales,
759 836 921 919 episcopi,
952 845 986 900 et
1007 837 1111 900 omnIs
1141 837 1248 901 clerus
1269 847 1303 916 et

134 947 290 1032 religiosi,
314 946 432 1029 plebeji
454 956 487 1010 et
507 947 674 1029 vulgares,
696 957 795 1005 senes
816 948 849 1002 et
865 940 1015 1023 Juuenes.

217 1050 356 1114 XXXV.
401 1050 518 1114 Militia
543 1057 656 1113 nostra
677 1045 847 1130 pretiosior
877 1053 947 1128 est,
970 1045 1046 1129 qula
1066 1045 1179 1128 majori
1198 1047 1303 1130 pretio

135 1165 169 1240 et
188 1154 334 1241 plenitus
356 1151 510 1235 expensis
524 1153 710 1236 acquiritur,
731 1149 922 1235 praesertim
938 1149 1070 1213 similes
1081 1154 1304 1234 peregrinatur

134 1259 177 1324 ad
198 1267 346 1324 sanctam
362 1255 582 1322 CatharInam.
626 1257 698 1319 Iltsi
718 1255 754 1320 In
775 1253 839 1316 elie
861 1253 974 1317 militie
992 1255 1093 1336 major
1114 1255 1304 1339 expenditur

135 1367 283 1448 pecnnia,
305 1364 369 1427 lroc
391 1361 427 1424 Iit
447 1360 502 1424 vel
523 1359 689 1442 iurutiliter,
709 1358 764 1423 vel
784 1357 827 1422 ad
847 1358 1046 1421 saecularem
1068 1379 1228 1443 pompam,
1249 1361 1303 1425 vel

135 1487 178 1553 ex
198 1465 436 1576 prodigalitate,
457 1464 544 1548 qnod
564 1473 668 1528 totum
688 1473 754 1527 nort
773 1462 872 1527 tranet
888 1463 1024 1526 locnm'
1013 1473 1170 1526 runostra
1180 1465 1302 1528 militia.

220 1569 376 1633 XXXVI.
391 1545 548 1632 Nostra
569 1569 682 1632 militia
703 1575 754 1630 est
775 1567 880 1650 magle
907 1567 1155 1650 disciplinative.
1199 1569 1305 1632 Vide-

136 1693 209 1745 mus
231 1675 316 1736 enirn
341 1673 563 1757 communiter,
585 1671 799 1756 quodmilites
815 1672 923 1735 sencti
936 1671 1303 1756 sepulchrisnntmegIs

137 1779 275 1844 modesti
294 1784 329 1840 et
351 1777 558 1862 dlaciplinati,
589 1777 708 1842 seriosi
729 1785 762 1840 et
784 1774 900 1839 mellus
921 1776 1118 1862 morigerati,
1140 1778 1306 1866 quantilli

138 1883 258 1948 milites
278 1881 447 1951 bellorum.

220 1987 392 2050 XXXVII.
435 1987 497 2050 list
524 1994 636 2051 nostra
666 1985 780 2051 militie
814 1985 1008 2050 fructuosior
1033 1987 1143 2051 multis
1177 1988 1244 2051 viis
1270 1996 1304 2062 et

138 2091 251 2156 modis.
295 2093 333 2152 In
344 2091 456 2154 militia
476 2093 562 2154 eninr
583 2073 695 2154 nostra
710 2090 805 2152 miles
826 2089 952 2174 absque
970 2091 1063 2153 libris
1077 2091 1185 2155 studet
1203 2091 1305 2155 multe

137 2197 260 2262 veteris
287 2203 320 2260 et
339 2197 419 2258 novi
440 2197 631 2282 testamenti
650 2195 748 2277 fecta,
770 2213 843 2258 oum
863 2213 924 2277 per
944 2196 1016 2258 loce
1036 2205 1151 2260 sancta
1164 2198 1310 2270 eircum-=

139 2303 276 2366 ducitur.
331 2299 413 2364 Inde
430 2307 500 2383 est,
522 2299 610 2388 quod
636 2300 759 2362 milites
788 2299 836 2361 illi
861 2307 896 2362 nt
924 2300 1141 2364 communiter.
1168 2301 1242 2384 plus
1269 2309 1305 2365 et
1391 2319 1396 2328 ’

139 2405 259 2470 clerius
288 2411 321 2467 et
335 2405 455 2468 certius
473 2407 581 2468 sciunt
606 2403 694 2487 loqui
713 2403 754 2466 de
771 2403 916 2467 historils
931 2403 1065 2487 Bibliee,
1087 2405 1132 2468 de.
1148 2408 1303 2488 passione

139 2511 280 2592 Domini,
302 2507 482 2591 eruentis,
503 2526 602 2591 quarn
625 2507 717 2572 multi
738 2507 934 2574 sacerdotes.
978 2507 1022 2572 Ut
1034 2515 1124 2592 petet
1138 2510 1192 2574 fol.
1210 2507 1243 2580 9.
1261 2509 1303 2576 Α.
1367 2533 1370 2540 ’

141 2615 191 2677 Ibi
212 2612 306 2676 miles
326 2613 436 2677 multIs
454 2612 666 2695 experientiis
686 2611 829 2694 prudens
850 2613 1006 2691 eflicitur,
1035 2623 1069 2677 ut
1096 2623 1186 2696 petet
1207 2618 1240 2678 In
1261 2615 1306 2682 2⁷

142 2718 289 2788 articulo.
334 2717 380 2780 lit
392 2723 520 2798 praeter
536 2715 619 2778 haec
630 2717 675 2776 lbi
691 2717 878 2800 conteritur,
893 2717 1073 2800 confitetur,
1085 2717 1304 2802 indulgentias

142 2823 386 2906 copiosissimas
407 2819 626 2902 consequitur,
648 2818 828 2900 exquibus
855 2821 1002 2885 ennius
1031 2821 1151 2886 multus
1179 2824 1304 2888 fructus

143 2927 260 2992 crescit
282 2927 316 2988 in
335 2925 451 2988 omniu.
494 2923 581 2988 vide
601 2922 662 3009 fol.
677 2923 709 2986 8.
730 2922 771 2984 A.

225 3029 411 3093 XXXVIII.
450 3029 568 3092 Militia
584 3036 696 3091 nostre
715 3035 767 3090 est
787 3026 931 3111 fideIIor,
953 3030 1030 3112 quie
1050 3027 1153 3094 velde.
1166 3032 1249 3095 firmi
1271 3045 1304 3098 et

142 3138 219 3202 borel
240 3135 390 3200 catholici
411 3143 488 3198 sunt
509 3134 721 3200 communiter
741 3131 859 3195 milites
881 3135 986 3196 smtcti
999 3135 1172 3219 sepulchri,
1192 3137 1303 3202 vident

142 3243 227 3318 enim
243 3243 284 3305 ad
300 3241 441 3325 oculum,
463 3240 549 3330 qnod
568 3247 682 3304 nostra
700 3236 784 3302 fides
805 3247 856 3302 est
869 3237 1116 3302 ratiocinabilior
1131 3248 1163 3303 et
1177 3245 1303 3320 virtuo-

142 3349 211 3411 sior
235 3365 331 3432 qnam
352 3363 618 3429 quorumeunque
637 3345 791 3426 aliorum,
823 3341 865 3406 de
885 3360 952 3427 qua
972 3341 1036 3406 tide
1054 3343 1141 3406 nulla
1171 3345 1304 3412 habetur

142 3465 221 3512 eura
242 3451 276 3510 iu
297 3449 361 3510 alia
382 3447 503 3512 militia.

226 3551 382 3613 XXXIX.
423 3550 519 3612 Petet
538 3569 581 3612 ex
601 3551 750 3613 omnibns
770 3551 935 3634 praefetIs,
956 3506 1042 3635 qnod
1062 3559 1172 3619 nostre
1192 3557 1305 3620 militie

144 3663 196 3718 est
218 3657 324 3737 megla
345 3652 508 3717 meritoria
532 3651 621 3714 vitee
643 3659 815 3737 aeternae,
850 3673 947 3737 quem
974 3659 1074 3720 vitem
1103 3659 1158 3722 elii
1187 3661 1305 3726 milites

144 3775 208 3825 nou
230 3758 333 3822 solum
356 3775 419 3819 non
448 3761 625 3838 merentur,
659 3757 720 3820 sed
747 3757 964 3844 demerentur,
990 3779 1064 3825 cum
1095 3767 1307 3830 communiter

143 3862 251 3927 vitiosi
273 3870 367 3925 actus
389 3859 429 3922 ad
450 3877 522 3922 eam
544 3861 754 3944 requirantur.
869 3887 874 3894 ’

225 3965 293 4047 xe
308 3973 342 4028 et
362 3963 483 4028 memo.
526 3964 642 4027 MilitIe
672 3975 782 4030 nostre
814 3969 1099 4053 hierosolymitana
1131 3981 1183 4036 est
1221 3973 1304 4036 felix

142 4068 267 4138 nttttta.
307 4065 406 4130 Mlles
423 4067 508 4130 enirn
530 4071 639 4158 aenetl
658 4071 820 4154 sepulchri
832 4071 865 4134 in
882 4073 1142 4156 peregrlnetione
1158 4080 1305 4140 existens

143 4171 222 4238 felix
241 4171 386 4255 profecto
408 4179 475 4255 est,
497 4172 592 4256 quie,
618 4174 648 4237 si
666 4175 700 4236 in
721 4177 776 4240 vie
796 4177 945 4258 moritur,
967 4178 1076 4239 stetim
1098 4180 1223 4262 evolet,
1244 4190 1306 4242 nec

142 4274 359 4360 purgatorium
379 4276 520 4346 intrabit.
562 4277 649 4341 Vide
667 4277 708 4340 de
729 4279 791 4343 hoo
809 4287 959 4344 sanmum
969 4279 1122 4344 'Ihomarn
1140 4279 1176 4342 iu
1187 4279 1250 4357 Qu.
1261 4278 1304 4342 V.

142 4375 204 4456 Ωιι
227 4378 298 4442 VII.
320 4377 352 4441 7.
374 4397 418 4444 ar.
440 4381 471 4444 2.
525 4381 678 4464 Insuper,
700 4383 785 4446 slent
812 4383 892 4444 felix
913 4390 981 4462 est,
1012 4385 1068 4465 qui
1103 4385 1136 4444 in
1163 4397 1306 4464 superne

143 4479 278 4545 coelesti
288 4481 472 4546 Jerusalem
482 4481 586 4545 Ilenm
608 4483 852 4564 contempletur,
874 4484 924 4545 sic
944 4499 1005 4546 suo
1024 4482 1120 4545 modo
1142 4483 1222 4570 felis
1242 4491 1305 4565 est,
