2896 4872
656 259 835 358 Μ’.

6 483 13 508 .
107 461 277 517 veutcmm
310 455 450 538 impetos
494 464 527 519 et
558 455 642 518 alias
684 453 833 519 horridas
865 455 951 520 raris
979 456 1211 540 impressiones
1242 471 1276 526 et

7 614 11 628 .
108 562 332 643 corruptiones
370 561 479 624 tribuit
513 559 750 624 inobedientiae
781 561 915 642 malum,
953 562 1029 626 binc
1058 564 1274 650 pestilentiae,

6 725 8 738 ,
108 666 230 750 fames,
261 665 465 728 infirmitates
504 673 538 728 et
563 663 745 728 indicibiles
771 667 937 750 miseriae3
969 670 1105 751 insuper
1124 669 1275 752 ferarum,

27 803 30 806 ·
106 781 294 854 serpentum
336 771 509 852 aviumque
535 770 666 833 eculeos
698 779 795 854 atque
827 771 944 834 rabiem
984 773 1137 858 milleque
1168 795 1274 840 rerum

106 877 252 960 pericula
272 875 388 944 attulit.
430 873 527 938 Unde
548 875 688 956 suspiria
708 872 961 961 lachrimaeque,
988 887 1102 942 noctes
1121 881 1276 963 querulo-

55 1009 59 1016 ·
107 1000 169 1044 see
196 991 229 1044 et
259 980 330 1043 dies
352 980 547 1063 laboriosae,
584 979 683 1042 horse
698 978 891 1062 taediosae,
924 991 957 1046 et
989 993 1108 1048 cuncta
1132 985 1274 1050 bominis

7 1113 8 1120 ¹
107 1095 254 1168 tempora
280 1086 378 1148 auxio
404 1087 518 1148 timore
546 1093 622 1146 suut
641 1089 799 1169 resperso.
842 1086 936 1179 llaec
957 1095 990 1150 et
1007 1089 1127 1152 similia
1156 1089 1192 1152 in
1212 1090 1275 1154 boc

106 1209 188 1274 egro
211 1191 378 1253 materiam
401 1190 565 1272 copiosam
587 1189 772 1270 ministrant
791 1190 1039 1273 contemplandi.

192 1295 295 1377 igitur
329 1294 599 1376 contemplatione
627 1293 720 1355 finies
757 1295 918 1357 curiosius
953 1296 1060 1363 locum
1088 1306 1122 1360 et
1153 1303 1273 1361 terram

6 1425 7 1432 ¹
106 1401 342 1486 perspeximus.
384 1399 446 1460 illst
466 1399 551 1460 enim
573 1404 659 1460 terra
690 1398 839 1480 superius
860 1402 944 1462 setis
971 1419 1089 1484 fflossc
1109 1412 1141 1466 et
1167 1403 1272 1487 lusce,

10 1550 13 1567 .
106 1506 170 1570 sed
192 1503 341 1568 iudien‘do
364 1510 496 1585 apparet
522 1503 633 1586 rubro,
664 1503 834 1585 argillosa,
867 1504 1034 1590 flexibilis,
1057 1506 1099 1569 de
1119 1525 1184 1590 qua
1205 1509 1270 1589 lig-

58 1612 62 1616 ’
106 1612 217 1675 menta
243 1611 363 1692 optime
393 1607 464 1670 fieri
493 1615 640 1688 possunt.
688 1607 740 1669 De
771 1608 835 1670 hae
862 1627 940 1692 ergo
976 1619 1064 1675 terra
1096 1613 1270 1676 sumsimus

105 1717 219 1786 limum
240 1722 272 1775 et
293 1711 420 1795 lapillos
441 1731 499 1804 pro
521 1713 674 1794 reliquiis.
696 1712 820 1776 Dicitur
831 1725 948 1801 autem,
961 1717 1057 1802 quod,
1075 1719 1271 1801 quicumque

106 1821 152 1885 de
172 1821 226 1882 ille
248 1827 332 1880 terra
353 1829 463 1880 secum
486 1817 606 1900 aliquid
627 1818 734 1902 hebet,
754 1822 918 1900 pervium
942 1821 1047 1884 eundo
1061 1841 1127 1883 nun
1148 1821 1270 1903 fatiga-

103 1933 179 2005 tur;
201 1925 232 1984 si
251 1923 376 1985 bestiae
394 1921 528 2010 insidet,
559 1923 631 2004 ipsa
649 1941 713 1984 non
736 1923 887 2008 offerrdlt,
915 1944 977 1988 nec
1005 1925 1108 2007 crdit3
1138 1928 1268 1989 sivero

101 2031 202 2094 homo
222 2024 278 2089 vel
307 2024 412 2116 bestia
432 2026 532 2108 cadit,
560 2045 626 2089 nou
646 2021 785 2089 laeditur
813 2044 894 2092 casu
931 2030 991 2093 sed
1021 2031 1191 2094 incolumis
1213 2049 1268 2091 re-

6 2117 7 2120 *
105 2137 223 2216 surgit
268 2117 322 2196 lin
369 2138 475 2192 nutem
518 2130 582 2193 boe
609 2149 720 2192 verum
751 2134 814 2213 sit,
846 2136 960 2215 probet
998 2137 1054 2220 qui
1083 2134 1171 2216 vult,
1206 2152 1269 2216 ego

104 2237 236 2302 oculum
269 2255 333 2299 non
354 2235 451 2298 babui
473 2231 514 2295 ad
544 2234 811 2299 considerandum
843 2237 921 2322 boe,
958 2239 1016 2303 sed
1047 2257 1110 2304 nec
1134 2239 1266 2322 fatigem

102 2359 298 2406 necessum
319 2355 438 2424 passus
458 2356 540 2401 sum.

145 2558 206 2633 De
231 2556 375 2659 spineto
399 2557 479 2632 sive
505 2557 701 2633 condensis
728 2559 905 2655 arbustiS,
923 2561 961 2636 in
986 2562 1114 2661 quibus
1135 2560 1233 2637 Abel

374 2674 518 2751 eccisus
543 2687 601 2752 est
625 2679 780 2754 siratre
804 2687 871 2761 'suu
895 2681 1000 2761 cain.

193 2861 439 2943 consequenter
459 2863 677 2942 processimus
693 2862 726 2924 iu
748 2863 820 2946 ipso
840 2881 920 2946 agro
934 2870 1026 2925 extre
1041 2869 1157 2926 terram
1176 2861 1270 2925 labo·

104 2974 209 3033 rutam
232 2974 337 3028 aratro
361 2974 392 3056 et
413 2965 446 3026 in
468 2963 633 3029 condense
653 2968 784 3029 arbusta
805 2976 838 3030 et
859 2971 992 3048 spinosa
1011 2967 1154 3049 virgulta
1174 2967 1270 3029 veni·

107 3087 203 3150 mus,
223 3071 257 3130 in
281 3070 396 3152 quibus
418 3069 509 3132 locus
529 3069 723 3153 ostenditur,
743 3070 798 3132 ubi
821 3069 904 3131 Gelu
925 3071 1127 3134 consurrexit
1149 3069 1269 3131 adver·

6 3237 8 3260 ,
104 3192 168 3238 sus
189 3175 318 3264 fratrem
345 3191 439 3237 sunm
462 3174 547 3235 Abel
569 3193 707 3257 eumque
732 3173 910 3255 interfecit,
933 3182 970 3236 ut
989 3175 1125 3237 babetur
1146 3170 1268 3236 Genea

6 3265 7 3354 J
104 3275 167 3341 lV.
189 3279 225 3338 ln
246 3277 300 3341 illo
322 3279 393 3340 loco
414 3277 609 3359 procidimus
631 3287 664 3340 et
686 3287 802 3342 terram
825 3277 1005 3342 deosculati
1025 3296 1155 3362 sumus,
1185 3294 1270 3361 qnae

104 3382 232 3464 speruit
263 3399 301 3444 os
328 3400 422 3444 suum
459 3389 491 3444 et
521 3385 666 3466 suscepit
697 3392 844 3446 sanctum
876 3385 1066 3466 sauguinem
1103 3383 1145 3446 de
1173 3401 1268 3446 manu

102 3485 301 3549 fratricidae.
344 3485 501 3548 Sanctum
536 3489 619 3549 euim
650 3496 682 3550 et
709 3487 833 3570 justum
862 3488 947 3550 Abel
978 3489 1082 3552 inisse
1114 3497 1203 3572 patet
1233 3489 1267 3551 iu

102 3591 209 3654 veteri
228 3583 435 3666 Testemeuto
458 3589 580 3654 (leues.
602 3592 661 3655 1v.
686 3593 772 3654 etin
793 3593 1094 3656 nove'lestameuto
1110 3593 1267 3657 Matthaei

99 3695 226 3764 xxm.
279 3694 565 3778 Compatiebemur
596 3697 630 3760 in
662 3696 734 3760 ioco
761 3698 824 3761 hoc
859 3716 924 3760 nou
956 3699 1059 3762 solum
1094 3697 1267 3762 interiecto

100 3797 188 3862 Abel
195 3844 206 3883 ,
239 3799 300 3864 sed
328 3807 363 3862 et
383 3791 641 3864 veneraddreae
663 3799 791 3865 devotis
822 3802 975 3886 senibus,
1006 3803 1101 3866 Adae
1122 3810 1154 3864 et
1174 3803 1266 3863 ltlvee

100 3902 235 3965 fratmm
258 3905 456 3986 parentibus,
470 3907 526 3987 qni
543 3920 659 3967 casum
680 3904 847 3971 audientes
868 3908 911 3971 ad
931 3909 1035 3972 locum
1051 3911 1266 3970 sccumemnt.

101 4007 132 4070 0
155 4025 238 4091 quas
263 4017 390 4072 mentes
414 4009 463 4072 eis
494 4009 600 4072 fnisse
627 4011 776 4094 suspicor
813 4013 1037 4088 cernentibus,
1068 4029 1111 4074 cx
1141 4006 1268 4070 duobus

99 4109 179 4174 filiis
213 4112 349 4176 alterum
381 4113 514 4178 alterius
546 4115 691 4197 nequitie
720 4123 912 4198 mactatum,
945 4114 1087 4179 codever
1107 4109 1266 4194 exanime,

98 4217 265 4281 immobile
296 4224 414 4300 cerpus
453 4218 563 4303 tabido
612 4231 796 4301 respersum
828 4239 942 4285 cruore
980 4227 1014 4280 et
1051 4210 1266 4279 insensibile'i

99 4319 377 4405 cucurrerimus,
399 4342 481 4408 quos
503 4324 647 4405 dolores,
669 4325 917 4407 qnosborrores
938 4330 971 4385 et
993 4321 1153 4404 pavores!
1177 4317 1265 4400 prius
